[
    {
        "date": "2024-11-02",
        "symbol": "AVGO",
        "period": "Q4",
        "revenuefromcontractwithcustomerexcludingassessedtax": -9031000000,
        "costofproductssold": 2774000000,
        "costofsubscriptionsandservices": 625000000,
        "amortizationofacquisitionrelatedintangibleassetscostofproductssold": 1602000000,
        "restructuringchargescostofproductssold": 51000000,
        "costofrevenue": 5052000000,
        "grossprofit": 9002000000,
        "researchanddevelopmentexpense": 2234000000,
        "sellinggeneralandadministrativeexpense": 1010000000,
        "amortizationofacquisitionrelatedintangibleassetsoperatingexpenses": 813000000,
        "restructuringsettlementandimpairmentprovisions": 318000000,
        "operatingexpenses": 4375000000,
        "operatingincomeloss": 4627000000,
        "interestexpense": 916000000,
        "othernonoperatingincomeexpense": 52000000,
        "incomelossfromcontinuingoperationsbeforeincometaxesextraordinaryitemsnoncontrollinginterest": 3763000000,
        "incometaxexpensebenefit": -442000000,
        "incomelossfromcontinuingoperationsincludingportionattributabletononcontrollinginterest": 4205000000,
        "profitloss": 4324000000,
        "earningspersharebasic": -5.85,
        "earningspersharediluted": -5.66,
        "weightedaveragenumberofsharesoutstandingbasic": 4624000000,
        "weightedaveragenumberofdilutedsharesoutstanding": 4778000000,
        "comprehensiveincomenetoftaxincludingportionattributabletononcontrollinginterest": 4323000000
    },
    {
        "date": "2024-08-03",
        "symbol": "AVGO",
        "period": "Q3",
        "revenuefromcontractwithcustomerexcludingassessedtax": 13072000000,
        "costofproductssold": 2434000000,
        "costofsubscriptionsandservices": 699000000,
        "amortizationofacquisitionrelatedintangibleassetscostofproductssold": 1525000000,
        "restructuringchargescostofproductssold": 58000000,
        "costofrevenue": 4716000000,
        "grossprofit": 8356000000,
        "researchanddevelopmentexpense": 2353000000,
        "sellinggeneralandadministrativeexpense": 1100000000,
        "amortizationofacquisitionrelatedintangibleassetsoperatingexpenses": 812000000,
        "restructuringsettlementandimpairmentprovisions": 303000000,
        "operatingexpenses": 4568000000,
        "operatingincomeloss": 3788000000,
        "interestexpense": 1064000000,
        "othernonoperatingincomeexpense": 82000000,
        "incomelossfromcontinuingoperationsbeforeincometaxesextraordinaryitemsnoncontrollinginterest": 2806000000,
        "incometaxexpensebenefit": 4238000000,
        "incomelossfromcontinuingoperationsincludingportionattributabletononcontrollinginterest": -1432000000,
        "incomelossfromdiscontinuedoperationsnetoftax": -443000000,
        "profitloss": -1875000000,
        "incomelossfromcontinuingoperationsperbasicshare": -0.31,
        "incomelossfromdiscontinuedoperationsnetoftaxperbasicshare": -0.09,
        "earningspersharebasic": -0.4,
        "incomelossfromcontinuingoperationsperdilutedshare": -0.31,
        "incomelossfromdiscontinuedoperationsnetoftaxperdilutedshare": -0.09,
        "earningspersharediluted": -0.4,
        "weightedaveragenumberofsharesoutstandingbasic": 4663000000,
        "weightedaveragenumberofdilutedsharesoutstanding": 4663000000,
        "othercomprehensiveincomelossreclassificationadjustmentfromaocipensionandotherpostretirementbenefitplansnetoftax": 1000000,
        "othercomprehensiveincomelossnetoftax": 1000000,
        "comprehensiveincomenetoftaxincludingportionattributabletononcontrollinginterest": -1874000000
    },
    {
        "date": "2024-05-04",
        "symbol": "AVGO",
        "period": "Q2",
        "revenuefromcontractwithcustomerexcludingassessedtax": 7192000000,
        "costofproductssold": 2429000000,
        "costofsubscriptionsandservices": 713000000,
        "amortizationofacquisitionrelatedintangibleassetscostofproductssold": 1516000000,
        "restructuringchargescostofproductssold": 53000000,
        "costofrevenue": 4711000000,
        "grossprofit": 7776000000,
        "researchanddevelopmentexpense": 2415000000,
        "sellinggeneralandadministrativeexpense": 1277000000,
        "amortizationofacquisitionrelatedintangibleassetsoperatingexpenses": 827000000,
        "restructuringsettlementandimpairmentprovisions": 292000000,
        "operatingexpenses": 4811000000,
        "operatingincomeloss": 2965000000,
        "interestexpense": 1047000000,
        "othernonoperatingincomeexpense": 87000000,
        "incomelossfromcontinuingoperationsbeforeincometaxesextraordinaryitemsnoncontrollinginterest": 2005000000,
        "incometaxexpensebenefit": -116000000,
        "incomelossfromcontinuingoperationsincludingportionattributabletononcontrollinginterest": 2121000000,
        "incomelossfromdiscontinuedoperationsnetoftax": 0,
        "profitloss": 2121000000,
        "incomelossfromcontinuingoperationsperbasicshare": 4.59,
        "incomelossfromdiscontinuedoperationsnetoftaxperbasicshare": 0,
        "earningspersharebasic": 4.59,
        "incomelossfromcontinuingoperationsperdilutedshare": 4.449999999999999,
        "incomelossfromdiscontinuedoperationsnetoftaxperdilutedshare": 0,
        "earningspersharediluted": 4.45,
        "weightedaveragenumberofsharesoutstandingbasic": 458000000,
        "weightedaveragenumberofdilutedsharesoutstanding": 473000000,
        "comprehensiveincomenetoftaxincludingportionattributabletononcontrollinginterest": 2121000000
    },
    {
        "date": "2024-02-03",
        "symbol": "AVGO",
        "period": "Q1",
        "revenuefromcontractwithcustomerexcludingassessedtax": 7412000000,
        "costofproductssold": 2160000000,
        "costofsubscriptionsandservices": 954000000,
        "amortizationofacquisitionrelatedintangibleassetscostofproductssold": 1380000000,
        "restructuringchargescostofproductssold": 92000000,
        "costofrevenue": 4586000000,
        "grossprofit": 7375000000,
        "researchanddevelopmentexpense": 2308000000,
        "sellinggeneralandadministrativeexpense": 1572000000,
        "amortizationofacquisitionrelatedintangibleassetsoperatingexpenses": 792000000,
        "restructuringsettlementandimpairmentprovisions": 620000000,
        "operatingexpenses": 5292000000,
        "operatingincomeloss": 2083000000,
        "interestexpense": 926000000,
        "othernonoperatingincomeexpense": 185000000,
        "incomelossfromcontinuingoperationsbeforeincometaxesextraordinaryitemsnoncontrollinginterest": 1342000000,
        "incometaxexpensebenefit": 68000000,
        "incomelossfromcontinuingoperationsincludingportionattributabletononcontrollinginterest": 1274000000,
        "incomelossfromdiscontinuedoperationsnetoftax": 51000000,
        "profitloss": 1325000000,
        "incomelossfromcontinuingoperationsperbasicshare": 2.82,
        "incomelossfromdiscontinuedoperationsnetoftaxperbasicshare": 0.11,
        "earningspersharebasic": 2.93,
        "incomelossfromcontinuingoperationsperdilutedshare": 2.73,
        "incomelossfromdiscontinuedoperationsnetoftaxperdilutedshare": 0.11,
        "earningspersharediluted": 2.84,
        "weightedaveragenumberofsharesoutstandingbasic": 452000000,
        "weightedaveragenumberofdilutedsharesoutstanding": 467000000,
        "comprehensiveincomenetoftaxincludingportionattributabletononcontrollinginterest": 1325000000
    },
    {
        "date": "2023-10-28",
        "symbol": "AVGO",
        "period": "Q4",
        "revenuefromcontractwithcustomerexcludingassessedtax": 7151000000,
        "costofproductssold": 2285000000,
        "costofsubscriptionsandservices": 164000000,
        "amortizationofacquisitionrelatedintangibleassetscostofproductssold": 438000000,
        "costofrevenue": 2888000000,
        "grossprofit": 6407000000,
        "researchanddevelopmentexpense": 1388000000,
        "sellinggeneralandadministrativeexpense": 418000000,
        "amortizationofacquisitionrelatedintangibleassetsoperatingexpenses": 348000000,
        "restructuringsettlementandimpairmentprovisions": 13000000,
        "operatingexpenses": 2167000000,
        "operatingincomeloss": 4240000000,
        "interestexpense": 405000000,
        "othernonoperatingincomeexpense": 132000000,
        "incomelossfromcontinuingoperationsbeforeincometaxesextraordinaryitemsnoncontrollinginterest": 3967000000,
        "incometaxexpensebenefit": 443000000,
        "profitloss": 3524000000,
        "netincomelossavailabletocommonstockholdersbasic": 3524000000,
        "earningspersharebasic": 8.530000000000003,
        "earningspersharediluted": 8.289999999999996,
        "weightedaveragenumberofsharesoutstandingbasic": 415000000,
        "weightedaveragenumberofdilutedsharesoutstanding": 427000000,
        "othercomprehensiveincomelosscashflowhedgegainlossbeforereclassificationaftertax": 190000000,
        "othercomprehensiveincomelossnetoftax": 161000000,
        "comprehensiveincomenetoftaxincludingportionattributabletononcontrollinginterest": 3685000000
    },
    {
        "date": "2023-07-29",
        "symbol": "AVGO",
        "period": "Q3",
        "revenuefromcontractwithcustomerexcludingassessedtax": 6917000000,
        "costofproductssold": 2107000000,
        "costofsubscriptionsandservices": 165000000,
        "amortizationofacquisitionrelatedintangibleassetscostofproductssold": 439000000,
        "restructuringchargescostofproductssold": 1000000,
        "costofrevenue": 2712000000,
        "grossprofit": 6164000000,
        "researchanddevelopmentexpense": 1358000000,
        "sellinggeneralandadministrativeexpense": 388000000,
        "amortizationofacquisitionrelatedintangibleassetsoperatingexpenses": 350000000,
        "restructuringsettlementandimpairmentprovisions": 212000000,
        "operatingexpenses": 2308000000,
        "operatingincomeloss": 3856000000,
        "interestexpense": 406000000,
        "othernonoperatingincomeexpense": 124000000,
        "incomelossfromcontinuingoperationsbeforeincometaxesextraordinaryitemsnoncontrollinginterest": 3574000000,
        "incometaxexpensebenefit": 271000000,
        "profitloss": 3303000000,
        "netincomelossavailabletocommonstockholdersbasic": 3303000000,
        "earningspersharebasic": 8,
        "earningspersharediluted": 7.74,
        "weightedaveragenumberofsharesoutstandingbasic": 413000000,
        "weightedaveragenumberofdilutedsharesoutstanding": 427000000,
        "othercomprehensiveincomelosscashflowhedgegainlossbeforereclassificationaftertax": 228000000,
        "othercomprehensiveincomelossnetoftax": 228000000,
        "comprehensiveincomenetoftaxincludingportionattributabletononcontrollinginterest": 3531000000
    },
    {
        "date": "2023-04-29",
        "symbol": "AVGO",
        "period": "Q2",
        "revenuefromcontractwithcustomerexcludingassessedtax": 6741000000,
        "costofproductssold": 2019000000,
        "costofsubscriptionsandservices": 158000000,
        "amortizationofacquisitionrelatedintangibleassetscostofproductssold": 441000000,
        "restructuringchargescostofproductssold": 0,
        "costofrevenue": 2618000000,
        "grossprofit": 6115000000,
        "researchanddevelopmentexpense": 1312000000,
        "sellinggeneralandadministrativeexpense": 438000000,
        "amortizationofacquisitionrelatedintangibleassetsoperatingexpenses": 348000000,
        "restructuringsettlementandimpairmentprovisions": 9000000,
        "operatingexpenses": 2107000000,
        "operatingincomeloss": 4008000000,
        "interestexpense": 405000000,
        "othernonoperatingincomeexpense": 113000000,
        "incomelossfromcontinuingoperationsbeforeincometaxesextraordinaryitemsnoncontrollinginterest": 3716000000,
        "incometaxexpensebenefit": 235000000,
        "profitloss": 3481000000,
        "netincomelossavailabletocommonstockholdersbasic": 3481000000,
        "earningspersharebasic": 8.37,
        "earningspersharediluted": 8.149999999999999,
        "weightedaveragenumberofsharesoutstandingbasic": -1000000,
        "weightedaveragenumberofdilutedsharesoutstanding": -1000000,
        "othercomprehensiveincomelosscashflowhedgegainlossbeforereclassificationaftertax": -2000000,
        "othercomprehensiveincomelossnetoftax": -2000000,
        "comprehensiveincomenetoftaxincludingportionattributabletononcontrollinginterest": 3479000000
    },
    {
        "date": "2023-01-28",
        "symbol": "AVGO",
        "period": "Q1",
        "revenuefromcontractwithcustomerexcludingassessedtax": 7082000000,
        "costofproductssold": 2225000000,
        "costofsubscriptionsandservices": 149000000,
        "amortizationofacquisitionrelatedintangibleassetscostofproductssold": 535000000,
        "restructuringchargescostofproductssold": 2000000,
        "costofrevenue": 2911000000,
        "grossprofit": 6004000000,
        "researchanddevelopmentexpense": 1195000000,
        "sellinggeneralandadministrativeexpense": 348000000,
        "amortizationofacquisitionrelatedintangibleassetsoperatingexpenses": 348000000,
        "restructuringsettlementandimpairmentprovisions": 10000000,
        "operatingexpenses": 1901000000,
        "operatingincomeloss": 4103000000,
        "interestexpense": 406000000,
        "othernonoperatingincomeexpense": 143000000,
        "incomelossfromcontinuingoperationsbeforeincometaxesextraordinaryitemsnoncontrollinginterest": 3840000000,
        "incometaxexpensebenefit": 66000000,
        "profitloss": 3774000000,
        "netincomelossavailabletocommonstockholdersbasic": 3774000000,
        "earningspersharebasic": 9.03,
        "earningspersharediluted": 8.8,
        "weightedaveragenumberofsharesoutstandingbasic": 418000000,
        "weightedaveragenumberofdilutedsharesoutstanding": 429000000,
        "othercomprehensiveincomelosscashflowhedgegainlossbeforereclassificationaftertax": -126000000,
        "othercomprehensiveincomelossnetoftax": -126000000,
        "comprehensiveincomenetoftaxincludingportionattributabletononcontrollinginterest": 3648000000
    },
    {
        "date": "2022-04-30",
        "symbol": "AVGO",
        "period": "Q2",
        "revenuefromcontractwithcustomerexcludingassessedtax": 6417000000,
        "costofproductssold": 1798000000,
        "costofsubscriptionsandservices": 158000000,
        "amortizationofacquisitionrelatedintangibleassetscostofproductssold": 707000000,
        "restructuringchargescostofproductssold": 1000000,
        "costofrevenue": 2664000000,
        "grossprofit": 5439000000,
        "researchanddevelopmentexpense": 1261000000,
        "sellinggeneralandadministrativeexpense": 368000000,
        "amortizationofacquisitionrelatedintangibleassetsoperatingexpenses": 398000000,
        "restructuringsettlementandimpairmentprovisions": 18000000,
        "operatingexpenses": 2045000000,
        "operatingincomeloss": 3394000000,
        "interestexpense": 518000000,
        "othernonoperatingincomeexpense": -86000000,
        "incomelossfromcontinuingoperationsbeforeincometaxesextraordinaryitemsnoncontrollinginterest": 2790000000,
        "incometaxexpensebenefit": 200000000,
        "profitloss": 2590000000,
        "preferredstockdividendsincomestatementimpact": 75000000,
        "netincomelossavailabletocommonstockholdersbasic": 2515000000,
        "earningspersharebasic": 6.16,
        "earningspersharediluted": 5.9399999999999995,
        "weightedaveragenumberofsharesoutstandingbasic": -2000000,
        "weightedaveragenumberofdilutedsharesoutstanding": -3000000,
        "othercomprehensiveincomelossreclassificationadjustmentfromaocipensionandotherpostretirementbenefitplansnetoftax": 0,
        "othercomprehensiveincomelossnetoftax": 0,
        "comprehensiveincomenetoftaxincludingportionattributabletononcontrollinginterest": 2590000000
    },
    {
        "date": "2022-01-29",
        "symbol": "AVGO",
        "period": "Q1",
        "revenuefromcontractwithcustomerexcludingassessedtax": 6053000000,
        "costofproductssold": 1769000000,
        "costofsubscriptionsandservices": 156000000,
        "amortizationofacquisitionrelatedintangibleassetscostofproductssold": 730000000,
        "restructuringchargescostofproductssold": 2000000,
        "costofrevenue": 2657000000,
        "grossprofit": 5049000000,
        "researchanddevelopmentexpense": 1206000000,
        "sellinggeneralandadministrativeexpense": 321000000,
        "amortizationofacquisitionrelatedintangibleassetsoperatingexpenses": 397000000,
        "restructuringsettlementandimpairmentprovisions": 17000000,
        "operatingexpenses": 1941000000,
        "operatingincomeloss": 3108000000,
        "interestexpense": 407000000,
        "othernonoperatingincomeexpense": -14000000,
        "incomelossfromcontinuingoperationsbeforeincometaxesextraordinaryitemsnoncontrollinginterest": 2687000000,
        "incometaxexpensebenefit": 215000000,
        "profitloss": 2472000000,
        "preferredstockdividendsincomestatementimpact": 74000000,
        "netincomelossavailabletocommonstockholdersbasic": 2398000000,
        "earningspersharebasic": 5.82,
        "earningspersharediluted": 5.59,
        "weightedaveragenumberofsharesoutstandingbasic": 412000000,
        "weightedaveragenumberofdilutedsharesoutstanding": 429000000,
        "othercomprehensiveincomelossreclassificationadjustmentfromaocipensionandotherpostretirementbenefitplansnetoftax": 1000000,
        "othercomprehensiveincomelossnetoftax": 1000000,
        "comprehensiveincomenetoftaxincludingportionattributabletononcontrollinginterest": 2473000000
    },
    {
        "date": "2021-07-31",
        "symbol": "AVGO",
        "period": "Q3",
        "revenuefromcontractwithcustomerexcludingassessedtax": 8398000000,
        "costofproductssold": 1572000000,
        "costofsubscriptionsandservices": 157000000,
        "amortizationofacquisitionrelatedintangibleassetscostofproductssold": 851000000,
        "restructuringchargescostofproductssold": 1000000,
        "costofrevenue": 2581000000,
        "grossprofit": 4197000000,
        "researchanddevelopmentexpense": 1205000000,
        "sellinggeneralandadministrativeexpense": 346000000,
        "amortizationofacquisitionrelatedintangibleassetsoperatingexpenses": 494000000,
        "restructuringsettlementandimpairmentprovisions": 26000000,
        "operatingexpenses": 2071000000,
        "operatingincomeloss": 5906000000,
        "interestexpense": 415000000,
        "othernonoperatingincomeexpense": 15000000,
        "incomelossfromcontinuingoperationsbeforeincometaxesextraordinaryitemsnoncontrollinginterest": 1726000000,
        "incometaxexpensebenefit": -150000000,
        "incomelossfromcontinuingoperationsincludingportionattributabletononcontrollinginterest": 1876000000,
        "profitloss": 1876000000,
        "preferredstockdividendsincomestatementimpact": 74000000,
        "netincomelossavailabletocommonstockholdersbasic": 1802000000,
        "incomelossfromcontinuingoperationsperbasicshare": 4.4,
        "earningspersharebasic": 4.4,
        "incomelossfromcontinuingoperationsperdilutedshare": 4.1899999999999995,
        "earningspersharediluted": 4.1899999999999995,
        "weightedaveragenumberofsharesoutstandingbasic": -407000000,
        "weightedaveragenumberofdilutedsharesoutstanding": -428000000,
        "othercomprehensiveincomelossreclassificationadjustmentfromaocipensionandotherpostretirementbenefitplansnetoftax": 0,
        "othercomprehensiveincomelossnetoftax": 0,
        "comprehensiveincomenetoftaxincludingportionattributabletononcontrollinginterest": 1876000000
    },
    {
        "date": "2021-05-01",
        "symbol": "AVGO",
        "period": "Q2",
        "revenuefromcontractwithcustomerexcludingassessedtax": 4983000000,
        "costofproductssold": 1548000000,
        "costofsubscriptionsandservices": 151000000,
        "amortizationofacquisitionrelatedintangibleassetscostofproductssold": 853000000,
        "restructuringchargescostofproductssold": 1000000,
        "costofrevenue": 2553000000,
        "grossprofit": 4057000000,
        "researchanddevelopmentexpense": 1238000000,
        "sellinggeneralandadministrativeexpense": 325000000,
        "amortizationofacquisitionrelatedintangibleassetsoperatingexpenses": 494000000,
        "restructuringsettlementandimpairmentprovisions": 25000000,
        "operatingexpenses": 2082000000,
        "operatingincomeloss": 1975000000,
        "interestexpense": 466000000,
        "othernonoperatingincomeexpense": -23000000,
        "incomelossfromcontinuingoperationsbeforeincometaxesextraordinaryitemsnoncontrollinginterest": 1486000000,
        "incometaxexpensebenefit": -7000000,
        "incomelossfromcontinuingoperationsincludingportionattributabletononcontrollinginterest": 1493000000,
        "profitloss": 1493000000,
        "preferredstockdividendsincomestatementimpact": 76000000,
        "netincomelossavailabletocommonstockholdersbasic": 1417000000,
        "incomelossfromcontinuingoperationsperbasicshare": 3.46,
        "earningspersharebasic": 3.46,
        "incomelossfromcontinuingoperationsperdilutedshare": 3.3,
        "earningspersharediluted": 3.3,
        "weightedaveragenumberofsharesoutstandingbasic": 409000000,
        "weightedaveragenumberofdilutedsharesoutstanding": 429000000,
        "othercomprehensiveincomelossreclassificationadjustmentfromaocipensionandotherpostretirementbenefitplansnetoftax": 1000000,
        "othercomprehensiveincomelossnetoftax": 1000000,
        "comprehensiveincomenetoftaxincludingportionattributabletononcontrollinginterest": 1494000000
    },
    {
        "date": "2021-01-30",
        "symbol": "AVGO",
        "period": "Q1",
        "revenuefromcontractwithcustomerexcludingassessedtax": 5081000000,
        "costofproductssold": 1672000000,
        "costofsubscriptionsandservices": 142000000,
        "amortizationofacquisitionrelatedintangibleassetscostofproductssold": 874000000,
        "restructuringchargescostofproductssold": 15000000,
        "costofrevenue": 2703000000,
        "grossprofit": 3952000000,
        "researchanddevelopmentexpense": 1211000000,
        "sellinggeneralandadministrativeexpense": 339000000,
        "amortizationofacquisitionrelatedintangibleassetsoperatingexpenses": 494000000,
        "restructuringsettlementandimpairmentprovisions": 71000000,
        "operatingexpenses": 2115000000,
        "operatingincomeloss": 1837000000,
        "interestexpense": 570000000,
        "othernonoperatingincomeexpense": 117000000,
        "incomelossfromcontinuingoperationsbeforeincometaxesextraordinaryitemsnoncontrollinginterest": 1384000000,
        "incometaxexpensebenefit": 6000000,
        "incomelossfromcontinuingoperationsincludingportionattributabletononcontrollinginterest": 1378000000,
        "profitloss": 1378000000,
        "preferredstockdividendsincomestatementimpact": 74000000,
        "netincomelossavailabletocommonstockholdersbasic": 1304000000,
        "incomelossfromcontinuingoperationsperbasicshare": 3.2,
        "earningspersharebasic": 3.2,
        "incomelossfromcontinuingoperationsperdilutedshare": 3.05,
        "earningspersharediluted": 3.05,
        "weightedaveragenumberofsharesoutstandingbasic": 407000000,
        "weightedaveragenumberofdilutedsharesoutstanding": 428000000,
        "othercomprehensiveincomelossreclassificationadjustmentfromaocipensionandotherpostretirementbenefitplansnetoftax": 1000000,
        "othercomprehensiveincomelossnetoftax": 1000000,
        "comprehensiveincomenetoftaxincludingportionattributabletononcontrollinginterest": 1379000000
    },
    {
        "date": "2020-08-01",
        "symbol": "AVGO",
        "period": "Q3",
        "revenuefromcontractwithcustomerexcludingassessedtax": 4125000000,
        "costofproductssold": 1383000000,
        "costofsubscriptionsandservices": 154000000,
        "amortizationofacquisitionrelatedintangibleassetscostofproductssold": 953000000,
        "restructuringchargescostofproductssold": 15000000,
        "costofrevenue": 2505000000,
        "grossprofit": 3316000000,
        "researchanddevelopmentexpense": 1228000000,
        "sellinggeneralandadministrativeexpense": 428000000,
        "amortizationofacquisitionrelatedintangibleassetsoperatingexpenses": 600000000,
        "restructuringsettlementandimpairmentprovisions": 52000000,
        "operatingexpenses": 2308000000,
        "operatingincomeloss": 1008000000,
        "interestexpense": 464000000,
        "othernonoperatingincomeexpense": 49000000,
        "incomelossfromcontinuingoperationsbeforeincometaxesextraordinaryitemsnoncontrollinginterest": 593000000,
        "incometaxexpensebenefit": -96000000,
        "incomelossfromcontinuingoperationsincludingportionattributabletononcontrollinginterest": 689000000,
        "incomelossfromdiscontinuedoperationsnetoftax": -1000000,
        "profitloss": 688000000,
        "preferredstockdividendsincomestatementimpact": 74000000,
        "netincomelossavailabletocommonstockholdersbasic": 614000000,
        "incomelossfromcontinuingoperationsperbasicshare": 1.5299999999999998,
        "incomelossfromdiscontinuedoperationsnetoftaxperbasicshare": -0.01,
        "earningspersharebasic": 1.5199999999999998,
        "incomelossfromcontinuingoperationsperdilutedshare": 1.4600000000000004,
        "incomelossfromdiscontinuedoperationsnetoftaxperdilutedshare": -0.01,
        "earningspersharediluted": 1.45,
        "weightedaveragenumberofsharesoutstandingbasic": -398000000,
        "weightedaveragenumberofdilutedsharesoutstanding": -417000000,
        "comprehensiveincomenetoftaxincludingportionattributabletononcontrollinginterest": 688000000
    },
    {
        "date": "2020-05-02",
        "symbol": "AVGO",
        "period": "Q2",
        "revenuefromcontractwithcustomerexcludingassessedtax": 4253000000,
        "costofproductssold": 1448000000,
        "costofsubscriptionsandservices": 144000000,
        "amortizationofacquisitionrelatedintangibleassetscostofproductssold": 954000000,
        "restructuringchargescostofproductssold": 7000000,
        "costofrevenue": 2553000000,
        "grossprofit": 3189000000,
        "researchanddevelopmentexpense": 1269000000,
        "sellinggeneralandadministrativeexpense": 501000000,
        "amortizationofacquisitionrelatedintangibleassetsoperatingexpenses": 599000000,
        "restructuringsettlementandimpairmentprovisions": 54000000,
        "operatingexpenses": 2423000000,
        "operatingincomeloss": 766000000,
        "interestexpense": 487000000,
        "othernonoperatingincomeexpense": 130000000,
        "incomelossfromcontinuingoperationsbeforeincometaxesextraordinaryitemsnoncontrollinginterest": 409000000,
        "incometaxexpensebenefit": -159000000,
        "incomelossfromcontinuingoperationsincludingportionattributabletononcontrollinginterest": 568000000,
        "incomelossfromdiscontinuedoperationsnetoftax": -5000000,
        "profitloss": 563000000,
        "preferredstockdividendsincomestatementimpact": 75000000,
        "netincomelossavailabletocommonstockholdersbasic": 488000000,
        "incomelossfromcontinuingoperationsperbasicshare": 1.23,
        "incomelossfromdiscontinuedoperationsnetoftaxperbasicshare": -0.01,
        "earningspersharebasic": 1.22,
        "incomelossfromcontinuingoperationsperdilutedshare": 1.18,
        "incomelossfromdiscontinuedoperationsnetoftaxperdilutedshare": -0.01,
        "earningspersharediluted": 1.17,
        "weightedaveragenumberofsharesoutstandingbasic": 401000000,
        "weightedaveragenumberofdilutedsharesoutstanding": 417000000,
        "othercomprehensiveincomelossreclassificationadjustmentfromaocipensionandotherpostretirementbenefitplansnetoftax": 1000000,
        "othercomprehensiveincomelossnetoftax": 1000000,
        "comprehensiveincomenetoftaxincludingportionattributabletononcontrollinginterest": 564000000
    },
    {
        "date": "2020-02-01",
        "symbol": "AVGO",
        "period": "Q1",
        "revenuefromcontractwithcustomerexcludingassessedtax": 4204000000,
        "costofproductssold": 1459000000,
        "costofsubscriptionsandservices": 177000000,
        "amortizationofacquisitionrelatedintangibleassetscostofproductssold": 950000000,
        "restructuringchargescostofproductssold": 8000000,
        "costofrevenue": 2594000000,
        "grossprofit": 3264000000,
        "researchanddevelopmentexpense": 1289000000,
        "sellinggeneralandadministrativeexpense": 601000000,
        "amortizationofacquisitionrelatedintangibleassetsoperatingexpenses": 603000000,
        "restructuringsettlementandimpairmentprovisions": 57000000,
        "operatingexpenses": 2550000000,
        "operatingincomeloss": 714000000,
        "interestexpense": 406000000,
        "othernonoperatingincomeexpense": -4000000,
        "incomelossfromcontinuingoperationsbeforeincometaxesextraordinaryitemsnoncontrollinginterest": 304000000,
        "incometaxexpensebenefit": -76000000,
        "incomelossfromcontinuingoperationsincludingportionattributabletononcontrollinginterest": 380000000,
        "incomelossfromdiscontinuedoperationsnetoftax": 5000000,
        "profitloss": 385000000,
        "preferredstockdividendsincomestatementimpact": 74000000,
        "netincomelossavailabletocommonstockholdersbasic": 311000000,
        "comprehensiveincomenetoftaxincludingportionattributabletononcontrollinginterest": 385000000,
        "incomelossfromcontinuingoperationsperbasicshare": 0.77,
        "incomelossfromdiscontinuedoperationsnetoftaxperbasicshare": 0.01,
        "earningspersharebasic": 0.78,
        "incomelossfromcontinuingoperationsperdilutedshare": 0.73,
        "incomelossfromdiscontinuedoperationsnetoftaxperdilutedshare": 0.01,
        "earningspersharediluted": 0.74,
        "weightedaveragenumberofsharesoutstandingbasic": 398000000,
        "weightedaveragenumberofdilutedsharesoutstanding": 420000000
    },
    {
        "date": "2018-05-05",
        "symbol": "AVGO",
        "period": "Q2",
        "profitloss": 3718000000,
        "othercomprehensiveincomelossavailableforsalesecuritiesadjustmentnetoftax": -9000000,
        "othercomprehensiveincomelossreclassificationadjustmentfromaocipensionandotherpostretirementbenefitplansnetoftax": 1000000,
        "othercomprehensiveincomelossnetoftax": -8000000,
        "comprehensiveincomenetoftaxincludingportionattributabletononcontrollinginterest": -21412000000,
        "comprehensiveincomenetoftaxattributabletononcontrollinginterest": 15000000,
        "comprehensiveincomenetoftax": -21412000000,
        "salesrevenuenet": 1294000000,
        "costofproductssold": 35000000,
        "costofgoodssoldamortization": 765000000,
        "restructuringchargescostofproductssold": 2000000,
        "costofgoodssold": -37000000,
        "grossprofit": -529000000,
        "researchanddevelopmentexpense": 407000000,
        "sellinggeneralandadministrativeexpense": 72000000,
        "amortizationofintangibleassets": 67000000,
        "restructuringsettlementandimpairmentprovisions": 11000000,
        "operatingexpenses": -529000000,
        "operatingincomeloss": 522000000,
        "interestexpense": 148000000,
        "othernonoperatingincomeexpense": 28000000,
        "incomelossfromcontinuingoperationsbeforeincometaxesextraordinaryitemsnoncontrollinginterest": 359000000,
        "incometaxexpensebenefit": -2521000000,
        "incomelossfromcontinuingoperationsincludingportionattributabletononcontrollinginterest": 2880000000,
        "incomelossfromdiscontinuedoperationsnetoftax": -2000000,
        "netincomelossattributabletononcontrollinginterest": 15000000,
        "netincomeloss": -21412000000,
        "incomelossfromcontinuingoperationsperbasicshare": 8.84,
        "incomelossfromdiscontinuedoperationsnetoftaxperbasicshare": -0.01,
        "earningspersharebasic": 8.83,
        "incomelossfromcontinuingoperationsperdilutedshare": 8.34,
        "incomelossfromdiscontinuedoperationsnetoftaxperdilutedshare": -0.01,
        "earningspersharediluted": 8.33,
        "weightedaveragenumberofsharesoutstandingbasic": 421000000,
        "weightedaveragenumberofdilutedsharesoutstanding": 448000000,
        "commonstockdividendsdeclaredandpaidpershare": 1.75
    }
]