[
    {
        "date": "2024-09-29",
        "symbol": "PPG",
        "period": "Q3",
        "revenuefromcontractwithcustomerexcludingassessedtax": 4575000000,
        "costofgoodsandservicessold": 2663000000,
        "sellinggeneralandadministrativeexpense": 1062000000,
        "depreciation": 97000000,
        "amortizationofintangibleassets": 32000000,
        "researchanddevelopmentexpenseexcludingacquiredinprocesscost": 105000000,
        "interestexpense": 67000000,
        "investmentincomeinterest": 48000000,
        "definedbenefitplanrecognizednetgainlossduetosettlements1": -1000000,
        "otherincome": 14000000,
        "incomelossfromcontinuingoperationsbeforeincometaxesextraordinaryitemsnoncontrollinginterest": 611000000,
        "incometaxexpensebenefit": 137000000,
        "profitloss": 474000000,
        "netincomelossattributabletononcontrollinginterest": 6000000,
        "netincomeloss": 468000000,
        "earningspersharebasic": 2.01,
        "earningspersharediluted": 2,
        "othercomprehensiveincomelosspensionandotherpostretirementbenefitplansadjustmentnetoftax": 3000000,
        "othercomprehensiveincomelossforeigncurrencytransactionandtranslationadjustmentnetoftax": -113000000,
        "othercomprehensiveincomelossnetoftax": -116000000,
        "comprehensiveincomenetoftaxincludingportionattributabletononcontrollinginterest": 358000000,
        "othercomprehensiveincomeforeigncurrencytransactionandtranslationadjustmentnetoftaxportionattributabletononcontrollinginterest": 1000000,
        "comprehensiveincomenetoftax": 351000000
    },
    {
        "date": "2024-06-29",
        "symbol": "PPG",
        "period": "Q2",
        "revenuefromcontractwithcustomerexcludingassessedtax": 4794000000,
        "costofgoodsandservicessold": 2734000000,
        "sellinggeneralandadministrativeexpense": 1077000000,
        "depreciation": 98000000,
        "amortizationofintangibleassets": 36000000,
        "researchanddevelopmentexpenseexcludingacquiredinprocesscost": 111000000,
        "interestexpense": 62000000,
        "investmentincomeinterest": 45000000,
        "definedbenefitplanrecognizednetgainlossduetosettlements1": -8000000,
        "otherincome": -28000000,
        "incomelossfromcontinuingoperationsbeforeincometaxesextraordinaryitemsnoncontrollinginterest": 693000000,
        "incometaxexpensebenefit": 156000000,
        "profitloss": 537000000,
        "netincomelossattributabletononcontrollinginterest": 9000000,
        "netincomeloss": 528000000,
        "earningspersharebasic": 2.25,
        "earningspersharediluted": 2.24,
        "othercomprehensiveincomelosspensionandotherpostretirementbenefitplansadjustmentnetoftax": -20000000,
        "othercomprehensiveincomelossforeigncurrencytransactionandtranslationadjustmentnetoftax": -434000000,
        "othercomprehensiveincomelossnetoftax": -414000000,
        "comprehensiveincomenetoftaxincludingportionattributabletononcontrollinginterest": 123000000,
        "othercomprehensiveincomeforeigncurrencytransactionandtranslationadjustmentnetoftaxportionattributabletononcontrollinginterest": -2000000,
        "comprehensiveincomenetoftax": 116000000
    },
    {
        "date": "2024-03-30",
        "symbol": "PPG",
        "period": "Q1",
        "revenuefromcontractwithcustomerexcludingassessedtax": 4311000000,
        "costofgoodsandservicessold": 2445000000,
        "sellinggeneralandadministrativeexpense": 1064000000,
        "depreciation": 103000000,
        "amortizationofintangibleassets": 38000000,
        "researchanddevelopmentexpenseexcludingacquiredinprocesscost": 109000000,
        "interestexpense": 55000000,
        "investmentincomeinterest": 42000000,
        "otherincome": -1000000,
        "incomelossfromcontinuingoperationsbeforeincometaxesextraordinaryitemsnoncontrollinginterest": 538000000,
        "incometaxexpensebenefit": 129000000,
        "profitloss": 409000000,
        "netincomelossattributabletononcontrollinginterest": 9000000,
        "netincomeloss": 400000000,
        "earningspersharebasic": 1.7,
        "earningspersharediluted": 1.69,
        "othercomprehensiveincomelossforeigncurrencytransactionandtranslationadjustmentnetoftax": -14000000,
        "othercomprehensiveincomelossnetoftax": -14000000,
        "comprehensiveincomenetoftaxincludingportionattributabletononcontrollinginterest": 395000000,
        "othercomprehensiveincomeforeigncurrencytransactionandtranslationadjustmentnetoftaxportionattributabletononcontrollinginterest": -2000000,
        "comprehensiveincomenetoftax": 388000000
    },
    {
        "date": "2023-06-29",
        "symbol": "PPG",
        "period": "Q2",
        "revenuefromcontractwithcustomerexcludingassessedtax": 557000000,
        "costofgoodsandservicessold": 2866000000,
        "sellinggeneralandadministrativeexpense": 1069000000,
        "depreciation": 93000000,
        "amortizationofintangibleassets": 40000000,
        "researchanddevelopmentexpenseexcludingacquiredinprocesscost": 110000000,
        "interestexpense": 67000000,
        "investmentincomeinterest": 32000000,
        "definedbenefitplanrecognizednetgainlossduetosettlements1": -1000000,
        "otherincome": -13000000,
        "incomelossfromcontinuingoperationsbeforeincometaxesextraordinaryitemsnoncontrollinginterest": 646000000,
        "incometaxexpensebenefit": 149000000,
        "profitloss": 761000000,
        "netincomelossattributabletononcontrollinginterest": 7000000,
        "netincomeloss": 490000000,
        "earningspersharebasic": 2.08,
        "earningspersharediluted": 2.0700000000000003,
        "othercomprehensiveincomelosspensionandotherpostretirementbenefitplansadjustmentnetoftax": 0,
        "othercomprehensiveincomelossforeigncurrencytransactionandtranslationadjustmentnetoftax": 109000000,
        "othercomprehensiveincomelossnetoftax": 511000000,
        "comprehensiveincomenetoftaxincludingportionattributabletononcontrollinginterest": 606000000,
        "othercomprehensiveincomeforeigncurrencytransactionandtranslationadjustmentnetoftaxportionattributabletononcontrollinginterest": 0,
        "comprehensiveincomenetoftax": 599000000
    },
    {
        "date": "2023-03-30",
        "symbol": "PPG",
        "period": "Q1",
        "revenuefromcontractwithcustomerexcludingassessedtax": 529000000,
        "costofgoodsandservicessold": 2596000000,
        "sellinggeneralandadministrativeexpense": 992000000,
        "depreciation": 92000000,
        "amortizationofintangibleassets": 41000000,
        "researchanddevelopmentexpenseexcludingacquiredinprocesscost": 104000000,
        "interestexpense": 59000000,
        "investmentincomeinterest": 25000000,
        "definedbenefitplanrecognizednetgainlossduetosettlements1": -190000000,
        "otherincome": 22000000,
        "incomelossfromcontinuingoperationsbeforeincometaxesextraordinaryitemsnoncontrollinginterest": 353000000,
        "incometaxexpensebenefit": 80000000,
        "profitloss": 9000000,
        "netincomelossattributabletononcontrollinginterest": 9000000,
        "netincomeloss": 264000000,
        "earningspersharebasic": 1.12,
        "earningspersharediluted": 1.11,
        "othercomprehensiveincomelosspensionandotherpostretirementbenefitplansadjustmentnetoftax": -139000000,
        "othercomprehensiveincomelossforeigncurrencytransactionandtranslationadjustmentnetoftax": 264000000,
        "othercomprehensiveincomelossnetoftax": 1000000,
        "comprehensiveincomenetoftaxincludingportionattributabletononcontrollinginterest": 676000000,
        "othercomprehensiveincomeforeigncurrencytransactionandtranslationadjustmentnetoftaxportionattributabletononcontrollinginterest": 1000000,
        "comprehensiveincomenetoftax": 666000000
    },
    {
        "date": "2022-12-30",
        "symbol": "PPG",
        "period": "Q4",
        "revenuefromcontractwithcustomerexcludingassessedtax": 5531000000,
        "costofgoodsandservicessold": 2623000000,
        "sellinggeneralandadministrativeexpense": 955000000,
        "depreciation": 92000000,
        "amortizationofintangibleassets": 41000000,
        "researchanddevelopmentexpenseexcludingacquiredinprocesscost": 108000000,
        "interestexpense": 53000000,
        "investmentincomeinterest": 20000000,
        "incomelossfromcontinuingoperationsbeforeincometaxesextraordinaryitemsnoncontrollinginterest": 319000000,
        "incometaxexpensebenefit": 73000000,
        "profitloss": -780000000,
        "netincomelossattributabletononcontrollinginterest": 8000000,
        "netincomeloss": 238000000,
        "earningspersharebasic": 1.01,
        "earningspersharediluted": 1.0000000000000004,
        "othercomprehensiveincomelosspensionandotherpostretirementbenefitplansadjustmentnetoftax": -195000000,
        "othercomprehensiveincomelossforeigncurrencytransactionandtranslationadjustmentnetoftax": 264000000,
        "othercomprehensiveincomelossnetoftax": 519000000,
        "comprehensiveincomenetoftaxincludingportionattributabletononcontrollinginterest": 705000000,
        "othercomprehensiveincomeforeigncurrencytransactionandtranslationadjustmentnetoftaxportionattributabletononcontrollinginterest": 3000000,
        "comprehensiveincomenetoftax": 694000000
    },
    {
        "date": "2022-09-29",
        "symbol": "PPG",
        "period": "Q3",
        "revenuefromcontractwithcustomerexcludingassessedtax": 494000000,
        "costofgoodsandservicessold": 2821000000,
        "sellinggeneralandadministrativeexpense": 931000000,
        "depreciation": 95000000,
        "amortizationofintangibleassets": 40000000,
        "researchanddevelopmentexpenseexcludingacquiredinprocesscost": 110000000,
        "interestexpense": 46000000,
        "investmentincomeinterest": 14000000,
        "assetimpairmentcharges": 0,
        "otherincome": 2000000,
        "incomelossfromcontinuingoperationsbeforeincometaxesextraordinaryitemsnoncontrollinginterest": 418000000,
        "incometaxexpensebenefit": 79000000,
        "profitloss": 798000000,
        "netincomelossattributabletononcontrollinginterest": 10000000,
        "netincomeloss": 329000000,
        "earningspersharebasic": 1.39,
        "earningspersharediluted": 1.3899999999999997,
        "othercomprehensiveincomelosspensionandotherpostretirementbenefitplansadjustmentnetoftax": -2000000,
        "othercomprehensiveincomelossforeigncurrencytransactionandtranslationadjustmentnetoftax": -353000000,
        "othercomprehensiveincomelossnetoftax": -523000000,
        "comprehensiveincomenetoftaxincludingportionattributabletononcontrollinginterest": -12000000,
        "othercomprehensiveincomeforeigncurrencytransactionandtranslationadjustmentnetoftaxportionattributabletononcontrollinginterest": -7000000,
        "comprehensiveincomenetoftax": -15000000
    },
    {
        "date": "2022-06-29",
        "symbol": "PPG",
        "period": "Q2",
        "revenuefromcontractwithcustomerexcludingassessedtax": 490000000,
        "costofgoodsandservicessold": 2954000000,
        "sellinggeneralandadministrativeexpense": 982000000,
        "depreciation": 99000000,
        "amortizationofintangibleassets": 42000000,
        "researchanddevelopmentexpenseexcludingacquiredinprocesscost": 115000000,
        "interestexpense": 38000000,
        "investmentincomeinterest": 11000000,
        "assetimpairmentcharges": -60000000,
        "otherincome": 34000000,
        "incomelossfromcontinuingoperationsbeforeincometaxesextraordinaryitemsnoncontrollinginterest": 566000000,
        "incometaxexpensebenefit": 118000000,
        "incomelossfromcontinuingoperationsincludingportionattributabletononcontrollinginterest": 448000000,
        "incomelossfromdiscontinuedoperationsnetoftax": -2000000,
        "profitloss": 5000000,
        "netincomelossattributabletononcontrollinginterest": 5000000,
        "netincomeloss": 441000000,
        "incomelossfromcontinuingoperations": 443000000,
        "incomelossfromdiscontinuedoperationsnetoftaxattributabletoreportingentity": -2000000,
        "incomelossfromcontinuingoperationsperbasicshare": 1.87,
        "incomelossfromdiscontinuedoperationsnetoftaxperbasicshare": -0.01,
        "earningspersharebasic": 1.86,
        "incomelossfromcontinuingoperationsperdilutedshare": 1.86,
        "incomelossfromdiscontinuedoperationsnetoftaxperdilutedshare": -0.01,
        "earningspersharediluted": 1.85,
        "othercomprehensiveincomelosspensionandotherpostretirementbenefitplansadjustmentnetoftax": -13000000,
        "othercomprehensiveincomelossforeigncurrencytransactionandtranslationadjustmentnetoftax": -227000000,
        "othercomprehensiveincomelossnetoftax": -6000000,
        "comprehensiveincomenetoftaxincludingportionattributabletononcontrollinginterest": 232000000,
        "othercomprehensiveincomeforeigncurrencytransactionandtranslationadjustmentnetoftaxportionattributabletononcontrollinginterest": -6000000,
        "comprehensiveincomenetoftax": 233000000
    },
    {
        "date": "2022-03-30",
        "symbol": "PPG",
        "period": "Q1",
        "revenuefromcontractwithcustomerexcludingassessedtax": 443000000,
        "costofgoodsandservicessold": 2698000000,
        "sellinggeneralandadministrativeexpense": 974000000,
        "depreciation": 102000000,
        "amortizationofintangibleassets": 43000000,
        "researchanddevelopmentexpenseexcludingacquiredinprocesscost": 115000000,
        "interestexpense": 30000000,
        "investmentincomeinterest": 9000000,
        "assetimpairmentcharges": 290000000,
        "otherexpenses": 13000000,
        "otherincome": 26000000,
        "incomelossfromcontinuingoperationsbeforeincometaxesextraordinaryitemsnoncontrollinginterest": 78000000,
        "incometaxexpensebenefit": 55000000,
        "profitloss": 5000000,
        "netincomelossattributabletononcontrollinginterest": 5000000,
        "netincomeloss": 18000000,
        "earningspersharebasic": 0.08,
        "earningspersharediluted": 0.08,
        "othercomprehensiveincomelosspensionandotherpostretirementbenefitplansadjustmentnetoftax": 4000000,
        "othercomprehensiveincomelossforeigncurrencytransactionandtranslationadjustmentnetoftax": 37000000,
        "othercomprehensiveincomelossnetoftax": -3000000,
        "comprehensiveincomenetoftaxincludingportionattributabletononcontrollinginterest": 56000000,
        "othercomprehensiveincomeforeigncurrencytransactionandtranslationadjustmentnetoftaxportionattributabletononcontrollinginterest": -3000000,
        "comprehensiveincomenetoftax": 54000000
    },
    {
        "date": "2021-12-30",
        "symbol": "PPG",
        "period": "Q4",
        "revenuefromcontractwithcustomerexcludingassessedtax": 5241000000,
        "costofgoodsandservicessold": 2692000000,
        "sellinggeneralandadministrativeexpense": 984000000,
        "depreciation": 103000000,
        "amortizationofintangibleassets": 46000000,
        "researchanddevelopmentexpenseexcludingacquiredinprocesscost": 116000000,
        "interestexpense": 30000000,
        "investmentincomeinterest": 7000000,
        "otherincome": 26000000,
        "incomelossfromcontinuingoperationsbeforeincometaxesextraordinaryitemsnoncontrollinginterest": 282000000,
        "incometaxexpensebenefit": 4000000,
        "profitloss": -1142000000,
        "netincomelossattributabletononcontrollinginterest": 11000000,
        "netincomeloss": 286000000,
        "earningspersharebasic": 1.2100000000000002,
        "earningspersharediluted": 1.2000000000000002,
        "othercomprehensiveincomelosspensionandotherpostretirementbenefitplansadjustmentnetoftax": -175000000,
        "othercomprehensiveincomelossforeigncurrencytransactionandtranslationadjustmentnetoftax": -54000000,
        "othercomprehensiveincomelossnetoftax": 272000000,
        "comprehensiveincomenetoftaxincludingportionattributabletononcontrollinginterest": 418000000,
        "othercomprehensiveincomeforeigncurrencytransactionandtranslationadjustmentnetoftaxportionattributabletononcontrollinginterest": 0,
        "comprehensiveincomenetoftax": 407000000
    },
    {
        "date": "2021-09-29",
        "symbol": "PPG",
        "period": "Q3",
        "revenuefromcontractwithcustomerexcludingassessedtax": 440000000,
        "costofgoodsandservicessold": 2733000000,
        "sellinggeneralandadministrativeexpense": 950000000,
        "depreciation": 100000000,
        "amortizationofintangibleassets": 46000000,
        "researchanddevelopmentexpenseexcludingacquiredinprocesscost": 114000000,
        "interestexpense": 30000000,
        "investmentincomeinterest": 7000000,
        "otherexpenses": 0,
        "otherincome": 56000000,
        "incomelossfromcontinuingoperationsbeforeincometaxesextraordinaryitemsnoncontrollinginterest": 441000000,
        "incometaxexpensebenefit": 96000000,
        "profitloss": 1154000000,
        "netincomelossattributabletononcontrollinginterest": 1000000,
        "netincomeloss": 344000000,
        "earningspersharebasic": 1.4499999999999995,
        "earningspersharediluted": 1.4299999999999997,
        "othercomprehensiveincomelosspensionandotherpostretirementbenefitplansadjustmentnetoftax": -6000000,
        "othercomprehensiveincomelossforeigncurrencytransactionandtranslationadjustmentnetoftax": -215000000,
        "othercomprehensiveincomelossnetoftax": -274000000,
        "comprehensiveincomenetoftaxincludingportionattributabletononcontrollinginterest": 136000000,
        "othercomprehensiveincomeforeigncurrencytransactionandtranslationadjustmentnetoftaxportionattributabletononcontrollinginterest": -2000000,
        "comprehensiveincomenetoftax": 137000000
    },
    {
        "date": "2021-06-29",
        "symbol": "PPG",
        "period": "Q2",
        "revenuefromcontractwithcustomerexcludingassessedtax": 4359000000,
        "costofgoodsandservicessold": 2629000000,
        "sellinggeneralandadministrativeexpense": 955000000,
        "depreciation": 96000000,
        "amortizationofintangibleassets": 41000000,
        "researchanddevelopmentexpenseexcludingacquiredinprocesscost": 107000000,
        "interestexpense": 31000000,
        "investmentincomeinterest": 6000000,
        "restructuringcharges": -21000000,
        "otherexpenses": 11000000,
        "otherincome": 77000000,
        "incomelossfromcontinuingoperationsbeforeincometaxesextraordinaryitemsnoncontrollinginterest": 593000000,
        "incometaxexpensebenefit": 160000000,
        "incomelossfromcontinuingoperationsincludingportionattributabletononcontrollinginterest": 433000000,
        "profitloss": 433000000,
        "netincomelossattributabletononcontrollinginterest": 2000000,
        "netincomeloss": 431000000,
        "incomelossfromcontinuingoperations": 431000000,
        "incomelossfromcontinuingoperationsperbasicshare": 1.81,
        "earningspersharebasic": 1.81,
        "incomelossfromcontinuingoperationsperdilutedshare": 1.8,
        "earningspersharediluted": 1.8,
        "othercomprehensiveincomelosspensionandotherpostretirementbenefitplansadjustmentnetoftax": 2000000,
        "othercomprehensiveincomelossforeigncurrencytransactionandtranslationadjustmentnetoftax": 67000000,
        "othercomprehensiveincomelossnetoftax": 65000000,
        "comprehensiveincomenetoftaxincludingportionattributabletononcontrollinginterest": 498000000,
        "othercomprehensiveincomeforeigncurrencytransactionandtranslationadjustmentnetoftaxportionattributabletononcontrollinginterest": -1000000,
        "comprehensiveincomenetoftax": 497000000
    },
    {
        "date": "2021-03-30",
        "symbol": "PPG",
        "period": "Q1",
        "revenuefromcontractwithcustomerexcludingassessedtax": 3881000000,
        "costofgoodsandservicessold": 2232000000,
        "sellinggeneralandadministrativeexpense": 891000000,
        "depreciation": 90000000,
        "amortizationofintangibleassets": 39000000,
        "researchanddevelopmentexpenseexcludingacquiredinprocesscost": 102000000,
        "interestexpense": 30000000,
        "investmentincomeinterest": 6000000,
        "otherexpenses": 17000000,
        "otherincome": 13000000,
        "incomelossfromcontinuingoperationsbeforeincometaxesextraordinaryitemsnoncontrollinginterest": 499000000,
        "incometaxexpensebenefit": 114000000,
        "profitloss": 385000000,
        "netincomelossattributabletononcontrollinginterest": 7000000,
        "netincomeloss": 378000000,
        "earningspersharebasic": 1.59,
        "earningspersharediluted": 1.58,
        "othercomprehensiveincomelosspensionandotherpostretirementbenefitplansadjustmentnetoftax": 5000000,
        "othercomprehensiveincomelossforeigncurrencytransactionandtranslationadjustmentnetoftax": -128000000,
        "othercomprehensiveincomelossnetoftax": -133000000,
        "comprehensiveincomenetoftaxincludingportionattributabletononcontrollinginterest": 252000000,
        "othercomprehensiveincomeforeigncurrencytransactionandtranslationadjustmentnetoftaxportionattributabletononcontrollinginterest": -2000000,
        "comprehensiveincomenetoftax": 247000000
    },
    {
        "date": "2020-12-30",
        "symbol": "PPG",
        "period": "Q4",
        "revenuefromcontractwithcustomerexcludingassessedtax": 3757000000,
        "costofgoodsandservicessold": 2140000000,
        "sellinggeneralandadministrativeexpense": 882000000,
        "depreciation": 91000000,
        "amortizationofintangibleassets": 34000000,
        "researchanddevelopmentexpenseexcludingacquiredinprocesscost": 100000000,
        "interestexpense": 31000000,
        "investmentincomeinterest": 5000000,
        "otherexpenses": 59000000,
        "otherincome": 15000000,
        "incomelossfromcontinuingoperationsbeforeincometaxesextraordinaryitemsnoncontrollinginterest": 345000000,
        "incometaxexpensebenefit": 67000000,
        "profitloss": 278000000,
        "netincomelossattributabletononcontrollinginterest": 6000000,
        "netincomeloss": 272000000,
        "earningspersharebasic": 1.1399999999999995,
        "earningspersharediluted": 1.1400000000000001,
        "othercomprehensiveincomelosspensionandotherpostretirementbenefitplansadjustmentnetoftax": 222000000,
        "othercomprehensiveincomelossforeigncurrencytransactionandtranslationadjustmentnetoftax": 417000000,
        "othercomprehensiveincomelossnetoftax": 195000000,
        "comprehensiveincomenetoftaxincludingportionattributabletononcontrollinginterest": 473000000,
        "comprehensiveincomenetoftax": 461000000
    },
    {
        "date": "2020-09-29",
        "symbol": "PPG",
        "period": "Q3",
        "revenuefromcontractwithcustomerexcludingassessedtax": 3685000000,
        "costofgoodsandservicessold": 2026000000,
        "sellinggeneralandadministrativeexpense": 836000000,
        "depreciation": 96000000,
        "amortizationofintangibleassets": 36000000,
        "researchanddevelopmentexpenseexcludingacquiredinprocesscost": 92000000,
        "interestexpense": 34000000,
        "investmentincomeinterest": 4000000,
        "restructuringcharges": 0,
        "otherexpenses": 21000000,
        "otherincome": 24000000,
        "incomelossfromcontinuingoperationsbeforeincometaxesextraordinaryitemsnoncontrollinginterest": 572000000,
        "incometaxexpensebenefit": 124000000,
        "profitloss": 448000000,
        "netincomelossattributabletononcontrollinginterest": 6000000,
        "netincomeloss": 442000000,
        "earningspersharebasic": 1.8699999999999999,
        "earningspersharediluted": 1.8599999999999999,
        "othercomprehensiveincomelosspensionandotherpostretirementbenefitplansadjustmentnetoftax": -3000000,
        "othercomprehensiveincomelossforeigncurrencytransactionandtranslationadjustmentnetoftax": 136000000,
        "othercomprehensiveincomelossnetoftax": 139000000,
        "comprehensiveincomenetoftaxincludingportionattributabletononcontrollinginterest": 587000000,
        "othercomprehensiveincomeforeigncurrencytransactionandtranslationadjustmentnetoftaxportionattributabletononcontrollinginterest": 2000000,
        "comprehensiveincomenetoftax": 579000000
    },
    {
        "date": "2020-06-29",
        "symbol": "PPG",
        "period": "Q2",
        "revenuefromcontractwithcustomerexcludingassessedtax": 3015000000,
        "costofgoodsandservicessold": 1703000000,
        "sellinggeneralandadministrativeexpense": 766000000,
        "depreciation": 91000000,
        "amortizationofintangibleassets": 32000000,
        "researchanddevelopmentexpenseexcludingacquiredinprocesscost": 86000000,
        "interestexpense": 41000000,
        "investmentincomeinterest": 5000000,
        "restructuringcharges": 165000000,
        "otherexpenses": 21000000,
        "otherincome": 11000000,
        "incomelossfromcontinuingoperationsbeforeincometaxesextraordinaryitemsnoncontrollinginterest": 126000000,
        "incometaxexpensebenefit": 29000000,
        "incomelossfromcontinuingoperationsincludingportionattributabletononcontrollinginterest": 97000000,
        "incomelossfromdiscontinuedoperationsnetoftax": 3000000,
        "profitloss": 100000000,
        "netincomelossattributabletononcontrollinginterest": -2000000,
        "netincomeloss": 102000000,
        "incomelossfromcontinuingoperations": 99000000,
        "incomelossfromdiscontinuedoperationsnetoftaxattributabletoreportingentity": 3000000,
        "incomelossfromcontinuingoperationsperbasicshare": 0.42,
        "incomelossfromdiscontinuedoperationsnetoftaxperbasicshare": 0.01,
        "earningspersharebasic": 0.43,
        "incomelossfromcontinuingoperationsperdilutedshare": 0.42,
        "incomelossfromdiscontinuedoperationsnetoftaxperdilutedshare": 0.01,
        "earningspersharediluted": 0.43,
        "othercomprehensiveincomelosspensionandotherpostretirementbenefitplansadjustmentnetoftax": -5000000,
        "othercomprehensiveincomelossforeigncurrencytransactionandtranslationadjustmentnetoftax": 117000000,
        "othercomprehensiveincomelosscashflowhedgegainlossafterreclassificationandtax": -3000000,
        "othercomprehensiveincomelossnetoftax": 119000000,
        "comprehensiveincomenetoftaxincludingportionattributabletononcontrollinginterest": 219000000,
        "othercomprehensiveincomeforeigncurrencytransactionandtranslationadjustmentnetoftaxportionattributabletononcontrollinginterest": 2000000,
        "comprehensiveincomenetoftax": 219000000
    },
    {
        "date": "2020-03-30",
        "symbol": "PPG",
        "period": "Q1",
        "revenuefromcontractwithcustomerexcludingassessedtax": 3377000000,
        "costofgoodsandservicessold": 1908000000,
        "sellinggeneralandadministrativeexpense": 905000000,
        "depreciation": 93000000,
        "amortizationofintangibleassets": 36000000,
        "researchanddevelopmentexpenseexcludingacquiredinprocesscost": 101000000,
        "interestexpense": 32000000,
        "investmentincomeinterest": 9000000,
        "restructuringcharges": 7000000,
        "otherexpenses": 3000000,
        "otherincome": 18000000,
        "incomelossfromcontinuingoperationsbeforeincometaxesextraordinaryitemsnoncontrollinginterest": 319000000,
        "incometaxexpensebenefit": 71000000,
        "profitloss": 248000000,
        "netincomelossattributabletononcontrollinginterest": 5000000,
        "netincomeloss": 243000000,
        "earningspersharebasic": 1.03,
        "earningspersharediluted": 1.02,
        "othercomprehensiveincomelosspensionandotherpostretirementbenefitplansadjustmentnetoftax": -1000000,
        "othercomprehensiveincomelossforeigncurrencytransactionandtranslationadjustmentnetoftax": -706000000,
        "othercomprehensiveincomelosscashflowhedgegainlossafterreclassificationandtax": 3000000,
        "othercomprehensiveincomelossnetoftax": -702000000,
        "comprehensiveincomenetoftaxincludingportionattributabletononcontrollinginterest": -454000000,
        "othercomprehensiveincomeforeigncurrencytransactionandtranslationadjustmentnetoftaxportionattributabletononcontrollinginterest": -10000000,
        "comprehensiveincomenetoftax": -449000000
    },
    {
        "date": "2019-12-30",
        "symbol": "PPG",
        "period": "Q4",
        "profitloss": 300000000,
        "othercomprehensiveincomelosspensionandotherpostretirementbenefitplansadjustmentnetoftax": 160000000,
        "othercomprehensiveincomelossforeigncurrencytransactionandtranslationadjustmentnetoftax": 143000000,
        "othercomprehensiveincomelossnetoftax": -18000000,
        "comprehensiveincomenetoftaxincludingportionattributabletononcontrollinginterest": 282000000,
        "netincomelossattributabletononcontrollinginterest": 8000000,
        "othercomprehensiveincomeforeigncurrencytransactionandtranslationadjustmentnetoftaxportionattributabletononcontrollinginterest": 4000000,
        "comprehensiveincomenetoftax": 270000000,
        "revenuefromcontractwithcustomerexcludingassessedtax": 3672000000,
        "costofgoodsandservicessold": 2111000000,
        "sellinggeneralandadministrativeexpense": 894000000,
        "depreciation": 99000000,
        "amortizationofintangibleassets": 35000000,
        "researchanddevelopmentexpenseexcludingacquiredinprocesscost": 109000000,
        "interestexpense": 33000000,
        "investmentincomeinterest": 9000000,
        "restructuringcharges": 1000000,
        "otherexpenses": 29000000,
        "otherincome": 28000000,
        "incomelossfromcontinuingoperationsbeforeincometaxesextraordinaryitemsnoncontrollinginterest": 398000000,
        "incometaxexpensebenefit": 95000000,
        "incomelossfromcontinuingoperationsincludingportionattributabletononcontrollinginterest": 303000000,
        "netincomeloss": 292000000,
        "incomelossfromcontinuingoperations": 295000000,
        "incomelossfromcontinuingoperationsperbasicshare": 1.2500000000000002,
        "earningspersharebasic": 1.24,
        "incomelossfromcontinuingoperationsperdilutedshare": 1.2399999999999998,
        "earningspersharediluted": 1.229999999999999
    },
    {
        "date": "2019-09-29",
        "symbol": "PPG",
        "period": "Q3",
        "profitloss": 378000000,
        "othercomprehensiveincomelosspensionandotherpostretirementbenefitplansadjustmentnetoftax": 2000000,
        "othercomprehensiveincomelossforeigncurrencytransactionandtranslationadjustmentnetoftax": -103000000,
        "othercomprehensiveincomelossnetoftax": -105000000,
        "comprehensiveincomenetoftaxincludingportionattributabletononcontrollinginterest": 269000000,
        "netincomelossattributabletononcontrollinginterest": 6000000,
        "othercomprehensiveincomeforeigncurrencytransactionandtranslationadjustmentnetoftaxportionattributabletononcontrollinginterest": -6000000,
        "comprehensiveincomenetoftax": 269000000,
        "revenuefromcontractwithcustomerexcludingassessedtax": 5342000000,
        "costofgoodsandservicessold": 2181000000,
        "sellinggeneralandadministrativeexpense": 887000000,
        "depreciation": 99000000,
        "amortizationofintangibleassets": 34000000,
        "researchanddevelopmentexpenseexcludingacquiredinprocesscost": 107000000,
        "interestexpense": 33000000,
        "investmentincomeinterest": 10000000,
        "restructuringcharges": 2000000,
        "otherexpenses": 26000000,
        "otherincome": 14000000,
        "incomelossfromcontinuingoperationsbeforeincometaxesextraordinaryitemsnoncontrollinginterest": 481000000,
        "incometaxexpensebenefit": 109000000,
        "incomelossfromcontinuingoperationsincludingportionattributabletononcontrollinginterest": 372000000,
        "netincomeloss": 367000000,
        "incomelossfromcontinuingoperations": 366000000,
        "incomelossfromcontinuingoperationsperbasicshare": 1.5400000000000003,
        "earningspersharebasic": 1.5399999999999998,
        "incomelossfromcontinuingoperationsperdilutedshare": 1.54,
        "earningspersharediluted": 1.5400000000000005
    },
    {
        "date": "2019-06-29",
        "symbol": "PPG",
        "period": "Q2",
        "profitloss": 279000000,
        "othercomprehensiveincomelosspensionandotherpostretirementbenefitplansadjustmentnetoftax": -12000000,
        "othercomprehensiveincomelossforeigncurrencytransactionandtranslationadjustmentnetoftax": -15000000,
        "othercomprehensiveincomelosscashflowhedgegainlossafterreclassificationandtax": -1000000,
        "othercomprehensiveincomelossnetoftax": -4000000,
        "comprehensiveincomenetoftaxincludingportionattributabletononcontrollinginterest": 275000000,
        "netincomelossattributabletononcontrollinginterest": 7000000,
        "othercomprehensiveincomeforeigncurrencytransactionandtranslationadjustmentnetoftaxportionattributabletononcontrollinginterest": 2000000,
        "comprehensiveincomenetoftax": 266000000,
        "revenuefromcontractwithcustomerexcludingassessedtax": 4024000000,
        "costofgoodsandservicessold": 2288000000,
        "sellinggeneralandadministrativeexpense": 934000000,
        "depreciation": 91000000,
        "amortizationofintangibleassets": 35000000,
        "researchanddevelopmentexpenseexcludingacquiredinprocesscost": 111000000,
        "interestexpense": 35000000,
        "investmentincomeinterest": 7000000,
        "restructuringcharges": 176000000,
        "otherexpenses": 29000000,
        "otherincome": 31000000,
        "incomelossfromcontinuingoperationsbeforeincometaxesextraordinaryitemsnoncontrollinginterest": 363000000,
        "incometaxexpensebenefit": 86000000,
        "incomelossfromcontinuingoperationsincludingportionattributabletononcontrollinginterest": 277000000,
        "incomelossfromdiscontinuedoperationsnetoftax": 2000000,
        "netincomeloss": 272000000,
        "incomelossfromcontinuingoperations": 270000000,
        "incomelossfromdiscontinuedoperationsnetoftaxattributabletoreportingentity": 2000000,
        "incomelossfromcontinuingoperationsperbasicshare": 1.14,
        "incomelossfromdiscontinuedoperationsnetoftaxperbasicshare": 0.01,
        "earningspersharebasic": 1.15,
        "incomelossfromcontinuingoperationsperdilutedshare": 1.13,
        "incomelossfromdiscontinuedoperationsnetoftaxperdilutedshare": 0.01,
        "earningspersharediluted": 1.14
    },
    {
        "date": "2019-03-30",
        "symbol": "PPG",
        "period": "Q1",
        "profitloss": 312000000,
        "othercomprehensiveincomelosspensionandotherpostretirementbenefitplansadjustmentnetoftax": 6000000,
        "othercomprehensiveincomelossforeigncurrencytransactionandtranslationadjustmentnetoftax": 81000000,
        "othercomprehensiveincomelossnetoftax": 76000000,
        "comprehensiveincomenetoftaxincludingportionattributabletononcontrollinginterest": 392000000,
        "netincomelossattributabletononcontrollinginterest": 5000000,
        "othercomprehensiveincomeforeigncurrencytransactionandtranslationadjustmentnetoftaxportionattributabletononcontrollinginterest": -1000000,
        "comprehensiveincomenetoftax": 388000000,
        "revenuefromcontractwithcustomerexcludingassessedtax": 2108000000,
        "costofgoodsandservicessold": 2073000000,
        "sellinggeneralandadministrativeexpense": 889000000,
        "depreciation": 86000000,
        "amortizationofintangibleassets": 32000000,
        "researchanddevelopmentexpenseexcludingacquiredinprocesscost": 105000000,
        "interestexpense": 31000000,
        "investmentincomeinterest": 6000000,
        "restructuringcharges": -3000000,
        "otherexpenses": 14000000,
        "otherincome": 16000000,
        "incomelossfromcontinuingoperationsbeforeincometaxesextraordinaryitemsnoncontrollinginterest": 419000000,
        "incometaxexpensebenefit": 102000000,
        "incomelossfromcontinuingoperationsincludingportionattributabletononcontrollinginterest": 317000000,
        "netincomeloss": 312000000,
        "incomelossfromcontinuingoperations": 312000000,
        "incomelossfromcontinuingoperationsperbasicshare": 1.32,
        "earningspersharebasic": 1.32,
        "incomelossfromcontinuingoperationsperdilutedshare": 1.31,
        "earningspersharediluted": 1.31
    },
    {
        "date": "2018-12-30",
        "symbol": "PPG",
        "period": "Q4",
        "profitloss": 254000000,
        "othercomprehensiveincomelossforeigncurrencytransactionandtranslationadjustmentnetoftax": -70000000,
        "othercomprehensiveincomelosspensionandotherpostretirementbenefitplansadjustmentnetoftax": -73000000,
        "othercomprehensiveincomelossnetoftax": 7000000,
        "comprehensiveincomenetoftaxincludingportionattributabletononcontrollinginterest": 265000000,
        "netincomelossattributabletononcontrollinginterest": 3000000,
        "othercomprehensiveincomeforeigncurrencytransactionandtranslationadjustmentnetoftaxportionattributabletononcontrollinginterest": 0,
        "comprehensiveincomenetoftax": 262000000,
        "costofgoodssoldexcludingdepreciationdepletionandamortization": 2175000000,
        "sellinggeneralandadministrativeexpense": 893000000,
        "depreciation": 87000000,
        "amortizationofintangibleassets": 71600000,
        "researchanddevelopmentexpenseexcludingacquiredinprocesscost": 105000000,
        "interestexpense": 30000000,
        "investmentincomeinterest": 5000000,
        "otherexpenses": 70000000,
        "otherincome": -43000000,
        "incomelossfromcontinuingoperationsbeforeincometaxesextraordinaryitemsnoncontrollinginterest": 342000000,
        "incometaxexpensebenefit": -189000000,
        "incomelossfromcontinuingoperationsincludingportionattributabletononcontrollinginterest": 259000000,
        "netincomeloss": -1067000000,
        "incomelossfromcontinuingoperations": 256000000,
        "incomelossfromcontinuingoperationsperbasicshare": 1.0799999999999994,
        "earningspersharebasic": 1.0899999999999996,
        "incomelossfromcontinuingoperationsperdilutedshare": 1.0800000000000005,
        "earningspersharediluted": 1.0899999999999999
    },
    {
        "date": "2018-09-29",
        "symbol": "PPG",
        "period": "Q3",
        "profitloss": 382000000,
        "othercomprehensiveincomelosspensionandotherpostretirementbenefitplansadjustmentnetoftax": 12000000,
        "othercomprehensiveincomelossforeigncurrencytransactionandtranslationadjustmentnetoftax": 89000000,
        "othercomprehensiveincomelosscashflowhedgegainlossafterreclassificationandtax": -2000000,
        "othercomprehensiveincomelossnetoftax": 75000000,
        "comprehensiveincomenetoftaxincludingportionattributabletononcontrollinginterest": 457000000,
        "netincomelossattributabletononcontrollinginterest": 4000000,
        "othercomprehensiveincomeforeigncurrencytransactionandtranslationadjustmentnetoftaxportionattributabletononcontrollinginterest": -3000000,
        "comprehensiveincomenetoftax": 456000000,
        "revenuefromcontractwithcustomerexcludingassessedtax": 2289000000,
        "costofgoodssoldexcludingdepreciationdepletionandamortization": 2233000000,
        "sellinggeneralandadministrativeexpense": 897000000,
        "depreciation": 89000000,
        "amortizationofintangibleassets": 1400000,
        "researchanddevelopmentexpenseexcludingacquiredinprocesscost": 110000000,
        "interestexpense": 31000000,
        "investmentincomeinterest": 6000000,
        "restructuringcharges": 83000000,
        "otherexpenses": 5000000,
        "otherincome": -26000000,
        "incomelossfromcontinuingoperationsbeforeincometaxesextraordinaryitemsnoncontrollinginterest": 451000000,
        "incometaxexpensebenefit": 3000000,
        "incomelossfromcontinuingoperationsincludingportionattributabletononcontrollinginterest": 372000000,
        "incomelossfromdiscontinuedoperationsnetoftax": 10000000,
        "netincomeloss": 378000000,
        "incomelossfromcontinuingoperations": 368000000,
        "incomelossfromdiscontinuedoperationsnetoftaxattributabletoreportingentity": 10000000,
        "incomelossfromcontinuingoperationsperbasicshare": 1.52,
        "incomelossfromdiscontinuedoperationsnetoftaxperbasicshare": 0.04,
        "earningspersharebasic": 1.56,
        "incomelossfromcontinuingoperationsperdilutedshare": 1.51,
        "incomelossfromdiscontinuedoperationsnetoftaxperdilutedshare": 0.04,
        "earningspersharediluted": 1.55,
        "commonstockdividendspersharecashpaid": 0.48
    },
    {
        "date": "2018-06-29",
        "symbol": "PPG",
        "period": "Q2",
        "profitloss": 371000000,
        "othercomprehensiveincomelosspensionandotherpostretirementbenefitplansadjustmentnetoftax": -15000000,
        "othercomprehensiveincomelossforeigncurrencytransactionandtranslationadjustmentnetoftax": -297000000,
        "othercomprehensiveincomelossnetoftax": -270000000,
        "comprehensiveincomenetoftaxincludingportionattributabletononcontrollinginterest": 95000000,
        "netincomelossattributabletononcontrollinginterest": 4000000,
        "othercomprehensiveincomeforeigncurrencytransactionandtranslationadjustmentnetoftaxportionattributabletononcontrollinginterest": -10000000,
        "comprehensiveincomenetoftax": 101000000,
        "salesrevenuenet": 4138000000,
        "costofgoodssoldexcludingdepreciationdepletionandamortization": 2336000000,
        "sellinggeneralandadministrativeexpense": 986000000,
        "depreciation": 91000000,
        "amortizationofintangibleassets": 34000000,
        "researchanddevelopmentexpenseexcludingacquiredinprocesscost": 114000000,
        "interestexpense": 31000000,
        "investmentincomeinterest": 7000000,
        "otherexpenses": 6000000,
        "otherincome": -77000000,
        "incomelossfromcontinuingoperationsbeforeincometaxesextraordinaryitemsnoncontrollinginterest": 479000000,
        "incometaxexpensebenefit": 104000000,
        "incomelossfromcontinuingoperationsincludingportionattributabletononcontrollinginterest": 375000000,
        "incomelossfromdiscontinuedoperationsnetoftax": 0,
        "netincomeloss": 371000000,
        "incomelossfromcontinuingoperations": 371000000,
        "incomelossfromdiscontinuedoperationsnetoftaxattributabletoreportingentity": 0,
        "incomelossfromcontinuingoperationsperbasicshare": 1.51,
        "incomelossfromdiscontinuedoperationsnetoftaxperbasicshare": 0,
        "earningspersharebasic": 1.51,
        "incomelossfromcontinuingoperationsperdilutedshare": 1.5,
        "incomelossfromdiscontinuedoperationsnetoftaxperdilutedshare": 0,
        "earningspersharediluted": 1.5,
        "commonstockdividendspersharecashpaid": 0.45
    },
    {
        "date": "2018-03-30",
        "symbol": "PPG",
        "period": "Q1",
        "profitloss": 334000000,
        "othercomprehensiveincomelosspensionandotherpostretirementbenefitplansadjustmentnetoftax": 67000000,
        "othercomprehensiveincomelossforeigncurrencytransactionandtranslationadjustmentnetoftax": 123000000,
        "othercomprehensiveincomelossderivativesqualifyingashedgesnetoftax": -2000000,
        "othercomprehensiveincomelossnetoftax": 52000000,
        "comprehensiveincomenetoftaxincludingportionattributabletononcontrollinginterest": 394000000,
        "netincomelossattributabletononcontrollinginterest": 6000000,
        "othercomprehensiveincomeforeigncurrencytransactionandtranslationadjustmentnetoftaxportionattributabletononcontrollinginterest": 2000000,
        "comprehensiveincomenetoftax": 386000000,
        "salesrevenuenet": 3781000000,
        "costofgoodssoldexcludingdepreciationdepletionandamortization": 2181000000,
        "sellinggeneralandadministrativeexpense": 906000000,
        "depreciation": 87000000,
        "amortizationofintangibleassets": 36000000,
        "researchanddevelopmentexpenseexcludingacquiredinprocesscost": 112000000,
        "interestexpense": 26000000,
        "investmentincomeinterest": 5000000,
        "otherexpenses": 41000000,
        "otherincome": 24000000,
        "incomelossfromcontinuingoperationsbeforeincometaxesextraordinaryitemsnoncontrollinginterest": 421000000,
        "incometaxexpensebenefit": 87000000,
        "incomelossfromcontinuingoperationsincludingportionattributabletononcontrollinginterest": 334000000,
        "incomelossfromdiscontinuedoperationsnetoftax": 6000000,
        "netincomeloss": 334000000,
        "incomelossfromcontinuingoperations": 328000000,
        "incomelossfromdiscontinuedoperationsnetoftaxattributabletoreportingentity": 6000000,
        "incomelossfromcontinuingoperationsperbasicshare": 1.32,
        "incomelossfromdiscontinuedoperationsnetoftaxperbasicshare": 0.02,
        "earningspersharebasic": 1.34,
        "incomelossfromcontinuingoperationsperdilutedshare": 1.31,
        "incomelossfromdiscontinuedoperationsnetoftaxperdilutedshare": 0.02,
        "earningspersharediluted": 1.33,
        "commonstockdividendspersharecashpaid": 0.45
    },
    {
        "date": "2017-12-30",
        "symbol": "PPG",
        "period": "Q4",
        "profitloss": 147000000,
        "othercomprehensiveincomelossforeigncurrencytransactionandtranslationadjustmentnetoftax": -139000000,
        "othercomprehensiveincomelosspensionandotherpostretirementbenefitplansadjustmentnetoftax": -141000000,
        "othercomprehensiveincomelossderivativesqualifyingashedgesnetoftax": 6000000,
        "othercomprehensiveincomelossnetoftax": 6000000,
        "comprehensiveincomenetoftaxincludingportionattributabletononcontrollinginterest": 160000000,
        "netincomelossattributabletononcontrollinginterest": 5000000,
        "othercomprehensiveincomeforeigncurrencytransactionandtranslationadjustmentnetoftaxportionattributabletononcontrollinginterest": 2000000,
        "comprehensiveincomenetoftax": 153000000,
        "salesrevenuenet": -2336000000,
        "costofgoodssoldexcludingdepreciationdepletionandamortization": 2117000000,
        "sellinggeneralandadministrativeexpense": 912000000,
        "depreciation": 86000000,
        "amortizationofintangibleassets": 34000000,
        "researchanddevelopmentexpenseexcludingacquiredinprocesscost": 116000000,
        "interestexpense": 27000000,
        "investmentincomeinterest": 7000000,
        "otherexpenses": 25000000,
        "otherincome": 42000000,
        "incomelossfromcontinuingoperationsbeforeincometaxesextraordinaryitemsnoncontrollinginterest": 376000000,
        "incometaxexpensebenefit": 0,
        "incomelossfromcontinuingoperationsincludingportionattributabletononcontrollinginterest": 152000000,
        "netincomeloss": -1216000000,
        "incomelossfromcontinuingoperations": 147000000,
        "incomelossfromcontinuingoperationsperbasicshare": 0.5899999999999994,
        "earningspersharebasic": 0.5899999999999999,
        "incomelossfromcontinuingoperationsperdilutedshare": 0.5899999999999999,
        "earningspersharediluted": 0.5899999999999999
    },
    {
        "date": "2017-09-29",
        "symbol": "PPG",
        "period": "Q3",
        "profitloss": 609000000,
        "othercomprehensiveincomelosspensionandotherpostretirementbenefitplansadjustmentnetoftax": 29000000,
        "othercomprehensiveincomelossforeigncurrencytransactionandtranslationadjustmentnetoftax": 26000000,
        "othercomprehensiveincomelossderivativesqualifyingashedgesnetoftax": 1000000,
        "othercomprehensiveincomelossnetoftax": -4000000,
        "comprehensiveincomenetoftaxincludingportionattributabletononcontrollinginterest": 613000000,
        "netincomelossattributabletononcontrollinginterest": 6000000,
        "othercomprehensiveincomeforeigncurrencytransactionandtranslationadjustmentnetoftaxportionattributabletononcontrollinginterest": 2000000,
        "comprehensiveincomenetoftax": 605000000,
        "salesrevenuenet": 3776000000,
        "costofgoodssoldexcludingdepreciationdepletionandamortization": 2100000000,
        "sellinggeneralandadministrativeexpense": 905000000,
        "depreciation": 85000000,
        "amortizationofintangibleassets": 32000000,
        "researchanddevelopmentexpenseexcludingacquiredinprocesscost": 114000000,
        "interestexpense": 27000000,
        "investmentincomeinterest": 5000000,
        "otherexpenses": 13000000,
        "otherincome": 16000000,
        "incomelossfromcontinuingoperationsbeforeincometaxesextraordinaryitemsnoncontrollinginterest": 521000000,
        "incometaxexpensebenefit": 131000000,
        "incomelossfromcontinuingoperationsincludingportionattributabletononcontrollinginterest": 398000000,
        "netincomeloss": 609000000,
        "incomelossfromcontinuingoperations": 392000000,
        "incomelossfromcontinuingoperationsperbasicshare": 1.53,
        "earningspersharebasic": 2.38,
        "incomelossfromcontinuingoperationsperdilutedshare": 1.5200000000000005,
        "earningspersharediluted": 2.36,
        "commonstockdividendspersharecashpaid": 0.44999999999999996
    },
    {
        "date": "2017-06-29",
        "symbol": "PPG",
        "period": "Q2",
        "profitloss": 501000000,
        "othercomprehensiveincomelosspensionandotherpostretirementbenefitplansadjustmentnetoftax": 55000000,
        "othercomprehensiveincomelossforeigncurrencytransactionandtranslationadjustmentnetoftax": 82000000,
        "othercomprehensiveincomelossderivativesqualifyingashedgesnetoftax": -4000000,
        "othercomprehensiveincomelossnetoftax": 17000000,
        "comprehensiveincomenetoftaxincludingportionattributabletononcontrollinginterest": 529000000,
        "netincomelossattributabletononcontrollinginterest": 5000000,
        "othercomprehensiveincomeforeigncurrencytransactionandtranslationadjustmentnetoftaxportionattributabletononcontrollinginterest": 6000000,
        "comprehensiveincomenetoftax": 518000000,
        "salesrevenuenet": 3723000000,
        "costofgoodssoldexcludingdepreciationdepletionandamortization": 2018000000,
        "sellinggeneralandadministrativeexpense": 857000000,
        "depreciation": 77000000,
        "amortizationofintangibleassets": 32000000,
        "researchanddevelopmentexpenseexcludingacquiredinprocesscost": 113000000,
        "interestexpense": 26000000,
        "investmentincomeinterest": 4000000,
        "noncashpensionsettlementchargebeforetax": 0,
        "otherexpenses": 12000000,
        "otherincome": 71000000,
        "incomelossfromcontinuingoperationsbeforeincometaxesextraordinaryitemsnoncontrollinginterest": 663000000,
        "incometaxexpensebenefit": -102000000,
        "incomelossfromcontinuingoperationsincludingportionattributabletononcontrollinginterest": 503000000,
        "netincomeloss": 501000000,
        "incomelossfromcontinuingoperations": 498000000,
        "incomelossfromcontinuingoperationsperbasicshare": 1.93,
        "earningspersharebasic": 1.9400000000000002,
        "incomelossfromcontinuingoperationsperdilutedshare": 1.92,
        "earningspersharediluted": 1.9300000000000002,
        "commonstockdividendspersharecashpaid": 0.4
    },
    {
        "date": "2017-03-30",
        "symbol": "PPG",
        "period": "Q1",
        "profitloss": 334000000,
        "othercomprehensiveincomelosspensionandotherpostretirementbenefitplansadjustmentnetoftax": -21000000,
        "othercomprehensiveincomelossforeigncurrencytransactionandtranslationadjustmentnetoftax": 279000000,
        "othercomprehensiveincomelossderivativesqualifyingashedgesnetoftax": -13000000,
        "othercomprehensiveincomelossnetoftax": 280000000,
        "comprehensiveincomenetoftaxincludingportionattributabletononcontrollinginterest": 626000000,
        "netincomelossattributabletononcontrollinginterest": 5000000,
        "othercomprehensiveincomeforeigncurrencytransactionandtranslationadjustmentnetoftaxportionattributabletononcontrollinginterest": 7000000,
        "comprehensiveincomenetoftax": 614000000,
        "salesrevenuenet": 3569000000,
        "costofgoodssoldexcludingdepreciationdepletionandamortization": 1969000000,
        "sellinggeneralandadministrativeexpense": 896000000,
        "depreciation": 83000000,
        "amortizationofintangibleassets": 31000000,
        "researchanddevelopmentexpenseexcludingacquiredinprocesscost": 110000000,
        "interestexpense": 25000000,
        "investmentincomeinterest": 4000000,
        "noncashpensionsettlementchargebeforetax": 22000000,
        "otherexpenses": 14000000,
        "otherincome": 25000000,
        "incomelossfromcontinuingoperationsbeforeincometaxesextraordinaryitemsnoncontrollinginterest": 448000000,
        "incometaxexpensebenefit": 109000000,
        "incomelossfromcontinuingoperationsincludingportionattributabletononcontrollinginterest": 339000000,
        "netincomeloss": 334000000,
        "incomelossfromcontinuingoperations": 334000000,
        "incomelossfromcontinuingoperationsperbasicshare": 1.3,
        "earningspersharebasic": 1.3,
        "incomelossfromcontinuingoperationsperdilutedshare": 1.29,
        "earningspersharediluted": 1.29,
        "commonstockdividendspersharecashpaid": 0.4
    },
    {
        "date": "2016-12-30",
        "symbol": "PPG",
        "period": "Q4",
        "profitloss": 339000000,
        "othercomprehensiveincomelossforeigncurrencytransactionandtranslationadjustmentnetoftax": -245000000,
        "othercomprehensiveincomelosspensionandotherpostretirementbenefitplansadjustmentnetoftax": -417000000,
        "othercomprehensiveincomelossnetoftax": 184000000,
        "comprehensiveincomenetoftaxincludingportionattributabletononcontrollinginterest": 524000000,
        "netincomelossattributabletononcontrollinginterest": 4000000,
        "othercomprehensiveincomeforeigncurrencytransactionandtranslationadjustmentnetoftaxportionattributabletononcontrollinginterest": -9000000,
        "comprehensiveincomenetoftax": 529000000,
        "salesrevenuenet": -11526000000,
        "costofgoodssoldexcludingdepreciationdepletionandamortization": 1779000000,
        "sellinggeneralandadministrativeexpense": 888000000,
        "depreciation": 71000000,
        "amortizationofintangibleassets": 30000000,
        "researchanddevelopmentexpenseexcludingacquiredinprocesscost": 112000000,
        "interestexpense": 29000000,
        "investmentincomeinterest": 6000000,
        "otherexpenses": 112000000,
        "otherincome": 82000000,
        "incomelossfromcontinuingoperationsbeforeincometaxesextraordinaryitemsnoncontrollinginterest": 96000000,
        "incometaxexpensebenefit": -245000000,
        "incomelossfromcontinuingoperationsincludingportionattributabletononcontrollinginterest": 52000000,
        "netincomeloss": -220000000,
        "incomelossfromcontinuingoperations": 48000000,
        "incomelossfromcontinuingoperationsperbasicshare": 0.18999999999999995,
        "earningspersharebasic": 1.3099999999999994,
        "incomelossfromcontinuingoperationsperdilutedshare": 0.19999999999999973,
        "earningspersharediluted": 1.3099999999999996
    },
    {
        "date": "2016-09-29",
        "symbol": "PPG",
        "period": "Q3",
        "profitloss": -179000000,
        "othercomprehensiveincomelosspensionandotherpostretirementbenefitplansadjustmentnetoftax": -348000000,
        "othercomprehensiveincomelossforeigncurrencytransactionandtranslationadjustmentnetoftax": -147000000,
        "othercomprehensiveincomelossderivativesqualifyingashedgesnetoftax": 8000000,
        "othercomprehensiveincomelossnetoftax": 209000000,
        "comprehensiveincomenetoftaxincludingportionattributabletononcontrollinginterest": 30000000,
        "netincomelossattributabletononcontrollinginterest": 5000000,
        "othercomprehensiveincomeforeigncurrencytransactionandtranslationadjustmentnetoftaxportionattributabletononcontrollinginterest": 1000000,
        "comprehensiveincomenetoftax": 24000000,
        "salesrevenuenet": 3789000000,
        "costofgoodssoldexcludingdepreciationdepletionandamortization": 2081000000,
        "sellinggeneralandadministrativeexpense": 899000000,
        "depreciation": 88000000,
        "amortizationofintangibleassets": 31000000,
        "researchanddevelopmentexpenseexcludingacquiredinprocesscost": 117000000,
        "interestexpense": 34000000,
        "investmentincomeinterest": 6000000,
        "noncashpensionsettlementchargebeforetax": 857000000,
        "otherexpenses": 13000000,
        "otherincome": 23000000,
        "incomelossfromcontinuingoperationsbeforeincometaxesextraordinaryitemsnoncontrollinginterest": -413000000,
        "incometaxexpensebenefit": 9000000,
        "incomelossfromcontinuingoperationsincludingportionattributabletononcontrollinginterest": -196000000,
        "incomelossfromdiscontinuedoperationsnetoftax": 17000000,
        "netincomeloss": -184000000,
        "incomelossfromcontinuingoperations": -201000000,
        "incomelossfromdiscontinuedoperationsnetoftaxattributabletoreportingentity": 17000000,
        "incomelossfromcontinuingoperationsperbasicshare": -0.75,
        "incomelossfromdiscontinuedoperationsnetoftaxperbasicshare": 0.06,
        "earningspersharebasic": -0.69,
        "incomelossfromcontinuingoperationsperdilutedshare": -0.75,
        "incomelossfromdiscontinuedoperationsnetoftaxperdilutedshare": 0.06,
        "earningspersharediluted": -0.69,
        "commonstockdividendspersharecashpaid": 0.4
    },
    {
        "date": "2016-06-29",
        "symbol": "PPG",
        "period": "Q2",
        "profitloss": 370000000,
        "othercomprehensiveincomelosspensionandotherpostretirementbenefitplansadjustmentnetoftax": -24000000,
        "othercomprehensiveincomelossforeigncurrencytransactionandtranslationadjustmentnetoftax": -129000000,
        "othercomprehensiveincomelossderivativesqualifyingashedgesnetoftax": 0,
        "othercomprehensiveincomelossnetoftax": -106000000,
        "comprehensiveincomenetoftaxincludingportionattributabletononcontrollinginterest": 271000000,
        "netincomelossattributabletononcontrollinginterest": 6000000,
        "othercomprehensiveincomeforeigncurrencytransactionandtranslationadjustmentnetoftaxportionattributabletononcontrollinginterest": 1000000,
        "comprehensiveincomenetoftax": 264000000,
        "salesrevenuenet": 4064000000,
        "costofgoodssoldexcludingdepreciationdepletionandamortization": 2190000000,
        "sellinggeneralandadministrativeexpense": 956000000,
        "depreciation": 91000000,
        "amortizationofintangibleassets": 30000000,
        "researchanddevelopmentexpenseexcludingacquiredinprocesscost": 119000000,
        "interestexpense": 31000000,
        "investmentincomeinterest": 7000000,
        "gainlossrelatedtoasbestoslitigationsettlement": -2000000,
        "otherexpenses": 32000000,
        "otherincome": 53000000,
        "incomelossfromcontinuingoperationsbeforeincometaxesextraordinaryitemsnoncontrollinginterest": 673000000,
        "incometaxexpensebenefit": 297000000,
        "incomelossfromcontinuingoperationsincludingportionattributabletononcontrollinginterest": 376000000,
        "netincomeloss": 370000000,
        "incomelossfromcontinuingoperations": 370000000,
        "incomelossfromcontinuingoperationsperbasicshare": 1.3800000000000001,
        "earningspersharebasic": 1.3800000000000001,
        "incomelossfromcontinuingoperationsperdilutedshare": 1.37,
        "earningspersharediluted": 1.37,
        "commonstockdividendspersharecashpaid": 0.4
    },
    {
        "date": "2016-03-30",
        "symbol": "PPG",
        "period": "Q1",
        "profitloss": 347000000,
        "othercomprehensiveincomelosspensionandotherpostretirementbenefitplansadjustmentnetoftax": -19000000,
        "othercomprehensiveincomelossforeigncurrencytransactionandtranslationadjustmentnetoftax": 45000000,
        "othercomprehensiveincomelossderivativesqualifyingashedgesnetoftax": -8000000,
        "othercomprehensiveincomelossnetoftax": 59000000,
        "comprehensiveincomenetoftaxincludingportionattributabletononcontrollinginterest": 410000000,
        "netincomelossattributabletononcontrollinginterest": 7000000,
        "othercomprehensiveincomeforeigncurrencytransactionandtranslationadjustmentnetoftaxportionattributabletononcontrollinginterest": -3000000,
        "comprehensiveincomenetoftax": 406000000,
        "salesrevenuenet": 3672000000,
        "costofgoodssoldexcludingdepreciationdepletionandamortization": 2013000000,
        "sellinggeneralandadministrativeexpense": 919000000,
        "depreciation": 91000000,
        "amortizationofintangibleassets": 30000000,
        "researchanddevelopmentexpenseexcludingacquiredinprocesscost": 118000000,
        "interestexpense": 31000000,
        "investmentincomeinterest": 7000000,
        "gainlossrelatedtoasbestoslitigationsettlement": -3000000,
        "otherexpenses": 21000000,
        "otherincome": 18000000,
        "incomelossfromcontinuingoperationsbeforeincometaxesextraordinaryitemsnoncontrollinginterest": 471000000,
        "incometaxexpensebenefit": 117000000,
        "incomelossfromcontinuingoperationsincludingportionattributabletononcontrollinginterest": 354000000,
        "netincomeloss": 347000000,
        "incomelossfromcontinuingoperations": 347000000,
        "incomelossfromcontinuingoperationsperbasicshare": 1.3,
        "earningspersharebasic": 1.3,
        "incomelossfromcontinuingoperationsperdilutedshare": 1.29,
        "earningspersharediluted": 1.29,
        "commonstockdividendspersharecashpaid": 0.36
    },
    {
        "date": "2015-12-30",
        "symbol": "PPG",
        "period": "Q4",
        "profitloss": 314000000,
        "othercomprehensiveincomelossforeigncurrencytransactionandtranslationadjustmentnetoftax": -118000000,
        "othercomprehensiveincomelosspensionandotherpostretirementbenefitplansadjustmentnetoftax": -4000000,
        "othercomprehensiveincomelossderivativesqualifyingashedgesnetoftax": -1000000,
        "othercomprehensiveincomelossnetoftax": -110000000,
        "comprehensiveincomenetoftaxincludingportionattributabletononcontrollinginterest": 204000000,
        "netincomelossattributabletononcontrollinginterest": 5000000,
        "comprehensiveincomenetoftax": 204000000,
        "salesrevenuenet": -11637000000,
        "costofgoodssoldexcludingdepreciationdepletionandamortization": 2093000000,
        "sellinggeneralandadministrativeexpense": 922000000,
        "depreciation": 92000000,
        "amortizationofintangibleassets": 33000000,
        "researchanddevelopmentexpenseexcludingacquiredinprocesscost": 125000000,
        "interestexpense": 32000000,
        "investmentincomeinterest": 9000000,
        "gainlossrelatedtoasbestoslitigationsettlement": -3000000,
        "otherexpenses": 22000000,
        "otherincome": 36000000,
        "incomelossfromcontinuingoperationsbeforeincometaxesextraordinaryitemsnoncontrollinginterest": 419000000,
        "incometaxexpensebenefit": 100000000,
        "incomelossfromcontinuingoperationsincludingportionattributabletononcontrollinginterest": 319000000,
        "netincomeloss": 314000000,
        "incomelossfromcontinuingoperations": 314000000,
        "incomelossfromcontinuingoperationsperbasicshare": 1.1799999999999997,
        "earningspersharebasic": 1.17,
        "incomelossfromcontinuingoperationsperdilutedshare": 1.1699999999999995,
        "earningspersharediluted": 1.1599999999999997
    },
    {
        "date": "2015-09-29",
        "symbol": "PPG",
        "period": "Q3",
        "profitloss": 433000000,
        "othercomprehensiveincomelosspensionandotherpostretirementbenefitplansadjustmentnetoftax": -35000000,
        "othercomprehensiveincomelossforeigncurrencytransactionandtranslationadjustmentnetoftax": -300000000,
        "othercomprehensiveincomelossderivativesqualifyingashedgesnetoftax": 2000000,
        "othercomprehensiveincomelossnetoftax": -260000000,
        "comprehensiveincomenetoftaxincludingportionattributabletononcontrollinginterest": 176000000,
        "netincomelossattributabletononcontrollinginterest": 6000000,
        "comprehensiveincomenetoftax": 173000000,
        "salesrevenuenet": 3872000000,
        "costofgoodssoldexcludingdepreciationdepletionandamortization": 2150000000,
        "sellinggeneralandadministrativeexpense": 890000000,
        "depreciation": 92000000,
        "amortizationofintangibleassets": 33000000,
        "researchanddevelopmentexpenseexcludingacquiredinprocesscost": 119000000,
        "interestexpense": 31000000,
        "investmentincomeinterest": 10000000,
        "gainlossrelatedtoasbestoslitigationsettlement": -3000000,
        "otherexpenses": 23000000,
        "otherincome": 40000000,
        "incomelossfromcontinuingoperationsbeforeincometaxesextraordinaryitemsnoncontrollinginterest": 581000000,
        "incometaxexpensebenefit": 142000000,
        "incomelossfromcontinuingoperationsincludingportionattributabletononcontrollinginterest": 439000000,
        "netincomeloss": 433000000,
        "incomelossfromcontinuingoperations": 433000000,
        "incomelossfromcontinuingoperationsperbasicshare": 1.5899999999999999,
        "earningspersharebasic": 1.5899999999999999,
        "incomelossfromcontinuingoperationsperdilutedshare": 1.58,
        "earningspersharediluted": 1.58,
        "commonstockdividendspersharecashpaid": 0.3600000000000002
    },
    {
        "date": "2015-06-29",
        "symbol": "PPG",
        "period": "Q2",
        "profitloss": 337000000,
        "othercomprehensiveincomelosspensionandotherpostretirementbenefitplansadjustmentnetoftax": -6000000,
        "othercomprehensiveincomelossforeigncurrencytransactionandtranslationadjustmentnetoftax": -27000000,
        "othercomprehensiveincomelossderivativesqualifyingashedgesnetoftax": -2000000,
        "othercomprehensiveincomelossnetoftax": -23000000,
        "comprehensiveincomenetoftaxincludingportionattributabletononcontrollinginterest": 319000000,
        "netincomelossattributabletononcontrollinginterest": 5000000,
        "othercomprehensiveincomeforeigncurrencytransactionandtranslationadjustmentnetoftaxportionattributabletononcontrollinginterest": 0,
        "comprehensiveincomenetoftax": 314000000,
        "salesrevenuenet": 4100000000,
        "costofgoodssoldexcludingdepreciationdepletionandamortization": 2283000000,
        "sellinggeneralandadministrativeexpense": 953000000,
        "depreciation": 92000000,
        "amortizationofintangibleassets": 33000000,
        "researchanddevelopmentexpenseexcludingacquiredinprocesscost": 123000000,
        "interestexpense": 34000000,
        "investmentincomeinterest": 10000000,
        "gainlossrelatedtoasbestoslitigationsettlement": -3000000,
        "otherexpenses": 35000000,
        "otherincome": 38000000,
        "incomelossfromcontinuingoperationsbeforeincometaxesextraordinaryitemsnoncontrollinginterest": 452000000,
        "incometaxexpensebenefit": 110000000,
        "incomelossfromcontinuingoperationsincludingportionattributabletononcontrollinginterest": 342000000,
        "incomelossfromdiscontinuedoperationsnetoftax": 0,
        "netincomeloss": 337000000,
        "incomelossfromcontinuingoperations": 337000000,
        "incomelossfromdiscontinuedoperationsnetoftaxattributabletoreportingentity": 0,
        "incomelossfromcontinuingoperationsperbasicshare": 0.06000000000000005,
        "incomelossfromdiscontinuedoperationsnetoftaxperbasicshare": 0,
        "earningspersharebasic": 0.06000000000000005,
        "incomelossfromcontinuingoperationsperdilutedshare": 0.06000000000000005,
        "incomelossfromdiscontinuedoperationsnetoftaxperdilutedshare": 0,
        "earningspersharediluted": 0.06000000000000005,
        "commonstockdividendspersharecashpaid": 0.019999999999999907
    },
    {
        "date": "2015-03-30",
        "symbol": "PPG",
        "period": "Q1",
        "profitloss": 322000000,
        "othercomprehensiveincomelosspensionandotherpostretirementbenefitplansadjustmentnetoftax": -68000000,
        "othercomprehensiveincomelossforeigncurrencytransactionandtranslationadjustmentnetoftax": -272000000,
        "othercomprehensiveincomelossderivativesqualifyingashedgesnetoftax": 6000000,
        "othercomprehensiveincomelossnetoftax": -193000000,
        "comprehensiveincomenetoftaxincludingportionattributabletononcontrollinginterest": 129000000,
        "netincomelossattributabletononcontrollinginterest": 5000000,
        "othercomprehensiveincomeforeigncurrencytransactionandtranslationadjustmentnetoftaxportionattributabletononcontrollinginterest": -5000000,
        "comprehensiveincomenetoftax": 129000000,
        "salesrevenuenet": 3662000000,
        "costofgoodssoldexcludingdepreciationdepletionandamortization": 2065000000,
        "sellinggeneralandadministrativeexpense": 914000000,
        "depreciation": 87000000,
        "amortizationofintangibleassets": 33000000,
        "researchanddevelopmentexpenseexcludingacquiredinprocesscost": 119000000,
        "interestexpense": 29000000,
        "investmentincomeinterest": 11000000,
        "gainlossrelatedtoasbestoslitigationsettlement": -3000000,
        "otherexpenses": 24000000,
        "otherincome": 31000000,
        "incomelossfromcontinuingoperationsbeforeincometaxesextraordinaryitemsnoncontrollinginterest": 430000000,
        "incometaxexpensebenefit": 104000000,
        "incomelossfromcontinuingoperationsincludingportionattributabletononcontrollinginterest": 326000000,
        "incomelossfromdiscontinuedoperationsnetoftax": 1000000,
        "netincomeloss": 322000000,
        "incomelossfromcontinuingoperations": 321000000,
        "incomelossfromdiscontinuedoperationsnetoftaxattributabletoreportingentity": 1000000,
        "incomelossfromcontinuingoperationsperbasicshare": 2.35,
        "incomelossfromdiscontinuedoperationsnetoftaxperbasicshare": 0.01,
        "earningspersharebasic": 2.36,
        "incomelossfromcontinuingoperationsperdilutedshare": 2.33,
        "incomelossfromdiscontinuedoperationsnetoftaxperdilutedshare": 0.01,
        "earningspersharediluted": 2.34,
        "commonstockdividendspersharecashpaid": 0.67
    },
    {
        "date": "2014-12-30",
        "symbol": "PPG",
        "period": "Q4",
        "profitloss": 1294000000,
        "othercomprehensiveincomelossforeigncurrencytransactionandtranslationadjustmentnetoftax": -360000000,
        "othercomprehensiveincomelosspensionandotherpostretirementbenefitplansadjustmentnetoftax": 376000000,
        "othercomprehensiveincomelossderivativesqualifyingashedgesnetoftax": 63000000,
        "othercomprehensiveincomelossnetoftax": -637000000,
        "comprehensiveincomenetoftaxincludingportionattributabletononcontrollinginterest": -584000000,
        "netincomelossattributabletononcontrollinginterest": -12000000,
        "othercomprehensiveincomeforeigncurrencytransactionandtranslationadjustmentnetoftaxportionattributabletononcontrollinginterest": -4000000,
        "comprehensiveincomenetoftax": -586000000,
        "salesrevenuenet": -11655000000,
        "costofgoodssoldexcludingdepreciationdepletionandamortization": 2165000000,
        "sellinggeneralandadministrativeexpense": 932000000,
        "depreciation": 90000000,
        "amortizationofintangibleassets": 33000000,
        "researchanddevelopmentexpenseexcludingacquiredinprocesscost": 126000000,
        "interestexpense": 45000000,
        "investmentincomeinterest": 12000000,
        "gainlossrelatedtoasbestoslitigationsettlement": -3000000,
        "otherexpenses": 31000000,
        "otherincome": 44000000,
        "incomelossfromcontinuingoperationsbeforeincometaxesextraordinaryitemsnoncontrollinginterest": 21000000,
        "incometaxexpensebenefit": -213000000,
        "incomelossfromcontinuingoperationsincludingportionattributabletononcontrollinginterest": 92000000,
        "incomelossfromdiscontinuedoperationsnetoftax": -3000000,
        "netincomeloss": 83000000,
        "incomelossfromcontinuingoperations": 86000000,
        "incomelossfromdiscontinuedoperationsnetoftaxattributabletoreportingentity": -3000000,
        "incomelossfromcontinuingoperationsperbasicshare": 0.639999999999999,
        "incomelossfromdiscontinuedoperationsnetoftaxperbasicshare": 0.019999999999999574,
        "earningspersharebasic": 0.6600000000000001,
        "incomelossfromcontinuingoperationsperdilutedshare": 0.6299999999999997,
        "incomelossfromdiscontinuedoperationsnetoftaxperdilutedshare": 0.019999999999999574,
        "earningspersharediluted": 0.6499999999999986
    },
    {
        "date": "2014-09-29",
        "symbol": "PPG",
        "period": "Q3",
        "profitloss": 377000000,
        "othercomprehensiveincomelosspensionandotherpostretirementbenefitplansadjustmentnetoftax": -16000000,
        "othercomprehensiveincomelossforeigncurrencytransactionandtranslationadjustmentnetoftax": -294000000,
        "othercomprehensiveincomelossderivativesqualifyingashedgesnetoftax": 6000000,
        "othercomprehensiveincomelossnetoftax": -272000000,
        "comprehensiveincomenetoftaxincludingportionattributabletononcontrollinginterest": 105000000,
        "netincomelossattributabletononcontrollinginterest": 6000000,
        "othercomprehensiveincomeforeigncurrencytransactionandtranslationadjustmentnetoftaxportionattributabletononcontrollinginterest": -6000000,
        "comprehensiveincomenetoftax": 105000000,
        "salesrevenuenet": 3935000000,
        "costofgoodssoldexcludingdepreciationdepletionandamortization": 2229000000,
        "sellinggeneralandadministrativeexpense": 941000000,
        "depreciation": 87000000,
        "amortizationofintangibleassets": 32000000,
        "researchanddevelopmentexpenseexcludingacquiredinprocesscost": 120000000,
        "interestexpense": 47000000,
        "investmentincomeinterest": 13000000,
        "gainlossrelatedtoasbestoslitigationsettlement": -3000000,
        "otherexpenses": 150000000,
        "otherincome": 160000000,
        "incomelossfromcontinuingoperationsbeforeincometaxesextraordinaryitemsnoncontrollinginterest": 499000000,
        "incometaxexpensebenefit": 116000000,
        "incomelossfromcontinuingoperationsincludingportionattributabletononcontrollinginterest": 383000000,
        "incomelossfromdiscontinuedoperationsnetoftax": -6000000,
        "netincomeloss": 371000000,
        "incomelossfromcontinuingoperations": 377000000,
        "incomelossfromdiscontinuedoperationsnetoftaxattributabletoreportingentity": -6000000,
        "incomelossfromcontinuingoperationsperbasicshare": 2.73,
        "incomelossfromdiscontinuedoperationsnetoftaxperbasicshare": -0.04,
        "earningspersharebasic": 2.69,
        "incomelossfromcontinuingoperationsperdilutedshare": 2.7,
        "incomelossfromdiscontinuedoperationsnetoftaxperdilutedshare": -0.04,
        "earningspersharediluted": 2.66,
        "commonstockdividendspersharecashpaid": 0.67
    },
    {
        "date": "2014-06-29",
        "symbol": "PPG",
        "period": "Q2",
        "profitloss": 392000000,
        "othercomprehensiveincomelosspensionandotherpostretirementbenefitplansadjustmentnetoftax": -14000000,
        "othercomprehensiveincomelossforeigncurrencytransactionandtranslationadjustmentnetoftax": 41000000,
        "othercomprehensiveincomelossderivativesqualifyingashedgesnetoftax": -3000000,
        "othercomprehensiveincomelossnetoftax": 52000000,
        "comprehensiveincomenetoftaxincludingportionattributabletononcontrollinginterest": 444000000,
        "netincomelossattributabletononcontrollinginterest": 6000000,
        "othercomprehensiveincomeforeigncurrencytransactionandtranslationadjustmentnetoftaxportionattributabletononcontrollinginterest": 3000000,
        "comprehensiveincomenetoftax": 435000000,
        "salesrevenuenet": 4082000000,
        "costofgoodssoldexcludingdepreciationdepletionandamortization": 2306000000,
        "sellinggeneralandadministrativeexpense": 985000000,
        "depreciation": 84000000,
        "amortizationofintangibleassets": 31000000,
        "researchanddevelopmentexpenseexcludingacquiredinprocesscost": 126000000,
        "interestexpense": 48000000,
        "investmentincomeinterest": 13000000,
        "gainlossrelatedtoasbestoslitigationsettlement": -3000000,
        "otherexpenses": 19000000,
        "otherincome": 31000000,
        "incomelossfromcontinuingoperationsbeforeincometaxesextraordinaryitemsnoncontrollinginterest": 524000000,
        "incometaxexpensebenefit": 125000000,
        "incomelossfromcontinuingoperationsincludingportionattributabletononcontrollinginterest": 399000000,
        "incomelossfromdiscontinuedoperationsnetoftax": -7000000,
        "netincomeloss": 386000000,
        "incomelossfromcontinuingoperations": 393000000,
        "incomelossfromdiscontinuedoperationsnetoftaxattributabletoreportingentity": -7000000,
        "incomelossfromcontinuingoperationsperbasicshare": 2.83,
        "incomelossfromdiscontinuedoperationsnetoftaxperbasicshare": -0.05,
        "earningspersharebasic": 2.78,
        "incomelossfromcontinuingoperationsperdilutedshare": 2.8,
        "incomelossfromdiscontinuedoperationsnetoftaxperdilutedshare": -0.05,
        "earningspersharediluted": 2.75,
        "commonstockdividendspersharecashpaid": 0.67
    },
    {
        "date": "2014-03-30",
        "symbol": "PPG",
        "period": "Q1",
        "profitloss": 39000000,
        "othercomprehensiveincomelosspensionandotherpostretirementbenefitplansadjustmentnetoftax": -11000000,
        "othercomprehensiveincomelossforeigncurrencytransactionandtranslationadjustmentnetoftax": 17000000,
        "othercomprehensiveincomelossderivativesqualifyingashedgesnetoftax": 3000000,
        "othercomprehensiveincomelossnetoftax": 1000000,
        "comprehensiveincomenetoftaxincludingportionattributabletononcontrollinginterest": 1332000000,
        "netincomelossattributabletononcontrollinginterest": -33000000,
        "othercomprehensiveincomeforeigncurrencytransactionandtranslationadjustmentnetoftaxportionattributabletononcontrollinginterest": 1000000,
        "comprehensiveincomenetoftax": 1292000000,
        "salesrevenuenet": 3636000000,
        "costofgoodssoldexcludingdepreciationdepletionandamortization": 2091000000,
        "sellinggeneralandadministrativeexpense": 900000000,
        "depreciation": 89000000,
        "amortizationofintangibleassets": 30000000,
        "researchanddevelopmentexpenseexcludingacquiredinprocesscost": 120000000,
        "interestexpense": 47000000,
        "investmentincomeinterest": 12000000,
        "gainlossrelatedtoasbestoslitigationsettlement": -3000000,
        "otherexpenses": 21000000,
        "otherincome": 25000000,
        "incomelossfromcontinuingoperationsbeforeincometaxesextraordinaryitemsnoncontrollinginterest": 372000000,
        "incometaxexpensebenefit": 1000000,
        "incomelossfromcontinuingoperationsincludingportionattributabletononcontrollinginterest": 283000000,
        "incomelossfromdiscontinuedoperationsnetoftax": 1018000000,
        "netincomeloss": 1262000000,
        "incomelossfromcontinuingoperations": 277000000,
        "incomelossfromdiscontinuedoperationsnetoftaxattributabletoreportingentity": 985000000,
        "incomelossfromcontinuingoperationsperbasicshare": 1.99,
        "incomelossfromdiscontinuedoperationsnetoftaxperbasicshare": 7.08,
        "earningspersharebasic": 9.07,
        "incomelossfromcontinuingoperationsperdilutedshare": 1.97,
        "incomelossfromdiscontinuedoperationsnetoftaxperdilutedshare": 7,
        "earningspersharediluted": 8.97,
        "commonstockdividendspersharecashpaid": 0.61
    },
    {
        "date": "2013-12-30",
        "symbol": "PPG",
        "period": "Q4",
        "profitloss": 225000000,
        "othercomprehensiveincomelossforeigncurrencytransactionandtranslationadjustmentnetoftax": -33000000,
        "othercomprehensiveincomelossderivativesqualifyingashedgesnetoftax": 1000000,
        "othercomprehensiveincomelossnetoftax": 206000000,
        "comprehensiveincomenetoftaxincludingportionattributabletononcontrollinginterest": 492000000,
        "netincomelossattributabletononcontrollinginterest": 28000000,
        "othercomprehensiveincomeforeigncurrencytransactionandtranslationadjustmentnetoftaxportionattributabletononcontrollinginterest": 1000000,
        "comprehensiveincomenetoftax": 463000000,
        "salesrevenuenet": 3702000000,
        "costofgoodssoldexcludingdepreciationdepletionandamortization": 2108000000,
        "sellinggeneralandadministrativeexpense": 957000000,
        "depreciation": 94000000,
        "amortizationofintangibleassets": 31000000,
        "researchanddevelopmentexpenseexcludingacquiredinprocesscost": 126000000,
        "interestexpense": 48000000,
        "investmentincomeinterest": 13000000,
        "gainlossrelatedtoasbestoslitigationsettlement": -2000000,
        "otherexpenses": 22000000,
        "otherincome": 46000000,
        "incomelossfromcontinuingoperationsbeforeincometaxesextraordinaryitemsnoncontrollinginterest": 373000000,
        "incometaxexpensebenefit": 268000000,
        "incomelossfromcontinuingoperationsincludingportionattributabletononcontrollinginterest": 282000000,
        "netincomeloss": 254000000,
        "incomelossfromcontinuingoperations": 254000000,
        "incomelossfromcontinuingoperationsperbasicshare": 1.81,
        "incomelossfromdiscontinuedoperationsnetoftaxperbasicshare": 0.1700000000000017,
        "earningspersharebasic": 1.980000000000004,
        "incomelossfromcontinuingoperationsperdilutedshare": 1.7899999999999996,
        "incomelossfromdiscontinuedoperationsnetoftaxperdilutedshare": 0.16000000000000192,
        "earningspersharediluted": 1.9499999999999993
    },
    {
        "date": "2013-09-29",
        "symbol": "PPG",
        "period": "Q3",
        "profitloss": 255000000,
        "othercomprehensiveincomelossforeigncurrencytransactionandtranslationadjustmentnetoftax": 172000000,
        "othercomprehensiveincomeunrealizedholdinggainlossonsecuritiesarisingduringperiodnetoftax": -1000000,
        "othercomprehensiveincomelossderivativesqualifyingashedgesnetoftax": 2000000,
        "othercomprehensiveincomelossnetoftax": 173000000,
        "comprehensiveincomenetoftaxincludingportionattributabletononcontrollinginterest": 428000000,
        "netincomelossattributabletononcontrollinginterest": 29000000,
        "othercomprehensiveincomeforeigncurrencytransactionandtranslationadjustmentnetoftaxportionattributabletononcontrollinginterest": 3000000,
        "comprehensiveincomenetoftax": 396000000,
        "salesrevenuenet": 3980000000,
        "costofgoodssoldexcludingdepreciationdepletionandamortization": 2238000000,
        "sellinggeneralandadministrativeexpense": 964000000,
        "depreciation": 91000000,
        "amortizationofintangibleassets": 28000000,
        "researchanddevelopmentexpenseexcludingacquiredinprocesscost": 123000000,
        "interestexpense": 48000000,
        "investmentincomeinterest": 11000000,
        "restructuringcharges": 98000000,
        "gainlossrelatedtoasbestoslitigationsettlement": -3000000,
        "otherexpenses": 120000000,
        "otherincome": 31000000,
        "incomelossfromcontinuingoperationsbeforeincometaxesextraordinaryitemsnoncontrollinginterest": 309000000,
        "incometaxexpensebenefit": 60000000,
        "incomelossfromcontinuingoperationsincludingportionattributabletononcontrollinginterest": 249000000,
        "incomelossfromdiscontinuedoperationsnetoftax": 6000000,
        "netincomeloss": 226000000,
        "incomelossfromcontinuingoperations": 220000000,
        "incomelossfromdiscontinuedoperationsnetoftaxattributabletoreportingentity": 6000000,
        "incomelossfromcontinuingoperationsperbasicshare": 1.54,
        "incomelossfromdiscontinuedoperationsnetoftaxperbasicshare": 0.04,
        "earningspersharebasic": 1.58,
        "incomelossfromcontinuingoperationsperdilutedshare": 1.52,
        "incomelossfromdiscontinuedoperationsnetoftaxperdilutedshare": 0.04,
        "earningspersharediluted": 1.56,
        "commonstockdividendspersharecashpaid": 0.61
    },
    {
        "date": "2013-06-29",
        "symbol": "PPG",
        "period": "Q2",
        "profitloss": 2716000000,
        "othercomprehensiveincomelosspensionandotherpostretirementbenefitplansadjustmentnetoftax": -17000000,
        "othercomprehensiveincomelossforeigncurrencytransactionandtranslationadjustmentnetoftax": -59000000,
        "othercomprehensiveincomelossderivativesqualifyingashedgesnetoftax": 8000000,
        "othercomprehensiveincomelossnetoftax": 30000000,
        "comprehensiveincomenetoftaxincludingportionattributabletononcontrollinginterest": 332000000,
        "netincomelossattributabletononcontrollinginterest": 30000000,
        "othercomprehensiveincomeforeigncurrencytransactionandtranslationadjustmentnetoftaxportionattributabletononcontrollinginterest": -8000000,
        "comprehensiveincomenetoftax": 310000000,
        "salesrevenuenet": 4095000000,
        "costofgoodssoldexcludingdepreciationdepletionandamortization": 2343000000,
        "sellinggeneralandadministrativeexpense": 981000000,
        "depreciation": 90000000,
        "amortizationofintangibleassets": 34000000,
        "researchanddevelopmentexpenseexcludingacquiredinprocesscost": 124000000,
        "interestexpense": 47000000,
        "investmentincomeinterest": 9000000,
        "gainlossrelatedtoasbestoslitigationsettlement": -3000000,
        "otherexpenses": 23000000,
        "otherincome": 30000000,
        "incomelossfromcontinuingoperationsbeforeincometaxesextraordinaryitemsnoncontrollinginterest": 489000000,
        "incometaxexpensebenefit": 1000000,
        "incomelossfromcontinuingoperationsincludingportionattributabletononcontrollinginterest": 371000000,
        "incomelossfromdiscontinuedoperationsnetoftax": 0,
        "netincomeloss": 341000000,
        "incomelossfromcontinuingoperations": 341000000,
        "incomelossfromdiscontinuedoperationsnetoftaxattributabletoreportingentity": 0,
        "incomelossfromcontinuingoperationsperbasicshare": 2.36,
        "incomelossfromdiscontinuedoperationsnetoftaxperbasicshare": 0.11999999999999922,
        "earningspersharebasic": 2.4800000000000004,
        "incomelossfromcontinuingoperationsperdilutedshare": 2.34,
        "incomelossfromdiscontinuedoperationsnetoftaxperdilutedshare": 0.10999999999999943,
        "earningspersharediluted": 2.450000000000003,
        "commonstockdividendspersharecashpaid": 0.61
    },
    {
        "date": "2013-03-30",
        "symbol": "PPG",
        "period": "Q1",
        "profitloss": 35000000,
        "othercomprehensiveincomelosspensionandotherpostretirementbenefitplansadjustmentnetoftax": -181000000,
        "othercomprehensiveincomelossforeigncurrencytransactionandtranslationadjustmentnetoftax": -131000000,
        "othercomprehensiveincomelossderivativesqualifyingashedgesnetoftax": -1000000,
        "othercomprehensiveincomelossnetoftax": -3000000,
        "comprehensiveincomenetoftaxincludingportionattributabletononcontrollinginterest": 2500000000,
        "netincomelossattributabletononcontrollinginterest": 35000000,
        "othercomprehensiveincomeforeigncurrencytransactionandtranslationadjustmentnetoftaxportionattributabletononcontrollinginterest": -3000000,
        "comprehensiveincomenetoftax": 2468000000,
        "salesrevenuenet": 3331000000,
        "costofgoodssoldexcludingdepreciationdepletionandamortization": 1947000000,
        "sellinggeneralandadministrativeexpense": 797000000,
        "depreciation": 81000000,
        "amortizationofintangibleassets": 26000000,
        "researchanddevelopmentexpenseexcludingacquiredinprocesscost": 115000000,
        "interestexpense": 53000000,
        "investmentincomeinterest": 10000000,
        "gainlossrelatedtoasbestoslitigationsettlement": -3000000,
        "otherexpenses": 25000000,
        "otherincome": 24000000,
        "incomelossfromcontinuingoperationsbeforeincometaxesextraordinaryitemsnoncontrollinginterest": 318000000,
        "incometaxexpensebenefit": 4000000,
        "incomelossfromcontinuingoperationsincludingportionattributabletononcontrollinginterest": 254000000,
        "incomelossfromdiscontinuedoperationsnetoftax": 2191000000,
        "netincomeloss": 2410000000,
        "incomelossfromcontinuingoperations": 219000000,
        "incomelossfromdiscontinuedoperationsnetoftaxattributabletoreportingentity": 2191000000,
        "incomelossfromcontinuingoperationsperbasicshare": 1.5,
        "incomelossfromdiscontinuedoperationsnetoftaxperbasicshare": 14.99,
        "earningspersharebasic": 16.49,
        "incomelossfromcontinuingoperationsperdilutedshare": 1.48,
        "incomelossfromdiscontinuedoperationsnetoftaxperdilutedshare": 14.83,
        "earningspersharediluted": 16.31,
        "commonstockdividendspersharecashpaid": 0.59
    },
    {
        "date": "2012-12-30",
        "symbol": "PPG",
        "period": "Q4",
        "profitloss": 227000000,
        "comprehensiveincomenetoftaxincludingportionattributabletononcontrollinginterest": 293000000,
        "netincomelossattributabletononcontrollinginterest": 26000000,
        "othercomprehensiveincomeforeigncurrencytransactionandtranslationadjustmentnetoftaxportionattributabletononcontrollinginterest": 2000000,
        "comprehensiveincomenetoftax": 265000000,
        "salesrevenuenet": 3648000000,
        "costofgoodssoldexcludingdepreciationdepletionandamortization": 2200000000,
        "sellinggeneralandadministrativeexpense": 847000000,
        "depreciation": 90000000,
        "amortizationofintangibleassets": 27000000,
        "researchanddevelopmentexpenseexcludingacquiredinprocesscost": 118000000,
        "interestexpense": 55000000,
        "investmentincomeinterest": 10000000,
        "gainlossrelatedtoasbestoslitigationsettlement": -3000000,
        "otherexpenses": 18000000,
        "otherincome": 38000000,
        "netincomeloss": -686000000,
        "earningspersharebasic": 1.4699999999999998,
        "earningspersharediluted": 1.4499999999999993
    },
    {
        "date": "2012-09-29",
        "symbol": "PPG",
        "period": "Q3",
        "profitloss": 339000000,
        "comprehensiveincomenetoftaxincludingportionattributabletononcontrollinginterest": 458000000,
        "netincomelossattributabletononcontrollinginterest": 25000000,
        "othercomprehensiveincomeforeigncurrencytransactionandtranslationadjustmentnetoftaxportionattributabletononcontrollinginterest": 5000000,
        "comprehensiveincomenetoftax": 428000000,
        "salesrevenuenet": 3845000000,
        "costofgoodssoldexcludingdepreciationdepletionandamortization": 2288000000,
        "sellinggeneralandadministrativeexpense": 816000000,
        "depreciation": 89000000,
        "amortizationofintangibleassets": 27000000,
        "researchanddevelopmentexpenseexcludingacquiredinprocesscost": 113000000,
        "interestexpense": 54000000,
        "investmentincomeinterest": 10000000,
        "gainlossrelatedtoasbestoslitigationsettlement": -3000000,
        "otherexpenses": 25000000,
        "otherincome": 46000000,
        "incomelossfromcontinuingoperationsbeforeincometaxesminorityinterestandincomelossfromequitymethodinvestments": 486000000,
        "incometaxexpensebenefit": 0,
        "netincomeloss": 339000000,
        "earningspersharebasic": 2.21,
        "earningspersharediluted": 2.1900000000000004,
        "commonstockdividendspersharecashpaid": 0.5900000000000002
    },
    {
        "date": "2012-06-29",
        "symbol": "PPG",
        "period": "Q2",
        "salesrevenuenet": 3955000000,
        "costofgoodssoldexcludingdepreciationdepletionandamortization": 2352000000,
        "sellinggeneralandadministrativeexpense": 821000000,
        "depreciation": 87000000,
        "amortizationofintangibleassets": 27000000,
        "researchanddevelopmentexpenseexcludingacquiredinprocesscost": 113000000,
        "interestexpense": 50000000,
        "investmentincomeinterest": 9000000,
        "restructuringcharges": 0,
        "gainlossrelatedtoasbestoslitigationsettlement": -3000000,
        "otherexpenses": 18000000,
        "otherincome": 34000000,
        "incomelossfromcontinuingoperationsbeforeincometaxesminorityinterestandincomelossfromequitymethodinvestments": 527000000,
        "incometaxexpensebenefit": -1000000,
        "profitloss": 337000000,
        "netincomelossattributabletononcontrollinginterest": 34000000,
        "netincomeloss": 362000000,
        "earningspersharebasic": 2.37,
        "earningspersharediluted": 2.34,
        "commonstockdividendspersharecashpaid": 0.59,
        "comprehensiveincomenetoftaxincludingportionattributabletononcontrollinginterest": 250000000,
        "othercomprehensiveincomeforeigncurrencytransactionandtranslationadjustmentnetoftaxportionattributabletononcontrollinginterest": -6000000,
        "comprehensiveincomenetoftax": 222000000
    },
    {
        "date": "2012-03-30",
        "symbol": "PPG",
        "period": "Q1",
        "salesrevenuenet": 3752000000,
        "costofgoodssoldexcludingdepreciationdepletionandamortization": 2229000000,
        "sellinggeneralandadministrativeexpense": 851000000,
        "depreciation": 89000000,
        "amortizationofintangibleassets": 29000000,
        "researchanddevelopmentexpenseexcludingacquiredinprocesscost": 111000000,
        "interestexpense": 51000000,
        "investmentincomeinterest": 10000000,
        "restructuringcharges": 208000000,
        "gainlossrelatedtoasbestoslitigationsettlement": -3000000,
        "otherexpenses": 171000000,
        "otherincome": 31000000,
        "incomelossfromcontinuingoperationsbeforeincometaxesminorityinterestandincomelossfromequitymethodinvestments": 51000000,
        "incometaxexpensebenefit": 2000000,
        "profitloss": 38000000,
        "netincomelossattributabletononcontrollinginterest": 38000000,
        "netincomeloss": 13000000,
        "earningspersharebasic": 0.08,
        "earningspersharediluted": 0.08,
        "commonstockdividendspersharecashpaid": 0.57,
        "othercomprehensiveincomedefinedbenefitplansadjustmentnetoftaxperiodincreasedecrease": 8000000,
        "othercomprehensiveincomeforeigncurrencytransactionandtranslationadjustmentnetoftaxperiodincreasedecrease": 137000000,
        "othercomprehensiveincomederivativesqualifyingashedgesnetoftaxperiodincreasedecrease": 6000000,
        "othercomprehensiveincomelossnetoftaxperiodincreasedecrease": 4000000,
        "comprehensiveincomenetoftaxincludingportionattributabletononcontrollinginterest": 202000000,
        "othercomprehensiveincomeforeigncurrencytransactionandtranslationadjustmentnetoftaxportionattributabletononcontrollinginterest": 4000000,
        "comprehensiveincomenetoftax": 160000000
    },
    {
        "date": "2011-12-30",
        "symbol": "PPG",
        "period": "Q4",
        "salesrevenuenet": 3517000000,
        "sellinggeneralandadministrativeexpense": 802000000,
        "depreciation": 86000000,
        "amortizationofdeferredcharges": 29000000,
        "researchanddevelopmentexpenseexcludingacquiredinprocesscost": 109000000,
        "interestexpense": 51000000,
        "gainlossrelatedtoasbestoslitigationsettlement": -3000000,
        "otherexpenses": 13000000,
        "otherincome": 13000000,
        "incomelossfromcontinuingoperationsbeforeincometaxesminorityinterestandincomelossfromequitymethodinvestments": 284000000,
        "incometaxexpensebenefit": 45000000,
        "profitloss": -825000000,
        "netincomelossattributabletononcontrollinginterest": 23000000,
        "netincomeloss": -799000000,
        "earningspersharebasic": 1.4100000000000006,
        "earningspersharediluted": 1.3900000000000001
    },
    {
        "date": "2011-09-29",
        "symbol": "PPG",
        "period": "Q3",
        "salesrevenuenet": 3849000000,
        "costofgoodssoldexcludingdepreciationdepletionandamortization": 2353000000,
        "sellinggeneralandadministrativeexpense": 806000000,
        "depreciation": 86000000,
        "amortizationofdeferredcharges": 30000000,
        "researchanddevelopmentexpenseexcludingacquiredinprocesscost": 108000000,
        "interestexpense": 51000000,
        "investmentincomeinterest": 11000000,
        "gainlossrelatedtoasbestoslitigationsettlement": -3000000,
        "otherexpenses": 14000000,
        "otherincome": 53000000,
        "incomelossfromcontinuingoperationsbeforeincometaxesminorityinterestandincomelossfromequitymethodinvestments": 462000000,
        "incometaxexpensebenefit": 120000000,
        "profitloss": 342000000,
        "netincomelossattributabletononcontrollinginterest": 31000000,
        "netincomeloss": 311000000,
        "earningspersharebasic": 1.98,
        "earningspersharediluted": 1.96,
        "commonstockdividendspersharecashpaid": 0.57
    },
    {
        "date": "2011-06-29",
        "symbol": "PPG",
        "period": "Q2",
        "salesrevenuenet": 3986000000,
        "costofgoodssoldexcludingdepreciationdepletionandamortization": 2417000000,
        "sellinggeneralandadministrativeexpense": 829000000,
        "depreciation": 88000000,
        "amortizationofdeferredcharges": 31000000,
        "researchanddevelopmentexpenseexcludingacquiredinprocesscost": 110000000,
        "interestexpense": 55000000,
        "gainlossrelatedtoasbestoslitigationsettlement": -3000000,
        "otherexpenses": 14000000,
        "otherincome": 61000000,
        "incomelossfromcontinuingoperationsbeforeincometaxesminorityinterestandincomelossfromequitymethodinvestments": 500000000,
        "incometaxexpensebenefit": 128000000,
        "profitloss": 372000000,
        "netincomelossattributabletononcontrollinginterest": 32000000,
        "netincomeloss": 340000000,
        "earningspersharebasic": 2.15,
        "earningspersharediluted": 2.12,
        "commonstockdividendspersharecashpaid": 0.57
    },
    {
        "date": "2011-03-30",
        "symbol": "PPG",
        "period": "Q1",
        "salesrevenuenet": 3533000000,
        "costofrevenueexcludingdepreciationandamortization": 2127000000,
        "sellinggeneralandadministrativeexpense": 797000000,
        "depreciation": 86000000,
        "amortizationofdeferredcharges": 31000000,
        "researchanddevelopmentexpenseexcludingacquiredinprocesscost": 103000000,
        "interestexpense": 53000000,
        "gainlossrelatedtoasbestoslitigationsettlement": -3000000,
        "otherexpenses": 32000000,
        "otherincome": 50000000,
        "incomelossfromcontinuingoperationsbeforeincometaxesminorityinterestandincomelossfromequitymethodinvestments": 351000000,
        "incometaxexpensebenefit": 92000000,
        "profitloss": 228000000,
        "netincomelossattributabletononcontrollinginterest": 31000000,
        "netincomeloss": 228000000,
        "earningspersharebasic": 1.42,
        "earningspersharediluted": 1.4,
        "commonstockdividendspersharecashpaid": 0.55
    },
    {
        "date": "2010-12-30",
        "symbol": "PPG",
        "period": "Q4",
        "salesrevenuenet": 3379000000,
        "costofrevenueexcludingdepreciationandamortization": 2086000000,
        "sellinggeneralandadministrativeexpense": 768000000,
        "depreciation": 86000000,
        "amortizationofdeferredcharges": 32000000,
        "researchanddevelopmentexpenseexcludingacquiredinprocesscost": 104000000,
        "interestexpense": 52000000,
        "gainlossrelatedtoasbestoslitigationsettlement": -3000000,
        "otherexpenses": 19000000,
        "otherincome": 62000000,
        "incomelossfromcontinuingoperationsbeforeincometaxes": -211000000,
        "incometaxexpensebenefit": 63000000,
        "profitloss": 117000000,
        "netincomelossattributabletononcontrollinginterest": 23000000,
        "netincomeloss": -461000000,
        "earningspersharebasic": 1.2600000000000002,
        "earningspersharediluted": 1.24
    },
    {
        "date": "2010-09-29",
        "symbol": "PPG",
        "period": "Q3",
        "salesrevenuenet": 3460000000,
        "costofrevenueexcludingdepreciationandamortization": 2108000000,
        "sellinggeneralandadministrativeexpense": 739000000,
        "depreciation": 86000000,
        "amortizationofdeferredcharges": 30000000,
        "researchanddevelopmentexpenseexcludingacquiredinprocesscost": 97000000,
        "interestexpense": 46000000,
        "gainlossrelatedtoasbestoslitigationsettlement": -3000000,
        "otherexpenses": 28000000,
        "otherincome": 63000000,
        "incomelossfromcontinuingoperationsbeforeincometaxes": 386000000,
        "incometaxexpensebenefit": 94000000,
        "profitloss": 292000000,
        "netincomelossattributabletononcontrollinginterest": 30000000,
        "netincomeloss": 262000000,
        "earningspersharebasic": 1.59,
        "earningspersharediluted": 1.58,
        "commonstockdividendspersharecashpaid": 0.55
    },
    {
        "date": "2010-06-29",
        "symbol": "PPG",
        "period": "Q2",
        "salesrevenuenet": 3458000000,
        "costofrevenueexcludingdepreciationandamortization": 2076000000,
        "sellinggeneralandadministrativeexpense": 745000000,
        "depreciation": 85000000,
        "amortizationofdeferredcharges": 30000000,
        "researchanddevelopmentexpenseexcludingacquiredinprocesscost": 97000000,
        "interestexpense": 46000000,
        "gainlossrelatedtoasbestoslitigationsettlement": -3000000,
        "otherexpenses": 17000000,
        "otherincome": 53000000,
        "incomelossfromcontinuingoperationsbeforeincometaxes": 412000000,
        "incometaxexpensebenefit": 111000000,
        "profitloss": 301000000,
        "netincomelossattributabletononcontrollinginterest": 29000000,
        "netincomeloss": 272000000,
        "earningspersharebasic": 1.64,
        "earningspersharediluted": 1.63,
        "commonstockdividendspersharecashpaid": 0.54
    },
    {
        "date": "2010-03-30",
        "symbol": "PPG",
        "period": "Q1",
        "salesrevenuenet": 3126000000,
        "costofrevenueexcludingdepreciationandamortization": 1944000000,
        "sellinggeneralandadministrativeexpense": 727000000,
        "depreciation": 89000000,
        "amortizationofdeferredcharges": 32000000,
        "researchanddevelopmentexpenseexcludingacquiredinprocesscost": 96000000,
        "interestexpense": 45000000,
        "gainlossrelatedtoasbestoslitigationsettlement": -3000000,
        "otherexpenses": 20000000,
        "otherincome": 36000000,
        "incomelossfromcontinuingoperationsbeforeincometaxes": 206000000,
        "incometaxexpensebenefit": 147000000,
        "profitloss": 59000000,
        "netincomelossattributabletononcontrollinginterest": 29000000,
        "netincomeloss": 30000000,
        "earningspersharebasic": 0.18,
        "earningspersharediluted": 0.18,
        "commonstockdividendspersharecashpaid": 0.54
    }
]