[
    {
        "date": "2024-09-29",
        "symbol": "WY",
        "period": "Q3",
        "revenues": 1681000000,
        "costofgoodsandservicessold": 1431000000,
        "grossprofit": 250000000,
        "sellingexpense": 22000000,
        "generalandadministrativeexpense": 122000000,
        "otheroperatingincomeexpensenet": -28000000,
        "operatingincomeloss": 78000000,
        "nonoperatingpensionandotherpostretirementbenefitcostscredits": -10000000,
        "interestandotherincomeloss": 14000000,
        "interestexpense": 69000000,
        "incomelossfromcontinuingoperationsbeforeincometaxesextraordinaryitemsnoncontrollinginterest": 13000000,
        "incometaxexpensebenefit": -15000000,
        "netincomeloss": 28000000,
        "earningspersharebasic": 0.04,
        "earningspersharediluted": 0.04,
        "weightedaveragenumberofsharesoutstandingbasic": 727621000,
        "weightedaveragenumberofdilutedsharesoutstanding": 728180000,
        "othercomprehensiveincomeforeigncurrencytransactionandtranslationgainlossarisingduringperiodnetoftax": 6000000,
        "othercomprehensiveincomedefinedbenefitplansnetunamortizedgainlossarisingduringperiodnetoftax": 6000000,
        "othercomprehensiveincomedefinedbenefitplannetpriorservicecostscreditarisingduringperiodnetoftax": -1000000,
        "othercomprehensiveincomelossnetoftax": 6000000,
        "comprehensiveincomenetoftax": 41000000,
        "othercomprehensiveincomedefinedbenefitplansnetunamortizedgainlossarisingduringperiodtax": 3000000
    },
    {
        "date": "2024-06-29",
        "symbol": "WY",
        "period": "Q2",
        "revenues": 1939000000,
        "costofgoodsandservicessold": 1535000000,
        "grossprofit": 404000000,
        "sellingexpense": 22000000,
        "generalandadministrativeexpense": 116000000,
        "otheroperatingincomeexpensenet": 4000000,
        "operatingincomeloss": 270000000,
        "nonoperatingpensionandotherpostretirementbenefitcostscredits": -10000000,
        "interestandotherincomeloss": 13000000,
        "interestexpense": 67000000,
        "incomelossfromcontinuingoperationsbeforeincometaxesextraordinaryitemsnoncontrollinginterest": 206000000,
        "incometaxexpensebenefit": 33000000,
        "netincomeloss": 173000000,
        "earningspersharebasic": 0.24,
        "earningspersharediluted": 0.24,
        "weightedaveragenumberofsharesoutstandingbasic": 729026000,
        "weightedaveragenumberofdilutedsharesoutstanding": 729341000,
        "othercomprehensiveincomeforeigncurrencytransactionandtranslationgainlossarisingduringperiodnetoftax": -5000000,
        "othercomprehensiveincomedefinedbenefitplansnetunamortizedgainlossarisingduringperiodnetoftax": 7000000,
        "othercomprehensiveincomelossnetoftax": 2000000,
        "comprehensiveincomenetoftax": 175000000,
        "othercomprehensiveincomedefinedbenefitplansnetunamortizedgainlossarisingduringperiodtax": 2000000
    },
    {
        "date": "2024-03-30",
        "symbol": "WY",
        "period": "Q1",
        "revenues": 1796000000,
        "costofgoodsandservicessold": 1441000000,
        "grossprofit": 355000000,
        "sellingexpense": 22000000,
        "generalandadministrativeexpense": 120000000,
        "otheroperatingincomeexpensenet": -17000000,
        "operatingincomeloss": 196000000,
        "nonoperatingpensionandotherpostretirementbenefitcostscredits": -11000000,
        "interestandotherincomeloss": 16000000,
        "interestexpense": 67000000,
        "incomelossfromcontinuingoperationsbeforeincometaxesextraordinaryitemsnoncontrollinginterest": 134000000,
        "incometaxexpensebenefit": 20000000,
        "netincomeloss": 114000000,
        "earningspersharebasic": 0.16,
        "earningspersharediluted": 0.16,
        "weightedaveragenumberofsharesoutstandingbasic": 730043000,
        "weightedaveragenumberofdilutedsharesoutstanding": 730558000,
        "othercomprehensiveincomeforeigncurrencytransactionandtranslationgainlossarisingduringperiodnetoftax": -9000000,
        "othercomprehensiveincomedefinedbenefitplansnetunamortizedgainlossarisingduringperiodnetoftax": 8000000,
        "othercomprehensiveincomelossnetoftax": -1000000,
        "comprehensiveincomenetoftax": 113000000,
        "othercomprehensiveincomedefinedbenefitplansnetunamortizedgainlossarisingduringperiodtax": 4000000
    },
    {
        "date": "2023-12-30",
        "symbol": "WY",
        "period": "Q4",
        "revenues": 1774000000,
        "costofgoodsandservicessold": 1432000000,
        "grossprofit": 342000000,
        "sellingexpense": 21000000,
        "generalandadministrativeexpense": 115000000,
        "otheroperatingincomeexpensenet": -12000000,
        "operatingincomeloss": 278000000,
        "nonoperatingpensionandotherpostretirementbenefitcostscredits": -12000000,
        "interestandotherincomeloss": 22000000,
        "interestexpense": 72000000,
        "incomelossfromcontinuingoperationsbeforeincometaxesextraordinaryitemsnoncontrollinginterest": 216000000,
        "incometaxexpensebenefit": -3000000,
        "netincomeloss": 219000000,
        "earningspersharebasic": 0.2999999999999998,
        "earningspersharediluted": 0.2999999999999998,
        "weightedaveragenumberofsharesoutstandingbasic": 731654000,
        "weightedaveragenumberofdilutedsharesoutstanding": 732222000,
        "othercomprehensiveincomedefinedbenefitplansnetunamortizedgainlossarisingduringperiodnetoftax": -74000000,
        "comprehensiveincomenetoftax": 149000000,
        "othercomprehensiveincomedefinedbenefitplansnetunamortizedgainlossarisingduringperiodtax": 10000000
    },
    {
        "date": "2023-09-29",
        "symbol": "WY",
        "period": "Q3",
        "revenues": 2585000000,
        "costofgoodsandservicessold": 1520000000,
        "grossprofit": 502000000,
        "sellingexpense": 22000000,
        "generalandadministrativeexpense": 107000000,
        "otheroperatingincomeexpensenet": -20000000,
        "operatingincomeloss": 353000000,
        "nonoperatingpensionandotherpostretirementbenefitcostscredits": -12000000,
        "interestandotherincomeloss": 24000000,
        "interestexpense": 72000000,
        "incomelossfromcontinuingoperationsbeforeincometaxesextraordinaryitemsnoncontrollinginterest": 293000000,
        "incometaxexpensebenefit": 54000000,
        "netincomeloss": 239000000,
        "earningspersharebasic": 0.33000000000000007,
        "earningspersharediluted": 0.33000000000000007,
        "weightedaveragenumberofsharesoutstandingbasic": -733115000,
        "weightedaveragenumberofdilutedsharesoutstanding": -733366000,
        "othercomprehensiveincomedefinedbenefitplansnetunamortizedgainlossarisingduringperiodnetoftax": 9000000,
        "othercomprehensiveincomelossnetoftax": 2000000,
        "comprehensiveincomenetoftax": 241000000,
        "othercomprehensiveincomedefinedbenefitplansnetunamortizedgainlossarisingduringperiodtax": 3000000
    },
    {
        "date": "2023-06-29",
        "symbol": "WY",
        "period": "Q2",
        "revenues": 1997000000,
        "costofgoodsandservicessold": 1528000000,
        "grossprofit": 469000000,
        "sellingexpense": 22000000,
        "generalandadministrativeexpense": 108000000,
        "otheroperatingincomeexpensenet": -20000000,
        "operatingincomeloss": 319000000,
        "nonoperatingpensionandotherpostretirementbenefitcostscredits": -12000000,
        "interestandotherincomeloss": 18000000,
        "interestexpense": 70000000,
        "incomelossfromcontinuingoperationsbeforeincometaxesextraordinaryitemsnoncontrollinginterest": 255000000,
        "incometaxexpensebenefit": 25000000,
        "netincomeloss": 230000000,
        "earningspersharebasic": 0.31,
        "earningspersharediluted": 0.31,
        "weightedaveragenumberofsharesoutstandingbasic": 732021000,
        "weightedaveragenumberofdilutedsharesoutstanding": 732362000,
        "othercomprehensiveincomeforeigncurrencytransactionandtranslationgainlossarisingduringperiodnetoftax": 7000000,
        "othercomprehensiveincomedefinedbenefitplansnetunamortizedgainlossarisingduringperiodnetoftax": 7000000,
        "othercomprehensiveincomedefinedbenefitplannetpriorservicecostscreditarisingduringperiodnetoftax": -1000000,
        "othercomprehensiveincomelossnetoftax": 15000000,
        "comprehensiveincomenetoftax": 245000000,
        "othercomprehensiveincomedefinedbenefitplansnetunamortizedgainlossarisingduringperiodtax": 2000000,
        "othercomprehensiveincomelosspensionandotherpostretirementbenefitplansbenefitplanimprovementtaxeffect": 1000000
    },
    {
        "date": "2023-03-30",
        "symbol": "WY",
        "period": "Q1",
        "revenues": 1318000000,
        "costofgoodsandservicessold": 1512000000,
        "grossprofit": 369000000,
        "sellingexpense": 22000000,
        "generalandadministrativeexpense": 101000000,
        "otheroperatingincomeexpensenet": -10000000,
        "operatingincomeloss": 236000000,
        "nonoperatingpensionandotherpostretirementbenefitcostscredits": -9000000,
        "interestandotherincomeloss": 12000000,
        "interestexpense": 66000000,
        "incomelossfromcontinuingoperationsbeforeincometaxesextraordinaryitemsnoncontrollinginterest": 173000000,
        "incometaxexpensebenefit": 22000000,
        "netincomeloss": 151000000,
        "earningspersharebasic": 0.21,
        "earningspersharediluted": 0.21,
        "weightedaveragenumberofsharesoutstandingbasic": 733163000,
        "weightedaveragenumberofdilutedsharesoutstanding": 733546000,
        "othercomprehensiveincomedefinedbenefitplansnetunamortizedgainlossarisingduringperiodnetoftax": 7000000,
        "othercomprehensiveincomelossnetoftax": 7000000,
        "comprehensiveincomenetoftax": 158000000,
        "othercomprehensiveincomedefinedbenefitplansnetunamortizedgainlossarisingduringperiodtax": 2000000
    },
    {
        "date": "2022-09-29",
        "symbol": "WY",
        "period": "Q3",
        "revenues": 2276000000,
        "costofgoodsandservicessold": 1694000000,
        "grossprofit": 582000000,
        "sellingexpense": 24000000,
        "generalandadministrativeexpense": 100000000,
        "otheroperatingincomeexpensenet": -1000000,
        "operatingincomeloss": 457000000,
        "nonoperatingpensionandotherpostretirementbenefitcostscredits": -12000000,
        "interestexpense": 67000000,
        "incomelossfromcontinuingoperationsbeforeincometaxesextraordinaryitemsnoncontrollinginterest": 387000000,
        "incometaxexpensebenefit": 77000000,
        "netincomeloss": 310000000,
        "weightedaveragenumberofsharesoutstandingbasic": -2027000,
        "weightedaveragenumberofdilutedsharesoutstanding": -2113000,
        "othercomprehensiveincomeforeigncurrencytransactionandtranslationgainlossarisingduringperiodnetoftax": -53000000,
        "othercomprehensiveincomedefinedbenefitplansnetunamortizedgainlossarisingduringperiodnetoftax": 32000000,
        "othercomprehensiveincomelossnetoftax": -20000000,
        "comprehensiveincomenetoftax": 290000000,
        "othercomprehensiveincomedefinedbenefitplansnetunamortizedgainlossarisingduringperiodtax": 11000000,
        "othercomprehensiveincomelosspensionandotherpostretirementbenefitplansbenefitplanimprovementtaxeffect": 0
    },
    {
        "date": "2022-06-29",
        "symbol": "WY",
        "period": "Q2",
        "revenues": 2973000000,
        "costofgoodsandservicessold": 1789000000,
        "grossprofit": 1184000000,
        "sellingexpense": 23000000,
        "generalandadministrativeexpense": 102000000,
        "otheroperatingincomeexpensenet": -12000000,
        "operatingincomeloss": 1047000000,
        "nonoperatingpensionandotherpostretirementbenefitcostscredits": -11000000,
        "interestexpense": 65000000,
        "gainslossesonextinguishmentofdebt": 0,
        "incomelossfromcontinuingoperationsbeforeincometaxesextraordinaryitemsnoncontrollinginterest": 972000000,
        "incometaxexpensebenefit": 184000000,
        "netincomeloss": 788000000,
        "weightedaveragenumberofsharesoutstandingbasic": -1490000,
        "weightedaveragenumberofdilutedsharesoutstanding": -1629000,
        "othercomprehensiveincomeforeigncurrencytransactionandtranslationgainlossarisingduringperiodnetoftax": -25000000,
        "othercomprehensiveincomedefinedbenefitplansnetunamortizedgainlossarisingduringperiodnetoftax": 77000000,
        "othercomprehensiveincomelossnetoftax": 52000000,
        "comprehensiveincomenetoftax": 840000000,
        "othercomprehensiveincomedefinedbenefitplansnetunamortizedgainlossarisingduringperiodtax": 24000000,
        "othercomprehensiveincomelosspensionandotherpostretirementbenefitplansbenefitplanimprovementtaxeffect": 2000000
    },
    {
        "date": "2022-03-30",
        "symbol": "WY",
        "period": "Q1",
        "revenues": 3112000000,
        "costofgoodsandservicessold": 1647000000,
        "grossprofit": 1465000000,
        "sellingexpense": 23000000,
        "generalandadministrativeexpense": 92000000,
        "otheroperatingincomeexpensenet": -6000000,
        "operatingincomeloss": 1344000000,
        "nonoperatingpensionandotherpostretirementbenefitcostscredits": -15000000,
        "interestandotherincomeloss": -1000000,
        "interestexpense": 72000000,
        "gainslossesonextinguishmentofdebt": -276000000,
        "incomelossfromcontinuingoperationsbeforeincometaxesextraordinaryitemsnoncontrollinginterest": 980000000,
        "incometaxexpensebenefit": 209000000,
        "netincomeloss": 771000000,
        "earningspersharebasicanddiluted": 1.03,
        "weightedaveragenumberofsharesoutstandingbasic": 747507000,
        "weightedaveragenumberofdilutedsharesoutstanding": 748823000,
        "othercomprehensiveincomeforeigncurrencytransactionandtranslationgainlossarisingduringperiodnetoftax": 16000000,
        "othercomprehensiveincomedefinedbenefitplansnetunamortizedgainlossarisingduringperiodnetoftax": 13000000,
        "othercomprehensiveincomelossnetoftax": 29000000,
        "comprehensiveincomenetoftax": 800000000,
        "othercomprehensiveincomedefinedbenefitplansnetunamortizedgainlossarisingduringperiodtax": 5000000,
        "othercomprehensiveincomelosspensionandotherpostretirementbenefitplansbenefitplanimprovementtaxeffect": -1000000
    },
    {
        "date": "2021-09-29",
        "symbol": "WY",
        "period": "Q3",
        "revenues": 2345000000,
        "costofgoodsandservicessold": 1589000000,
        "grossprofit": 756000000,
        "sellingexpense": 24000000,
        "generalandadministrativeexpense": 98000000,
        "otheroperatingincomeexpensenet": 15000000,
        "operatingincomeloss": 649000000,
        "nonoperatingpensionandotherpostretirementbenefitcostscredits": -5000000,
        "interestandotherincome": 1000000,
        "interestexpense": 79000000,
        "incomelossfromcontinuingoperationsbeforeincometaxesextraordinaryitemsnoncontrollinginterest": 566000000,
        "incometaxexpensebenefit": 84000000,
        "netincomeloss": 482000000,
        "earningspersharebasicanddiluted": 0.64,
        "weightedaveragenumberofsharesoutstandingbasic": 750105000,
        "weightedaveragenumberofdilutedsharesoutstanding": 751443000,
        "othercomprehensiveincomeforeigncurrencytransactionandtranslationgainlossarisingduringperiodnetoftax": -25000000,
        "othercomprehensiveincomedefinedbenefitplansnetunamortizedgainlossarisingduringperiodnetoftax": 29000000,
        "othercomprehensiveincomedefinedbenefitplannetpriorservicecostscreditarisingduringperiodnetoftax": -1000000,
        "othercomprehensiveincomelossnetoftax": 5000000,
        "comprehensiveincomenetoftax": 487000000,
        "othercomprehensiveincomedefinedbenefitplansnetunamortizedgainlossarisingduringperiodtax": 10000000
    },
    {
        "date": "2021-06-29",
        "symbol": "WY",
        "period": "Q2",
        "revenues": 3144000000,
        "costofgoodsandservicessold": 1583000000,
        "grossprofit": 1561000000,
        "sellingexpense": 24000000,
        "generalandadministrativeexpense": 95000000,
        "otheroperatingincomeexpensenet": -13000000,
        "operatingincomeloss": 1429000000,
        "nonoperatingpensionandotherpostretirementbenefitcostscredits": -1000000,
        "interestandotherincome": 2000000,
        "interestexpense": 78000000,
        "incomelossfromcontinuingoperationsbeforeincometaxesextraordinaryitemsnoncontrollinginterest": 1352000000,
        "incometaxexpensebenefit": 324000000,
        "netincomeloss": 1028000000,
        "earningspersharebasicanddiluted": 1.37,
        "weightedaveragenumberofsharesoutstandingbasic": 750127000,
        "weightedaveragenumberofdilutedsharesoutstanding": 751508000,
        "othercomprehensiveincomeforeigncurrencytransactionandtranslationgainlossarisingduringperiodnetoftax": 15000000,
        "othercomprehensiveincomedefinedbenefitplansnetunamortizedgainlossarisingduringperiodnetoftax": 121000000,
        "othercomprehensiveincomelossnetoftax": 136000000,
        "comprehensiveincomenetoftax": 1164000000,
        "othercomprehensiveincomedefinedbenefitplansnetunamortizedgainlossarisingduringperiodtax": 38000000,
        "othercomprehensiveincomelosspensionandotherpostretirementbenefitplansbenefitplanimprovementtaxeffect": 1000000
    },
    {
        "date": "2021-03-30",
        "symbol": "WY",
        "period": "Q1",
        "revenues": 2506000000,
        "costofgoodsandservicessold": 1430000000,
        "grossprofit": 1076000000,
        "sellingexpense": 20000000,
        "generalandadministrativeexpense": 90000000,
        "otheroperatingincomeexpensenet": -10000000,
        "operatingincomeloss": 956000000,
        "nonoperatingpensionandotherpostretirementbenefitcostscredits": -8000000,
        "interestandotherincome": 1000000,
        "interestexpense": 79000000,
        "incomelossfromcontinuingoperationsbeforeincometaxesextraordinaryitemsnoncontrollinginterest": 870000000,
        "incometaxexpensebenefit": 189000000,
        "netincomeloss": 681000000,
        "earningspersharebasicanddiluted": 0.91,
        "weightedaveragenumberofsharesoutstandingbasic": 748718000,
        "weightedaveragenumberofdilutedsharesoutstanding": 750024000,
        "othercomprehensiveincomeforeigncurrencytransactionandtranslationgainlossarisingduringperiodnetoftax": 9000000,
        "othercomprehensiveincomedefinedbenefitplansnetunamortizedgainlossarisingduringperiodnetoftax": 20000000,
        "othercomprehensiveincomedefinedbenefitplannetpriorservicecostscreditarisingduringperiodnetoftax": -1000000,
        "othercomprehensiveincomelossnetoftax": 30000000,
        "comprehensiveincomenetoftax": 711000000,
        "othercomprehensiveincomedefinedbenefitplansnetunamortizedgainlossarisingduringperiodtax": 7000000,
        "othercomprehensiveincomelosspensionandotherpostretirementbenefitplansbenefitplanimprovementtaxeffect": 1000000
    },
    {
        "date": "2020-06-29",
        "symbol": "WY",
        "period": "Q2",
        "revenues": 1631000000,
        "costofgoodsandservicessold": 1283000000,
        "grossprofit": 348000000,
        "sellingexpense": 18000000,
        "generalandadministrativeexpense": 84000000,
        "otheroperatingincomeexpensenet": -3000000,
        "operatingincomeloss": 243000000,
        "nonoperatingpensionandotherpostretirementbenefitcostscredits": -10000000,
        "interestandotherincome": 2000000,
        "interestexpense": 103000000,
        "incomelossfromcontinuingoperationsbeforeincometaxesextraordinaryitemsnoncontrollinginterest": 132000000,
        "incometaxexpensebenefit": 60000000,
        "netincomeloss": 72000000,
        "earningspersharebasicanddiluted": 0.1,
        "weightedaveragenumberofsharesoutstandingbasic": 746896000,
        "weightedaveragenumberofdilutedsharesoutstanding": 746984000,
        "othercomprehensiveincomeforeigncurrencytransactionandtranslationgainlossarisingduringperiodnetoftax": 17000000,
        "othercomprehensiveincomedefinedbenefitplansnetunamortizedgainlossarisingduringperiodnetoftax": 23000000,
        "othercomprehensiveincomedefinedbenefitplannetpriorservicecostscreditarisingduringperiodnetoftax": -1000000,
        "othercomprehensiveincomelossnetoftaxportionattributabletoparent": 41000000,
        "comprehensiveincomenetoftax": 113000000,
        "othercomprehensiveincomedefinedbenefitplansnetunamortizedgainlossarisingduringperiodtax": 8000000
    },
    {
        "date": "2020-03-30",
        "symbol": "WY",
        "period": "Q1",
        "revenues": 1728000000,
        "costofgoodsandservicessold": 1382000000,
        "grossprofit": 346000000,
        "sellingexpense": 22000000,
        "generalandadministrativeexpense": 74000000,
        "otheroperatingincomeexpensenet": -10000000,
        "operatingincomeloss": 240000000,
        "nonoperatingpensionandotherpostretirementbenefitcostscredits": -9000000,
        "interestandotherincome": 1000000,
        "interestexpense": 85000000,
        "incomelossfromcontinuingoperationsbeforeincometaxesextraordinaryitemsnoncontrollinginterest": 147000000,
        "incometaxexpensebenefit": -3000000,
        "netincomeloss": 150000000,
        "earningspersharebasicanddiluted": 0.2,
        "weightedaveragenumberofsharesoutstandingbasic": 746534000,
        "weightedaveragenumberofdilutedsharesoutstanding": 747155000,
        "othercomprehensiveincomeforeigncurrencytransactionandtranslationgainlossarisingduringperiodnetoftax": -42000000,
        "othercomprehensiveincomedefinedbenefitplansnetunamortizedgainlossarisingduringperiodnetoftax": 44000000,
        "othercomprehensiveincomedefinedbenefitplannetpriorservicecostscreditarisingduringperiodnetoftax": -1000000,
        "othercomprehensiveincomelossnetoftaxportionattributabletoparent": 3000000,
        "comprehensiveincomenetoftax": 153000000,
        "othercomprehensiveincomedefinedbenefitplansnetunamortizedgainlossarisingduringperiodtax": 16000000
    },
    {
        "date": "2019-06-29",
        "symbol": "WY",
        "period": "Q2",
        "revenues": 1692000000,
        "costofgoodsandservicessold": 1390000000,
        "grossprofit": 302000000,
        "sellingexpense": 21000000,
        "generalandadministrativeexpense": 80000000,
        "researchanddevelopmentexpense": 2000000,
        "otheroperatingincomeexpensenet": -13000000,
        "operatingincomeloss": 186000000,
        "nonoperatingpensionandotherpostretirementbenefitcostscredits": -10000000,
        "interestandotherincome": 6000000,
        "interestexpense": 91000000,
        "incomelossbeforeincometaxesextraordinaryitemsnoncontrollinginterest": 91000000,
        "incometaxexpensebenefit": -37000000,
        "netincomeloss": 128000000,
        "earningspersharebasicanddiluted": 0.17,
        "weightedaveragenumberofsharesoutstandingbasic": 745486000,
        "weightedaveragenumberofdilutedsharesoutstanding": 746232000,
        "othercomprehensiveincomeforeigncurrencytransactionandtranslationgainlossarisingduringperiodnetoftax": 11000000,
        "othercomprehensiveincomedefinedbenefitplansnetunamortizedgainlossarisingduringperiodnetoftax": 29000000,
        "othercomprehensiveincomedefinedbenefitplannetpriorservicecostscreditarisingduringperiodnetoftax": -1000000,
        "othercomprehensiveincomelossnetoftaxportionattributabletoparent": 39000000,
        "comprehensiveincomenetoftax": 167000000,
        "changesinunamortizednetpensionandotherpostretirementbenefitlosstaxexpensebenefit": 9000000
    },
    {
        "date": "2019-03-30",
        "symbol": "WY",
        "period": "Q1",
        "netincomeloss": -289000000,
        "othercomprehensiveincomelossforeigncurrencytransactionandtranslationadjustmentnetoftax": 14000000,
        "othercomprehensiveincomelosspensionandotherpostretirementbenefitplansnetunamortizedgainlossarisingduringperiodandreclassificationofnetgainlossrecognizedinnetperiodperiodicbenefitcostnetoftax": 344000000,
        "othercomprehensiveincomelossnetoftaxportionattributabletoparent": 14000000,
        "comprehensiveincomenetoftax": 69000000,
        "changesinunamortizednetpensionandotherpostretirementbenefitlosstaxexpensebenefit": 111000000,
        "revenues": 1643000000,
        "costofgoodsandservicessold": 1322000000,
        "grossprofit": 321000000,
        "sellingexpense": 21000000,
        "generalandadministrativeexpense": 89000000,
        "researchanddevelopmentexpense": 1000000,
        "otheroperatingincomeexpensenet": -36000000,
        "operatingincomeloss": 174000000,
        "nonoperatingpensionandotherpostretirementbenefitcostscredits": -470000000,
        "interestandotherincome": 10000000,
        "interestexpense": 107000000,
        "incomelossbeforeincometaxesextraordinaryitemsnoncontrollinginterest": -393000000,
        "incometaxexpensebenefit": -104000000,
        "earningspersharebasicanddiluted": -0.39,
        "weightedaveragenumberofsharesoutstandingbasic": 746603000,
        "weightedaveragenumberofdilutedsharesoutstanding": 746603000
    },
    {
        "date": "2018-03-30",
        "symbol": "WY",
        "period": "Q1",
        "netincomeloss": 269000000,
        "othercomprehensiveincomelossforeigncurrencytransactionandtranslationadjustmentnetoftax": -15000000,
        "othercomprehensiveincomelosspensionandotherpostretirementbenefitplansnetunamortizedgainlossarisingduringperiodandreclassificationofnetgainlossrecognizedinnetperiodperiodicbenefitcostnetoftax": 54000000,
        "othercomprehensiveincomelosspensionandotherpostretirementbenefitplansnetpriorservicecreditcostarisingduringperiodandamortizationofnetpriorservicecostrecognizedinnetperiodicpensioncostnetoftax": -1000000,
        "othercomprehensiveincomelossnetoftaxportionattributabletoparent": -15000000,
        "comprehensiveincomenetoftax": 307000000,
        "changesinunamortizednetpensionandotherpostretirementbenefitlosstaxexpensebenefit": 19000000,
        "salesrevenuenet": 1309000000,
        "costofgoodssold": 1348000000,
        "grossprofit": 517000000,
        "sellingexpense": 23000000,
        "generalandadministrativeexpense": 78000000,
        "researchanddevelopmentexpense": 2000000,
        "restructuringsettlementandimpairmentprovisions": 2000000,
        "insurancerecoveries": 20000000,
        "otheroperatingincomeexpensenet": -28000000,
        "operatingincomeloss": 404000000,
        "nonoperatingpensionandotherpostretirementbenefitcostscredits": -24000000,
        "interestandotherincome": 12000000,
        "interestexpense": 93000000,
        "incomelossbeforeincometaxesextraordinaryitemsnoncontrollinginterest": 299000000,
        "incometaxexpensebenefit": 30000000,
        "earningspersharebasicanddiluted": 0.35,
        "commonstockdividendspersharecashpaid": 0.32,
        "weightedaveragenumberofsharesoutstandingbasic": 756815000,
        "weightedaveragenumberofdilutedsharesoutstanding": 759462000
    },
    {
        "date": "2017-03-30",
        "symbol": "WY",
        "period": "Q1",
        "netincomeloss": 157000000,
        "othercomprehensiveincomelossforeigncurrencytransactionandtranslationadjustmentnetoftax": 2000000,
        "othercomprehensiveincomelosspensionandotherpostretirementbenefitplansnetunamortizedgainlossarisingduringperiodandreclassificationofnetgainlossrecognizedinnetperiodperiodicbenefitcostnetoftax": 29000000,
        "othercomprehensiveincomelosspensionandotherpostretirementbenefitplansnetpriorservicecreditcostarisingduringperiodandamortizationofnetpriorservicecostrecognizedinnetperiodicpensioncostnetoftax": -1000000,
        "othercomprehensiveincomelossavailableforsalesecuritiesadjustmentnetoftax": 1000000,
        "othercomprehensiveincomelossnetoftaxportionattributabletoparent": 2000000,
        "comprehensiveincomenetoftax": 188000000,
        "changesinunamortizednetpensionandotherpostretirementbenefitlosstaxexpensebenefit": 26000000,
        "salesrevenuenet": 1693000000,
        "costofgoodssold": 1272000000,
        "grossprofit": 421000000,
        "sellingexpense": 22000000,
        "generalandadministrativeexpense": 87000000,
        "researchanddevelopmentexpense": 4000000,
        "restructuringsettlementandimpairmentprovisions": 13000000,
        "otheroperatingincomeexpensenet": -2000000,
        "operatingincomeloss": 293000000,
        "nonoperatingpensionandotherpostretirementbenefitcostscredits": 22000000,
        "interestandotherincome": 9000000,
        "interestexpense": 99000000,
        "incomelossfromcontinuingoperationsbeforeincometaxesextraordinaryitemsnoncontrollinginterest": 181000000,
        "incometaxexpensebenefit": 24000000,
        "incomelossfromcontinuingoperationsincludingportionattributabletononcontrollinginterest": 157000000,
        "netincomelossavailabletocommonstockholdersbasic": 157000000,
        "incomelossfromcontinuingoperationsperbasicanddilutedshare": 0.21,
        "earningspersharebasicanddiluted": 0.21,
        "commonstockdividendspersharecashpaid": 0.31,
        "weightedaveragenumberofsharesoutstandingbasic": 750665000,
        "weightedaveragenumberofdilutedsharesoutstanding": 754747000
    },
    {
        "date": "2016-06-29",
        "symbol": "WY",
        "period": "Q2",
        "netincomeloss": 3000000,
        "othercomprehensiveincomelossforeigncurrencytransactionandtranslationadjustmentnetoftax": -2000000,
        "othercomprehensiveincomelosspensionandotherpostretirementbenefitplansnetunamortizedgainlossarisingduringperiodandreclassificationofnetgainlossrecognizedinnetperiodperiodicbenefitcostnetoftax": 1000000,
        "othercomprehensiveincomelossavailableforsalesecuritiesadjustmentnetoftax": 1000000,
        "othercomprehensiveincomelossnetoftaxportionattributabletoparent": 1000000,
        "comprehensiveincomenetoftax": 3000000,
        "changesinunamortizednetpensionandotherpostretirementbenefitlosstaxexpensebenefit": 17000000,
        "changesinunamortizedpriorservicecredittaxexpensebenefit": -1000000,
        "salesrevenuenet": 1655000000,
        "costofgoodssold": -207000000,
        "grossprofit": 3000000,
        "sellingexpense": 22000000,
        "generalandadministrativeexpense": 94000000,
        "researchanddevelopmentexpense": 4000000,
        "restructuringsettlementandimpairmentprovisions": 4000000,
        "otheroperatingincomeexpensenet": -5000000,
        "operatingincomeloss": 3000000,
        "incomelossfromequitymethodinvestmentsfromcontinuingoperations": 7000000,
        "interestandotherincome": 10000000,
        "interestexpense": 114000000,
        "incomelossfromcontinuingoperationsbeforeincometaxesextraordinaryitemsnoncontrollinginterest": 3000000,
        "incometaxexpensebenefit": 31000000,
        "incomelossfromcontinuingoperationsincludingportionattributabletononcontrollinginterest": 3000000,
        "incomelossfromdiscontinuedoperationsnetoftaxattributabletoreportingentity": 38000000,
        "preferredstockdividendsincomestatementimpact": 11000000,
        "netincomelossavailabletocommonstockholdersbasic": 3000000,
        "incomelossfromcontinuingoperationsperbasicshare": 0.16,
        "discontinuedoperationincomelossfromdiscontinuedoperationnetoftaxperbasicshare": 0.05,
        "earningspersharebasic": 0.21,
        "commonstockdividendspersharecashpaid": 0.31,
        "weightedaveragenumberofsharesoutstandingbasic": 743140000,
        "weightedaveragenumberofdilutedsharesoutstanding": 747701000
    },
    {
        "date": "2016-03-30",
        "symbol": "WY",
        "period": "Q1",
        "netincomeloss": 81000000,
        "othercomprehensiveincomelossforeigncurrencytransactionandtranslationadjustmentnetoftax": 41000000,
        "othercomprehensiveincomelosspensionandotherpostretirementbenefitplansnetunamortizedgainlossarisingduringperiodandreclassificationofnetgainlossrecognizedinnetperiodperiodicbenefitcostnetoftax": 10000000,
        "othercomprehensiveincomelosspensionandotherpostretirementbenefitplansnetpriorservicecreditcostarisingduringperiodandamortizationofnetpriorservicecostrecognizedinnetperiodicpensioncostnetoftax": -2000000,
        "othercomprehensiveincomelossnetoftaxportionattributabletoparent": 41000000,
        "comprehensiveincomenetoftax": 130000000,
        "changesinunamortizednetpensionandotherpostretirementbenefitlosstaxexpensebenefit": 8000000,
        "changesinunamortizedpriorservicecredittaxexpensebenefit": 1000000,
        "salesrevenuenet": 1835000000,
        "costofgoodssold": 1475000000,
        "grossprofit": 360000000,
        "sellingexpense": 27000000,
        "generalandadministrativeexpense": 85000000,
        "researchanddevelopmentexpense": 6000000,
        "restructuringsettlementandimpairmentprovisions": 117000000,
        "otheroperatingincomeexpensenet": 61000000,
        "operatingincomeloss": 186000000,
        "incomelossfromequitymethodinvestments": 3000000,
        "interestandotherincome": 9000000,
        "interestexpense": 97000000,
        "incomelossfromcontinuingoperationsbeforeincometaxesextraordinaryitemsnoncontrollinginterest": 101000000,
        "incometaxexpensebenefit": 20000000,
        "preferredstockdividendsincomestatementimpact": 11000000,
        "netincomelossavailabletocommonstockholdersbasic": 70000000,
        "earningspersharebasicanddiluted": 0.11,
        "commonstockdividendspersharecashpaid": 0.31,
        "weightedaveragenumberofsharesoutstandingbasic": 632004000,
        "weightedaveragenumberofdilutedsharesoutstanding": 634872000
    },
    {
        "date": "2015-09-29",
        "symbol": "WY",
        "period": "Q3",
        "netincomeloss": 191000000,
        "othercomprehensiveincomelossforeigncurrencytransactionandtranslationadjustmentnetoftax": -43000000,
        "othercomprehensiveincomelosspensionandotherpostretirementbenefitplansnetunamortizedgainlossarisingduringperiodandreclassificationofnetgainlossrecognizedinnetperiodperiodicbenefitcostnetoftax": 55000000,
        "othercomprehensiveincomelosspensionandotherpostretirementbenefitplansnetpriorservicecreditcostarisingduringperiodandamortizationofnetpriorservicecostrecognizedinnetperiodicpensioncostnetoftax": -1000000,
        "othercomprehensiveincomelossavailableforsalesecuritiesadjustmentnetoftax": -1000000,
        "othercomprehensiveincomelossnetoftaxportionattributabletoparent": 10000000,
        "comprehensiveincomenetoftax": 201000000,
        "changesinunamortizednetpensionandotherpostretirementbenefitlosstaxexpensebenefit": 25000000,
        "changesinunamortizedpriorservicecredittaxexpensebenefit": -1000000,
        "salesrevenuenet": 1820000000,
        "costofgoodssold": 1445000000,
        "grossprofit": 375000000,
        "sellingexpense": 27000000,
        "generalandadministrativeexpense": 60000000,
        "researchanddevelopmentexpense": 6000000,
        "restructuringsettlementandimpairmentprovisions": 2000000,
        "otheroperatingincomeexpensenet": -21000000,
        "operatingincomeloss": 259000000,
        "interestandotherincome": 4000000,
        "interestexpense": 88000000,
        "incomelossfromcontinuingoperationsbeforeincometaxesextraordinaryitemsnoncontrollinginterest": 175000000,
        "incometaxexpensebenefit": -16000000,
        "incomelossfromcontinuingoperationsincludingportionattributabletononcontrollinginterest": 191000000,
        "preferredstockdividendsincomestatementimpact": 11000000,
        "netincomelossavailabletocommonstockholdersbasic": 180000000,
        "incomelossfromcontinuingoperationsperbasicshare": 0.35,
        "earningspersharebasic": 0.35,
        "incomelossfromcontinuingoperationsperdilutedshare": 0.35,
        "earningspersharediluted": 0.35,
        "commonstockdividendspersharecashpaid": 0.31,
        "weightedaveragenumberofsharesoutstandingbasic": 514301000,
        "weightedaveragenumberofdilutedsharesoutstanding": 517088000
    },
    {
        "date": "2015-03-30",
        "symbol": "WY",
        "period": "Q1",
        "netincomeloss": 101000000,
        "othercomprehensiveincomelossforeigncurrencytransactionandtranslationadjustmentnetoftax": -47000000,
        "othercomprehensiveincomelosspensionandotherpostretirementbenefitplansnetunamortizedgainlossarisingduringperiodandreclassificationofnetgainlossrecognizedinnetperiodperiodicbenefitcostnetoftax": 62000000,
        "othercomprehensiveincomelosspensionandotherpostretirementbenefitplansnetpriorservicecreditcostarisingduringperiodandamortizationofnetpriorservicecostrecognizedinnetperiodicpensioncostnetoftax": -2000000,
        "othercomprehensiveincomelossavailableforsalesecuritiesadjustmentnetoftax": 1000000,
        "othercomprehensiveincomelossnetoftaxportionattributabletoparent": -47000000,
        "comprehensiveincomenetoftax": 115000000,
        "changesinunamortizednetpensionandotherpostretirementbenefitlosstaxexpensebenefit": 26000000,
        "salesrevenuenet": 1721000000,
        "costofgoodssold": 1385000000,
        "grossprofit": 336000000,
        "sellingexpense": 28000000,
        "generalandadministrativeexpense": 74000000,
        "researchanddevelopmentexpense": 5000000,
        "restructuringsettlementandimpairmentprovisions": 14000000,
        "otheroperatingincomeexpensenet": -15000000,
        "operatingincomeloss": 200000000,
        "interestandotherincome": 3000000,
        "interestexpense": 83000000,
        "incomelossfromcontinuingoperationsbeforeincometaxesextraordinaryitemsnoncontrollinginterest": 120000000,
        "incometaxexpensebenefit": 19000000,
        "incomelossfromcontinuingoperationsincludingportionattributabletononcontrollinginterest": 101000000,
        "preferredstockdividendsincomestatementimpact": 11000000,
        "netincomelossavailabletocommonstockholdersbasic": 90000000,
        "incomelossfromcontinuingoperationsperbasicanddilutedshare": 0.17,
        "earningspersharebasicanddiluted": 0.17,
        "commonstockdividendspersharecashpaid": 0.29,
        "weightedaveragenumberofsharesoutstandingbasic": 523426000,
        "weightedaveragenumberofdilutedsharesoutstanding": 527423000
    },
    {
        "date": "2014-09-29",
        "symbol": "WY",
        "period": "Q3",
        "netincomelossavailabletocommonstockholdersbasic": 1153000000,
        "othercomprehensiveincomelossforeigncurrencytransactionandtranslationadjustmentnetoftax": -26000000,
        "othercomprehensiveincomelosspensionandotherpostretirementbenefitplansnetunamortizedgainlossarisingduringperiodandreclassificationofnetgainlossrecognizedinnetperiodperiodicbenefitcostnetoftax": -143000000,
        "othercomprehensiveincomelosspensionandotherpostretirementbenefitplansnetpriorservicecreditcostarisingduringperiodandamortizationofnetpriorservicecostrecognizedinnetperiodicpensioncostnetoftax": -25000000,
        "othercomprehensiveincomelossnetoftaxportionattributabletoparent": -194000000,
        "comprehensiveincomenetoftax": 959000000,
        "changesinunamortizednetpensionandotherpostretirementbenefitlosstaxexpensebenefit": -91000000,
        "changesinunamortizedpriorservicecredittaxexpensebenefit": -13000000,
        "salesrevenuenet": 503000000,
        "costofgoodssold": 1504000000,
        "grossprofit": 411000000,
        "sellingexpense": 28000000,
        "generalandadministrativeexpense": 73000000,
        "researchanddevelopmentexpense": 5000000,
        "restructuringsettlementandimpairmentprovisions": 10000000,
        "otheroperatingincomeexpensenet": 23000000,
        "operatingincomeloss": 318000000,
        "interestandotherincome": 7000000,
        "interestexpense": 88000000,
        "incomelossfromcontinuingoperationsbeforeincometaxesextraordinaryitemsnoncontrollinginterest": 237000000,
        "incometaxexpensebenefit": 39000000,
        "incomelossfromcontinuingoperationsincludingportionattributabletononcontrollinginterest": 198000000,
        "incomelossfromdiscontinuedoperationsnetoftaxattributabletoreportingentity": 966000000,
        "netincomeloss": 1164000000,
        "preferredstockdividendsincomestatementimpact": 11000000,
        "incomelossfromcontinuingoperationsperbasicshare": 0.35,
        "discontinuedoperationincomelossfromdiscontinuedoperationnetoftaxperbasicshare": 1.82,
        "earningspersharebasic": 2.17,
        "incomelossfromcontinuingoperationsperdilutedshare": 0.35,
        "discontinuedoperationincomelossfromdiscontinuedoperationnetoftaxperdilutedshare": 1.8,
        "earningspersharediluted": 2.15,
        "commonstockdividendspersharecashpaid": 0.29,
        "weightedaveragenumberofsharesoutstandingbasic": 531913000,
        "weightedaveragenumberofdilutedsharesoutstanding": 536012000
    },
    {
        "date": "2014-06-29",
        "symbol": "WY",
        "period": "Q2",
        "netincomelossavailabletocommonstockholdersbasic": 280000000,
        "othercomprehensiveincomelossforeigncurrencytransactionandtranslationadjustmentnetoftax": 21000000,
        "othercomprehensiveincomelosspensionandotherpostretirementbenefitplansnetunamortizedgainlossarisingduringperiodandreclassificationofnetgainlossrecognizedinnetperiodperiodicbenefitcostnetoftax": 31000000,
        "othercomprehensiveincomelosspensionandotherpostretirementbenefitplansnetpriorservicecreditcostarisingduringperiodandamortizationofnetpriorservicecostrecognizedinnetperiodicpensioncostnetoftax": -14000000,
        "othercomprehensiveincomelossnetoftaxportionattributabletoparent": 38000000,
        "comprehensiveincomenetoftax": 318000000,
        "changesinunamortizednetpensionandotherpostretirementbenefitlosstaxexpensebenefit": 18000000,
        "changesinunamortizedpriorservicecredittaxexpensebenefit": -13000000,
        "salesrevenuenet": 186000000,
        "costofgoodssold": 1499000000,
        "grossprofit": 465000000,
        "sellingexpense": 27000000,
        "generalandadministrativeexpense": 88000000,
        "researchanddevelopmentexpense": 7000000,
        "restructuringsettlementandimpairmentprovisions": 8000000,
        "otheroperatingincomeexpensenet": 65000000,
        "operatingincomeloss": 400000000,
        "interestandotherincome": 11000000,
        "interestexpense": 83000000,
        "incomelossfromcontinuingoperationsbeforeincometaxesextraordinaryitemsnoncontrollinginterest": 328000000,
        "incometaxexpensebenefit": 59000000,
        "incomelossfromcontinuingoperationsincludingportionattributabletononcontrollinginterest": 269000000,
        "incomelossfromdiscontinuedoperationsnetoftaxattributabletoreportingentity": 22000000,
        "netincomeloss": 291000000,
        "preferredstockdividendsincomestatementimpact": 11000000,
        "incomelossfromcontinuingoperationsperbasicshare": 0.44,
        "discontinuedoperationincomelossfromdiscontinuedoperationnetoftaxperbasicshare": 0.04,
        "earningspersharebasic": 0.48,
        "incomelossfromcontinuingoperationsperdilutedshare": 0.43,
        "discontinuedoperationincomelossfromdiscontinuedoperationnetoftaxperdilutedshare": 0.04,
        "earningspersharediluted": 0.47,
        "weightedaveragenumberofsharesoutstandingbasic": 586061000,
        "weightedaveragenumberofdilutedsharesoutstanding": 589766000
    },
    {
        "date": "2014-03-30",
        "symbol": "WY",
        "period": "Q1",
        "incomelossfromcontinuingoperationsincludingportionattributabletononcontrollinginterest": 194000000,
        "othercomprehensiveincomelossforeigncurrencytransactionandtranslationadjustmentnetoftax": -22000000,
        "othercomprehensiveincomelosspensionandotherpostretirementbenefitplansnetunamortizedgainlossarisingduringperiodandreclassificationofnetgainlossrecognizedinnetperiodperiodicbenefitcostnetoftax": 36000000,
        "othercomprehensiveincomelosspensionandotherpostretirementbenefitplansnetpriorservicecreditcostarisingduringperiodandamortizationofnetpriorservicecostrecognizedinnetperiodicpensioncostnetoftax": -29000000,
        "othercomprehensiveincomelossnetoftaxportionattributabletoparent": -22000000,
        "comprehensiveincomenetoftax": 179000000,
        "changesinunamortizednetpensionandotherpostretirementbenefitlosstaxexpensebenefit": 15000000,
        "changesinunamortizedpriorservicecredittaxexpensebenefit": -18000000,
        "salesrevenuenet": 238000000,
        "costofgoodssold": 1556000000,
        "grossprofit": 428000000,
        "sellingexpense": 49000000,
        "generalandadministrativeexpense": 101000000,
        "researchanddevelopmentexpense": 7000000,
        "restructuringsettlementandimpairmentprovisions": 21000000,
        "otheroperatingincomeexpensenet": 74000000,
        "operatingincomeloss": 324000000,
        "interestandotherincome": 9000000,
        "interestexpense": 83000000,
        "incomelossfromcontinuingoperationsbeforeincometaxesextraordinaryitemsnoncontrollinginterest": 250000000,
        "incometaxexpensebenefit": 56000000,
        "preferredstockdividendsincomestatementimpact": 11000000,
        "netincomelossavailabletocommonstockholdersbasic": 183000000,
        "earningspersharebasicanddiluted": 0.31,
        "weightedaveragenumberofsharesoutstandingbasic": 584915000,
        "weightedaveragenumberofdilutedsharesoutstanding": 589312000
    },
    {
        "date": "2013-09-29",
        "symbol": "WY",
        "period": "Q3",
        "netincomeloss": 157000000,
        "othercomprehensiveincomelossforeigncurrencytransactionandtranslationadjustmentnetoftax": 18000000,
        "othercomprehensiveincomelosspensionandotherpostretirementbenefitplansnetunamortizedgainlossarisingduringperiodandreclassificationofnetgainlossrecognizedinnetperiodperiodicbenefitcostnetoftax": 31000000,
        "othercomprehensiveincomelosspensionandotherpostretirementbenefitplansnetpriorservicecreditcostarisingduringperiodandamortizationofnetpriorservicecostrecognizedinnetperiodicpensioncostnetoftax": -4000000,
        "othercomprehensiveincomelossnetoftaxportionattributabletoparent": 18000000,
        "comprehensiveincomenetoftax": 202000000,
        "changesinunamortizednetpensionandotherpostretirementbenefitlosstaxexpensebenefit": -15000000,
        "salesrevenuenet": -3453000000,
        "costofgoodssold": 1728000000,
        "grossprofit": 453000000,
        "sellingexpense": 56000000,
        "generalandadministrativeexpense": 112000000,
        "researchanddevelopmentexpense": 8000000,
        "restructuringsettlementandimpairmentprovisions": 2000000,
        "otheroperatingincomeexpensenet": 2000000,
        "operatingincomeloss": 277000000,
        "interestandotherincome": 21000000,
        "interestexpense": 95000000,
        "incomelossfromcontinuingoperationsbeforeincometaxesextraordinaryitemsnoncontrollinginterest": 203000000,
        "incometaxexpensebenefit": 36000000,
        "commonstockdividendspersharecashpaid": 0.22,
        "weightedaveragenumberofsharesoutstandingbasic": 11346000,
        "weightedaveragenumberofdilutedsharesoutstanding": 11082000
    },
    {
        "date": "2013-06-29",
        "symbol": "WY",
        "period": "Q2",
        "netincomeloss": 196000000,
        "othercomprehensiveincomelossforeigncurrencytransactionandtranslationadjustmentnetoftax": -30000000,
        "othercomprehensiveincomelosspensionandotherpostretirementbenefitplansnetunamortizedgainlossarisingduringperiodandreclassificationofnetgainlossrecognizedinnetperiodperiodicbenefitcostnetoftax": 56000000,
        "othercomprehensiveincomelosspensionandotherpostretirementbenefitplansnetpriorservicecreditcostarisingduringperiodandamortizationofnetpriorservicecostrecognizedinnetperiodicpensioncostnetoftax": -4000000,
        "othercomprehensiveincomelossavailableforsalesecuritiesadjustmentnetoftax": 0,
        "othercomprehensiveincomelossnetoftaxportionattributabletoparent": -30000000,
        "comprehensiveincomenetoftax": 218000000,
        "changesinunamortizednetpensionandotherpostretirementbenefitlosstaxexpensebenefit": -72000000,
        "salesrevenuenet": 2141000000,
        "costofgoodssold": 1664000000,
        "grossprofit": 477000000,
        "sellingexpense": 54000000,
        "generalandadministrativeexpense": 108000000,
        "researchanddevelopmentexpense": 8000000,
        "restructuringsettlementandimpairmentprovisions": 6000000,
        "otheroperatingincomeexpensenet": 10000000,
        "operatingincomeloss": 311000000,
        "interestandotherincome": 10000000,
        "interestexpense": 81000000,
        "incomelossfromcontinuingoperationsbeforeincometaxesextraordinaryitemsnoncontrollinginterest": 240000000,
        "incometaxexpensebenefit": 42000000,
        "commonstockdividendspersharecashpaid": 0.19999999999999998,
        "weightedaveragenumberofsharesoutstandingbasic": 3925000,
        "weightedaveragenumberofdilutedsharesoutstanding": 3516000
    },
    {
        "date": "2013-03-30",
        "symbol": "WY",
        "period": "Q1",
        "netincomeloss": 144000000,
        "othercomprehensiveincomelossforeigncurrencytransactionandtranslationadjustmentnetoftax": -17000000,
        "othercomprehensiveincomelosspensionandotherpostretirementbenefitplansnetunamortizedgainlossarisingduringperiodandreclassificationofnetgainlossrecognizedinnetperiodperiodicbenefitcostnetoftax": 48000000,
        "othercomprehensiveincomelosspensionandotherpostretirementbenefitplansnetpriorservicecreditcostarisingduringperiodandamortizationofnetpriorservicecostrecognizedinnetperiodicpensioncostnetoftax": -4000000,
        "othercomprehensiveincomelossavailableforsalesecuritiesadjustmentnetoftax": 1000000,
        "othercomprehensiveincomelossnetoftaxportionattributabletoparent": -17000000,
        "comprehensiveincomenetoftax": 172000000,
        "changesinunamortizednetpensionandotherpostretirementbenefitlosstaxexpensebenefit": 23000000,
        "salesrevenuenet": 1951000000,
        "costofgoodssold": 1533000000,
        "grossprofit": 418000000,
        "sellingexpense": 51000000,
        "generalandadministrativeexpense": 118000000,
        "researchanddevelopmentexpense": 7000000,
        "restructuringsettlementandimpairmentprovisions": 4000000,
        "otheroperatingincomeexpensenet": 18000000,
        "operatingincomeloss": 256000000,
        "interestandotherincome": 11000000,
        "interestexpense": 82000000,
        "incomelossfromcontinuingoperationsbeforeincometaxesextraordinaryitemsnoncontrollinginterest": 185000000,
        "incometaxexpensebenefit": 41000000,
        "earningspersharebasicanddiluted": 0.26,
        "commonstockdividendspersharecashpaid": 0.17,
        "weightedaveragenumberofsharesoutstandingbasic": 545234000,
        "weightedaveragenumberofdilutedsharesoutstanding": 550785000
    },
    {
        "date": "2012-09-29",
        "symbol": "WY",
        "period": "Q3",
        "netincomeloss": 117000000,
        "othercomprehensiveincomelosspensionandotherpostretirementbenefitplansnetunamortizedgainlossarisingduringperiodandreclassificationofnetgainlossrecognizedinnetperiodperiodicbenefitcostnetoftax": 17000000,
        "othercomprehensiveincomelosspensionandotherpostretirementbenefitplansnetpriorservicecreditcostarisingduringperiodandamortizationofnetpriorservicecostrecognizedinnetperiodicpensioncostnetoftax": -2000000,
        "othercomprehensiveincomelossnetoftaxportionattributabletoparent": 41000000,
        "comprehensiveincomenetoftax": 158000000,
        "changesinunamortizednetpensionandotherpostretirementbenefitlosstaxexpensebenefit": 11000000,
        "changesinunamortizedpriorservicecredittaxexpensebenefit": -98000000,
        "salesrevenuenet": 1772000000,
        "costofgoodssold": 1424000000,
        "grossprofit": 348000000,
        "sellinggeneralandadministrativeexpense": 156000000,
        "researchanddevelopmentexpense": 8000000,
        "restructuringsettlementandimpairmentprovisions": 10000000,
        "otheroperatingincomeexpensenet": 28000000,
        "operatingincomeloss": 202000000,
        "interestandotherincome": 15000000,
        "interestexpense": 87000000,
        "incomelossfromcontinuingoperationsbeforeincometaxesextraordinaryitemsnoncontrollinginterest": 130000000,
        "incometaxexpensebenefit": 13000000,
        "incomelossfromcontinuingoperationsincludingportionattributabletononcontrollinginterest": 117000000,
        "incomelossfromcontinuingoperationsperbasicanddilutedshare": 0.21000000000000002,
        "earningspersharebasicanddiluted": 0.21000000000000002,
        "commonstockdividendspersharecashpaid": 0.15000000000000005,
        "weightedaveragenumberofsharesoutstandingbasic": -537188000,
        "weightedaveragenumberofdilutedsharesoutstanding": -539067000
    },
    {
        "date": "2012-06-29",
        "symbol": "WY",
        "period": "Q2",
        "netincomeloss": 84000000,
        "othercomprehensiveincomelossforeigncurrencytransactionandtranslationadjustmentnetoftax": -12000000,
        "othercomprehensiveincomelosspensionandotherpostretirementbenefitplansnetunamortizedgainlossarisingduringperiodandreclassificationofnetgainlossrecognizedinnetperiodperiodicbenefitcostnetoftax": 25000000,
        "othercomprehensiveincomelosspensionandotherpostretirementbenefitplansnetpriorservicecreditcostarisingduringperiodandamortizationofnetpriorservicecostrecognizedinnetperiodicpensioncostnetoftax": -36000000,
        "othercomprehensiveincomelossavailableforsalesecuritiesadjustmentnetoftax": -1000000,
        "othercomprehensiveincomelossnetoftaxportionattributabletoparent": -24000000,
        "comprehensiveincomenetoftax": 60000000,
        "changesinunamortizednetpensionandotherpostretirementbenefitlosstaxexpensebenefit": 8000000,
        "changesinunamortizedpriorservicecredittaxexpensebenefit": 19000000,
        "salesrevenuenet": 1793000000,
        "costofgoodssold": 1516000000,
        "grossprofit": 277000000,
        "sellinggeneralandadministrativeexpense": 142000000,
        "researchanddevelopmentexpense": 8000000,
        "restructuringsettlementandimpairmentprovisions": 4000000,
        "otheroperatingincomeexpensenet": 53000000,
        "operatingincomeloss": 176000000,
        "interestandotherincome": 11000000,
        "interestexpense": 86000000,
        "incomelossfromcontinuingoperationsbeforeincometaxesextraordinaryitemsnoncontrollinginterest": 101000000,
        "incometaxexpensebenefit": 17000000,
        "incomelossfromcontinuingoperationsincludingportionattributabletononcontrollinginterest": 84000000,
        "incomelossfromcontinuingoperationsperbasicanddilutedshare": 0.16,
        "earningspersharebasicanddiluted": 0.16,
        "commonstockdividendspersharecashpaid": 0.15,
        "weightedaveragenumberofsharesoutstandingbasic": 537966000,
        "weightedaveragenumberofdilutedsharesoutstanding": 540033000
    },
    {
        "date": "2012-03-30",
        "symbol": "WY",
        "period": "Q1",
        "netincomeloss": 41000000,
        "othercomprehensiveincomeforeigncurrencytransactionandtranslationadjustmentnetoftaxperiodincreasedecrease": 11000000,
        "othercomprehensiveincomelosspensionandotherpostretirementbenefitplansnetunamortizedgainlossarisingduringperiodandreclassificationofnetgainlossrecognizedinnetperiodperiodicbenefitcostnetoftax": 23000000,
        "othercomprehensiveincomelosspensionandotherpostretirementbenefitplansnetpriorservicecreditcostarisingduringperiodandamortizationofnetpriorservicecostrecognizedinnetperiodicpensioncostnetoftax": -70000000,
        "othercomprehensiveincomeavailableforsalesecuritiesadjustmentnetoftaxperiodincreasedecrease": 1000000,
        "othercomprehensiveincomelossnetoftaxportionattributabletoparent": -35000000,
        "comprehensiveincomenetoftax": 6000000,
        "changesinunamortizednetpensionandotherpostretirementbenefitlosstaxexpensebenefit": 12000000,
        "changesinunamortizedpriorservicecredittaxexpensebenefit": 30000000,
        "salesrevenuenet": 1494000000,
        "costofgoodssold": 1290000000,
        "grossprofit": 204000000,
        "sellinggeneralandadministrativeexpense": 150000000,
        "researchanddevelopmentexpense": 7000000,
        "restructuringsettlementandimpairmentprovisions": 12000000,
        "otheroperatingincomeexpensenet": 66000000,
        "operatingincomeloss": 101000000,
        "interestandotherincome": 12000000,
        "interestexpense": 87000000,
        "incomelossfromcontinuingoperationsbeforeincometaxesextraordinaryitemsnoncontrollinginterest": 26000000,
        "incometaxexpensebenefit": -15000000,
        "incomelossfromcontinuingoperationsincludingportionattributabletononcontrollinginterest": 41000000,
        "incomelossfromcontinuingoperationsperbasicanddilutedshare": 0.08,
        "earningspersharebasicanddiluted": 0.08,
        "commonstockdividendspersharecashpaid": 0.15,
        "weightedaveragenumberofsharesoutstandingbasic": 537368000,
        "weightedaveragenumberofdilutedsharesoutstanding": 539728000
    },
    {
        "date": "2011-09-29",
        "symbol": "WY",
        "period": "Q3",
        "salesrevenuenet": 1569000000,
        "costofgoodssold": 1283000000,
        "grossprofit": 286000000,
        "sellinggeneralandadministrativeexpense": 135000000,
        "researchanddevelopmentexpense": 7000000,
        "restructuringsettlementandimpairmentprovisions": 41000000,
        "otheroperatingincomeexpensenet": -3000000,
        "operatingincomeloss": 100000000,
        "interestincomeandother": 15000000,
        "interestexpense": 86000000,
        "incomelossfromcontinuingoperationsbeforeincometaxesextraordinaryitemsnoncontrollinginterest": 29000000,
        "incometaxexpensebenefit": -104000000,
        "incomelossfromcontinuingoperationsincludingportionattributabletononcontrollinginterest": 133000000,
        "incomelossfromdiscontinuedoperationsnetoftax": 24000000,
        "profitloss": 157000000,
        "netincomeloss": 157000000,
        "incomelossfromcontinuingoperationsperbasicshare": 0.25,
        "incomelossfromdiscontinuedoperationsnetoftaxperbasicshare": 0.04,
        "earningspersharebasic": 0.29,
        "incomelossfromcontinuingoperationsperdilutedshare": 0.25,
        "incomelossfromdiscontinuedoperationsnetoftaxperdilutedshare": 0.04,
        "earningspersharediluted": 0.29,
        "commonstockdividendspersharecashpaid": 0.15,
        "weightedaveragenumberofsharesoutstandingbasic": 537969000,
        "weightedaveragenumberofdilutedsharesoutstanding": 539827000
    },
    {
        "date": "2011-06-29",
        "symbol": "WY",
        "period": "Q2",
        "salesrevenuenet": 1610000000,
        "costofgoodssold": 1343000000,
        "grossprofit": 267000000,
        "sellinggeneralandadministrativeexpense": 145000000,
        "researchanddevelopmentexpense": 7000000,
        "restructuringsettlementandimpairmentprovisions": 7000000,
        "otheroperatingincomeexpensenet": 19000000,
        "operatingincomeloss": 127000000,
        "interestincomeandother": 9000000,
        "interestexpensenetofcapitalizedinterest": 117000000,
        "incomelossfromcontinuingoperationsbeforeincometaxesextraordinaryitemsnoncontrollinginterest": 19000000,
        "incometaxexpensebenefit": -4000000,
        "incomelossfromcontinuingoperationsincludingportionattributabletononcontrollinginterest": 23000000,
        "incomelossfromdiscontinuedoperationsnetoftax": -13000000,
        "profitloss": 10000000,
        "netincomeloss": 10000000,
        "incomelossfromcontinuingoperationsperbasicanddilutedshare": 0.04,
        "incomelossfromdiscontinuedoperationsnetoftaxperbasicanddilutedshare": -0.02,
        "earningspersharebasicanddiluted": 0.02,
        "commonstockdividendspersharecashpaid": 0.15,
        "weightedaveragenumberofsharesoutstandingbasic": 538599000,
        "weightedaveragenumberofdilutedsharesoutstanding": 541095000
    },
    {
        "date": "2011-03-30",
        "symbol": "WY",
        "period": "Q1",
        "salesrevenuenet": 1578000000,
        "costofgoodssold": 1324000000,
        "grossprofit": 254000000,
        "sellinggeneralandadministrativeexpense": 179000000,
        "researchanddevelopmentexpense": 7000000,
        "restructuringsettlementandimpairmentprovisions": 4000000,
        "otheroperatingincomeexpensenet": 174000000,
        "operatingincomeloss": 238000000,
        "investmentincomeandother": 11000000,
        "interestexpensenetofcapitalizedinterest": 93000000,
        "incomelossfromcontinuingoperationsbeforeincometaxesextraordinaryitemsnoncontrollinginterest": 156000000,
        "incometaxexpensebenefit": 57000000,
        "profitloss": 99000000,
        "netincomeloss": 99000000,
        "earningspersharebasic": 0.18,
        "earningspersharediluted": 0.18,
        "commonstockdividendspersharecashpaid": 0.15,
        "weightedaveragenumberofsharesoutstandingbasic": 537140000,
        "weightedaveragenumberofdilutedsharesoutstanding": 540476000
    },
    {
        "date": "2010-03-30",
        "symbol": "WY",
        "period": "Q1",
        "salesrevenuenet": 151000000,
        "costofgoodssold": 1008000000,
        "costofrealestaterevenue": 121000000,
        "accumulateddepreciationdepletionandamortizationexpensepropertyplantandequipmentcurrentcharge": -3000000,
        "sellingexpense": 15000000,
        "generalandadministrativeexpense": 16000000,
        "researchanddevelopmentexpense": 8000000,
        "goodwillandotherassetsimpairmentloss": 1000000,
        "otheroperatingincomeexpense": -1000000,
        "impairmentoflonglivedassetsheldforuse": 1000000,
        "costsandexpenses": 157000000,
        "operatingincomeloss": 84000000,
        "interestexpense": 6000000,
        "interestcostscapitalized": -5000000,
        "investmentincomeandother": 3000000,
        "incomelossfromandgainonsaleofequitymethodinvestments": 36000000,
        "incomelossfromequitymethodinvestments": -6000000,
        "incomelossfromcontinuingoperationsbeforeincometaxes": 20000000,
        "incometaxexpensebenefit": 38000000,
        "profitloss": -18000000,
        "netincomelossattributabletononcontrollinginterest": 2000000,
        "netincomeloss": -20000000,
        "earningspersharebasicanddiluted": -0.1,
        "commonstockdividendspersharecashpaid": 0.05,
        "weightedaveragenumberofsharesoutstandingbasic": 211440000,
        "weightedaveragenumberofdilutedsharesoutstanding": 211440000
    },
    {
        "date": "2009-06-29",
        "symbol": "WY",
        "period": "Q2",
        "salesrevenuenet": 199000000,
        "costofgoodssold": 1050000000,
        "costofrealestaterevenue": 164000000,
        "alternativefuelmixturecredits": 107000000,
        "accumulateddepreciationdepletionandamortizationexpensepropertyplantandequipmentcurrentcharge": -4000000,
        "sellingexpense": 20000000,
        "generalandadministrativeexpense": 17000000,
        "researchanddevelopmentexpense": 15000000,
        "chargesforrestructuringandclosures": 46000000,
        "goodwillandotherassetsimpairmentloss": 20000000,
        "otheroperatingincomeexpense": -7000000,
        "impairmentoflonglivedassetsheldforuse": 53000000,
        "costsandexpenses": 265000000,
        "operatingincomeloss": -62000000,
        "interestexpense": 7000000,
        "interestcostscapitalized": 7000000,
        "investmentincomeandother": 1000000,
        "incomelossfromequitymethodinvestments": 11000000,
        "impairmentofinvestments": 6000000,
        "incomelossfromcontinuingoperationsbeforeincometaxes": -148000000,
        "incometaxexpensebenefit": -32000000,
        "incomelossfromcontinuingoperationsincludingportionattributabletononcontrollinginterest": -116000000,
        "profitloss": -116000000,
        "netincomelossattributabletononcontrollinginterest": -10000000,
        "netincomeloss": -106000000,
        "incomelossfromcontinuingoperationsperbasicanddilutedshare": -0.5,
        "earningspersharebasicanddiluted": -0.5,
        "commonstockdividendspersharecashpaid": 0.25,
        "weightedaveragenumberofsharesoutstandingbasic": 211356000,
        "weightedaveragenumberofdilutedsharesoutstanding": 211356000
    }
]