[
    {
        "date": "2024-09-29",
        "symbol": "BAC",
        "period": "Q3",
        "interestanddividendincomeoperating": 37491000000,
        "interestexpenseoperating": 23524000000,
        "interestincomeexpensenet": 13967000000,
        "feesandcommissions1": -41000000,
        "tradinggainslosses": -177000000,
        "noninterestincomeotheroperatingincome": -1933000000,
        "noninterestincome": -2151000000,
        "revenues": 25345000000,
        "financingreceivableexcludingaccruedinterestandoffbalancesheetliabilitycreditlossprovisionreversal": -3000000,
        "laborandrelatedexpense": 9916000000,
        "occupancynet": 1836000000,
        "communicationsandinformationtechnology": 1784000000,
        "productdeliveryandtransactionrelatedexpenses": 849000000,
        "professionalfees": 723000000,
        "marketingandadvertisingexpense": 504000000,
        "othernoninterestexpense": 867000000,
        "noninterestexpense": 171000000,
        "incomelossfromcontinuingoperationsbeforeincometaxesextraordinaryitemsnoncontrollinginterest": 7324000000,
        "incometaxexpensebenefit": 428000000,
        "netincomeloss": 6896000000,
        "preferredstockdividendsincomestatementimpact": 516000000,
        "netincomelossavailabletocommonstockholdersbasic": 6380000000,
        "earningspersharebasic": 0.82,
        "earningspersharediluted": 0.81,
        "weightedaveragenumberofsharesoutstandingbasic": 7818000000,
        "weightedaveragenumberofdilutedsharesoutstanding": 7902100000,
        "othercomprehensiveincomeavailableforsalesecuritiesadjustmentnetoftaxportionattributabletoparent": 417000000,
        "othercomprehensiveincomelosscashflowhedgegainlossafterreclassificationandtaxparent": 2830000000,
        "othercomprehensiveincomedefinedbenefitplansadjustmentnetoftaxportionattributabletoparent": -27000000,
        "othercomprehensiveincomeforeigncurrencytransactionandtranslationadjustmentnetoftaxportionattributabletoparent": 21000000,
        "othercomprehensiveincomelossnetoftaxportionattributabletoparent": 3295000000,
        "comprehensiveincomenetoftax": 10191000000
    },
    {
        "date": "2024-06-29",
        "symbol": "BAC",
        "period": "Q2",
        "interestanddividendincomeoperating": 36854000000,
        "interestexpenseoperating": 23152000000,
        "interestincomeexpensenet": 13702000000,
        "feesandcommissions1": -58000000,
        "tradinggainslosses": -42000000,
        "noninterestincomeotheroperatingincome": -1661000000,
        "noninterestincome": -1761000000,
        "revenues": 25377000000,
        "financingreceivableexcludingaccruedinterestandoffbalancesheetliabilitycreditlossprovisionreversal": -2000000,
        "laborandrelatedexpense": 9826000000,
        "occupancynet": 1818000000,
        "communicationsandinformationtechnology": 1763000000,
        "productdeliveryandtransactionrelatedexpenses": 891000000,
        "professionalfees": 654000000,
        "marketingandadvertisingexpense": 487000000,
        "othernoninterestexpense": 870000000,
        "noninterestexpense": 261000000,
        "incomelossfromcontinuingoperationsbeforeincometaxesextraordinaryitemsnoncontrollinginterest": 7560000000,
        "incometaxexpensebenefit": 663000000,
        "netincomeloss": 6897000000,
        "preferredstockdividendsincomestatementimpact": 315000000,
        "netincomelossavailabletocommonstockholdersbasic": 6582000000,
        "earningspersharebasic": 0.83,
        "earningspersharediluted": 0.83,
        "weightedaveragenumberofsharesoutstandingbasic": 7897900000,
        "weightedaveragenumberofdilutedsharesoutstanding": 7960900000,
        "othercomprehensiveincomeavailableforsalesecuritiesadjustmentnetoftaxportionattributabletoparent": -305000000,
        "othercomprehensiveincomelossfinancialliabilityfairvalueoptionaftertaxandreclassificationadjustmentattributabletoparent": 53000000,
        "othercomprehensiveincomelosscashflowhedgegainlossafterreclassificationandtaxparent": 686000000,
        "othercomprehensiveincomedefinedbenefitplansadjustmentnetoftaxportionattributabletoparent": -25000000,
        "othercomprehensiveincomeforeigncurrencytransactionandtranslationadjustmentnetoftaxportionattributabletoparent": -31000000,
        "othercomprehensiveincomelossnetoftaxportionattributabletoparent": 428000000,
        "comprehensiveincomenetoftax": 7325000000
    },
    {
        "date": "2024-03-30",
        "symbol": "BAC",
        "period": "Q1",
        "interestanddividendincomeoperating": 36285000000,
        "interestexpense": 22253000000,
        "interestincomeexpensenet": 14032000000,
        "feesandcommissions1": -80000000,
        "tradinggainslosses": -49000000,
        "noninterestincomeotheroperatingincome": -1553000000,
        "noninterestincome": -1682000000,
        "revenues": 25818000000,
        "financingreceivableexcludingaccruedinterestandoffbalancesheetliabilitycreditlossprovisionreversal": -11000000,
        "laborandrelatedexpense": 10195000000,
        "occupancynet": 1811000000,
        "communicationsandinformationtechnology": 1800000000,
        "productdeliveryandtransactionrelatedexpenses": 851000000,
        "professionalfees": 548000000,
        "marketingandadvertisingexpense": 455000000,
        "othernoninterestexpense": 1577000000,
        "noninterestexpense": 994000000,
        "incomelossfromcontinuingoperationsbeforeincometaxesextraordinaryitemsnoncontrollinginterest": 7262000000,
        "incometaxexpensebenefit": 588000000,
        "netincomeloss": 6674000000,
        "preferredstockdividendsincomestatementimpact": 532000000,
        "netincomelossavailabletocommonstockholdersbasic": 6142000000,
        "earningspersharebasic": 0.77,
        "earningspersharediluted": 0.76,
        "weightedaveragenumberofsharesoutstandingbasic": 7968200000,
        "weightedaveragenumberofdilutedsharesoutstanding": 8031400000,
        "othercomprehensiveincomeavailableforsalesecuritiesadjustmentnetoftaxportionattributabletoparent": 332000000,
        "othercomprehensiveincomelossfinancialliabilityfairvalueoptionaftertaxandreclassificationadjustmentattributabletoparent": -188000000,
        "othercomprehensiveincomelosscashflowhedgegainlossafterreclassificationandtaxparent": -416000000,
        "othercomprehensiveincomedefinedbenefitplansadjustmentnetoftaxportionattributabletoparent": -23000000,
        "othercomprehensiveincomeforeigncurrencytransactionandtranslationadjustmentnetoftaxportionattributabletoparent": -20000000,
        "othercomprehensiveincomelossnetoftaxportionattributabletoparent": -269000000,
        "comprehensiveincomenetoftax": -269000000
    },
    {
        "date": "2023-09-29",
        "symbol": "BAC",
        "period": "Q3",
        "interestanddividendincomeoperating": 33624000000,
        "interestexpense": 19245000000,
        "interestincomeexpensenet": 14379000000,
        "feesandcommissions1": -92000000,
        "tradinggainslosses": 70000000,
        "noninterestincomeotheroperatingincome": -1695000000,
        "noninterestincome": -1717000000,
        "revenues": 25167000000,
        "financingreceivableexcludingaccruedinterestandoffbalancesheetliabilitycreditlossprovisionreversal": -24000000,
        "laborandrelatedexpense": 9551000000,
        "occupancynet": 1795000000,
        "communicationsandinformationtechnology": 1676000000,
        "productdeliveryandtransactionrelatedexpenses": 880000000,
        "professionalfees": 545000000,
        "marketingandadvertisingexpense": 501000000,
        "othernoninterestexpense": 890000000,
        "noninterestexpense": 593000000,
        "incomelossfromcontinuingoperationsbeforeincometaxesextraordinaryitemsnoncontrollinginterest": 8095000000,
        "incometaxexpensebenefit": 293000000,
        "netincomeloss": 7802000000,
        "preferredstockdividendsincomestatementimpact": 532000000,
        "netincomelossavailabletocommonstockholdersbasic": 7270000000,
        "earningspersharebasic": 0.91,
        "earningspersharediluted": 0.9,
        "weightedaveragenumberofsharesoutstandingbasic": 8017100000,
        "weightedaveragenumberofdilutedsharesoutstanding": 8075900000,
        "othercomprehensiveincomeavailableforsalesecuritiesadjustmentnetoftaxportionattributabletoparent": -642000000,
        "othercomprehensiveincomelossfinancialliabilityfairvalueoptionaftertaxandreclassificationadjustmentattributabletoparent": -25000000,
        "othercomprehensiveincomelosscashflowhedgegainlossafterreclassificationandtaxparent": -366000000,
        "othercomprehensiveincomedefinedbenefitplansadjustmentnetoftaxportionattributabletoparent": -6000000,
        "othercomprehensiveincomeforeigncurrencytransactionandtranslationadjustmentnetoftaxportionattributabletoparent": -23000000,
        "othercomprehensiveincomelossnetoftaxportionattributabletoparent": -1050000000,
        "comprehensiveincomenetoftax": 6752000000
    },
    {
        "date": "2023-06-29",
        "symbol": "BAC",
        "period": "Q2",
        "interestanddividendincomeoperating": 32354000000,
        "interestexpense": 18196000000,
        "interestincomeexpensenet": 14158000000,
        "feesandcommissions1": -75000000,
        "tradinggainslosses": 182000000,
        "noninterestincomeotheroperatingincome": -1938000000,
        "noninterestincome": -1831000000,
        "revenues": 25197000000,
        "financingreceivableexcludingaccruedinterestandoffbalancesheetliabilitycreditlossprovisionreversal": -160000000,
        "laborandrelatedexpense": 9401000000,
        "occupancynet": 1776000000,
        "communicationsandinformationtechnology": 1644000000,
        "productdeliveryandtransactionrelatedexpenses": 956000000,
        "professionalfees": 527000000,
        "marketingandadvertisingexpense": 513000000,
        "othernoninterestexpense": 1221000000,
        "noninterestexpense": 492000000,
        "incomelossfromcontinuingoperationsbeforeincometaxesextraordinaryitemsnoncontrollinginterest": 8034000000,
        "incometaxexpensebenefit": 626000000,
        "netincomeloss": 7408000000,
        "preferredstockdividendsincomestatementimpact": 306000000,
        "netincomelossavailabletocommonstockholdersbasic": 7102000000,
        "earningspersharebasic": 0.88,
        "earningspersharediluted": 0.88,
        "weightedaveragenumberofsharesoutstandingbasic": 8040900000,
        "weightedaveragenumberofdilutedsharesoutstanding": 8080700000,
        "othercomprehensiveincomeavailableforsalesecuritiesadjustmentnetoftaxportionattributabletoparent": 168000000,
        "othercomprehensiveincomelossfinancialliabilityfairvalueoptionaftertaxandreclassificationadjustmentattributabletoparent": -404000000,
        "othercomprehensiveincomelosscashflowhedgegainlossafterreclassificationandtaxparent": -1993000000,
        "othercomprehensiveincomedefinedbenefitplansadjustmentnetoftaxportionattributabletoparent": -9000000,
        "othercomprehensiveincomeforeigncurrencytransactionandtranslationadjustmentnetoftaxportionattributabletoparent": 5000000,
        "othercomprehensiveincomelossnetoftaxportionattributabletoparent": -2215000000,
        "comprehensiveincomenetoftax": 5193000000
    },
    {
        "date": "2023-03-30",
        "symbol": "BAC",
        "period": "Q1",
        "interestanddividendincomeoperating": 28655000000,
        "interestexpense": 14207000000,
        "interestincomeexpensenet": 14448000000,
        "feesandcommissions1": -38000000,
        "tradinggainslosses": 230000000,
        "noninterestincomeotheroperatingincome": -1747000000,
        "noninterestincome": -1555000000,
        "revenues": 26258000000,
        "financingreceivableexcludingaccruedinterestandoffbalancesheetliabilitycreditlossprovisionreversal": 107000000,
        "laborandrelatedexpense": 9918000000,
        "occupancynet": 1799000000,
        "communicationsandinformationtechnology": 1697000000,
        "productdeliveryandtransactionrelatedexpenses": 890000000,
        "professionalfees": 537000000,
        "marketingandadvertisingexpense": 458000000,
        "othernoninterestexpense": 939000000,
        "noninterestexpense": 407000000,
        "incomelossfromcontinuingoperationsbeforeincometaxesextraordinaryitemsnoncontrollinginterest": 9089000000,
        "incometaxexpensebenefit": 928000000,
        "netincomeloss": 8161000000,
        "preferredstockdividendsincomestatementimpact": 505000000,
        "netincomelossavailabletocommonstockholdersbasic": 7656000000,
        "earningspersharebasic": 0.95,
        "earningspersharediluted": 0.94,
        "weightedaveragenumberofsharesoutstandingbasic": 8065900000,
        "weightedaveragenumberofdilutedsharesoutstanding": 8182300000,
        "othercomprehensiveincomeavailableforsalesecuritiesadjustmentnetoftaxportionattributabletoparent": 555000000,
        "othercomprehensiveincomelossfinancialliabilityfairvalueoptionaftertaxandreclassificationadjustmentattributabletoparent": 10000000,
        "othercomprehensiveincomelosscashflowhedgegainlossafterreclassificationandtaxparent": 2042000000,
        "othercomprehensiveincomedefinedbenefitplansadjustmentnetoftaxportionattributabletoparent": -10000000,
        "othercomprehensiveincomeforeigncurrencytransactionandtranslationadjustmentnetoftaxportionattributabletoparent": 12000000,
        "othercomprehensiveincomelossnetoftaxportionattributabletoparent": 2629000000,
        "comprehensiveincomenetoftax": 2629000000
    },
    {
        "date": "2022-12-30",
        "symbol": "BAC",
        "period": "Q4",
        "interestanddividendincomeoperating": 25075000000,
        "interestexpense": 10394000000,
        "interestincomeexpensenet": 14681000000,
        "feesandcommissions1": -29000000,
        "tradinggainslosses": 292000000,
        "noninterestincomeotheroperatingincome": 3291000000,
        "noninterestincome": -1880000000,
        "revenues": 24532000000,
        "laborandrelatedexpense": 9161000000,
        "occupancynet": 1786000000,
        "communicationsandinformationtechnology": 1658000000,
        "productdeliveryandtransactionrelatedexpenses": 904000000,
        "professionalfees": 649000000,
        "marketingandadvertisingexpense": 460000000,
        "othernoninterestexpense": 925000000,
        "noninterestexpense": -508000000,
        "incomelossfromcontinuingoperationsbeforeincometaxesextraordinaryitemsnoncontrollinginterest": 7897000000,
        "incometaxexpensebenefit": -1993000000,
        "netincomeloss": 7132000000,
        "netincomelossavailabletocommonstockholdersbasic": 6904000000,
        "earningspersharebasic": 0.8599999999999999,
        "earningspersharediluted": 0.8499999999999999,
        "weightedaveragenumberofsharesoutstandingbasic": 8113700000,
        "weightedaveragenumberofdilutedsharesoutstanding": 8167500000,
        "othercomprehensiveincomeavailableforsalesecuritiesadjustmentnetoftaxportionattributabletoparent": 353000000,
        "othercomprehensiveincomelossfinancialliabilityfairvalueoptionaftertaxandreclassificationadjustmentattributabletoparent": -543000000,
        "othercomprehensiveincomelosscashflowhedgegainlossafterreclassificationandtaxparent": 835000000,
        "othercomprehensiveincomedefinedbenefitplansadjustmentnetoftaxportionattributabletoparent": 764000000,
        "othercomprehensiveincomeforeigncurrencytransactionandtranslationadjustmentnetoftaxportionattributabletoparent": -10000000,
        "othercomprehensiveincomelossnetoftaxportionattributabletoparent": -129000000,
        "comprehensiveincomenetoftax": -13458000000
    },
    {
        "date": "2022-09-29",
        "symbol": "BAC",
        "period": "Q3",
        "interestanddividendincomeoperating": 19621000000,
        "interestexpense": 5856000000,
        "interestincomeexpensenet": 13765000000,
        "feesandcommissions1": -36000000,
        "tradinggainslosses": 109000000,
        "noninterestincomeotheroperatingincome": -909000000,
        "noninterestincome": -836000000,
        "revenues": 24502000000,
        "financingreceivableandoffbalancesheetliabilitycreditlossprovisionreversal": -58000000,
        "laborandrelatedexpense": 8887000000,
        "occupancynet": 1777000000,
        "communicationsandinformationtechnology": 1546000000,
        "productdeliveryandtransactionrelatedexpenses": 892000000,
        "professionalfees": 525000000,
        "marketingandadvertisingexpense": 505000000,
        "othernoninterestexpense": 1171000000,
        "noninterestexpense": 716000000,
        "incomelossfromcontinuingoperationsbeforeincometaxesextraordinaryitemsnoncontrollinginterest": 8301000000,
        "incometaxexpensebenefit": 1219000000,
        "netincomeloss": 7082000000,
        "preferredstockdividendsincomestatementimpact": 503000000,
        "netincomelossavailabletocommonstockholdersbasic": 6579000000,
        "earningspersharebasic": 0.81,
        "earningspersharediluted": 0.81,
        "weightedaveragenumberofsharesoutstandingbasic": 8107700000,
        "weightedaveragenumberofdilutedsharesoutstanding": 8160800000,
        "othercomprehensiveincomeavailableforsalesecuritiesadjustmentnetoftaxportionattributabletoparent": -1112000000,
        "othercomprehensiveincomelossfinancialliabilityfairvalueoptionaftertaxandreclassificationadjustmentattributabletoparent": 462000000,
        "othercomprehensiveincomelosscashflowhedgegainlossafterreclassificationandtaxparent": -3703000000,
        "othercomprehensiveincomedefinedbenefitplansadjustmentnetoftaxportionattributabletoparent": -37000000,
        "othercomprehensiveincomeforeigncurrencytransactionandtranslationadjustmentnetoftaxportionattributabletoparent": -37000000,
        "othercomprehensiveincomelossnetoftaxportionattributabletoparent": -4353000000,
        "comprehensiveincomenetoftax": 2729000000
    },
    {
        "date": "2022-06-29",
        "symbol": "BAC",
        "period": "Q2",
        "interestanddividendincomeoperating": 14975000000,
        "interestexpense": 2531000000,
        "interestincomeexpensenet": 12444000000,
        "feesandcommissions1": -60000000,
        "tradinggainslosses": -45000000,
        "noninterestincomeotheroperatingincome": -1224000000,
        "noninterestincome": -1329000000,
        "revenues": 22688000000,
        "financingreceivableandoffbalancesheetliabilitycreditlossprovisionreversal": -25000000,
        "laborandrelatedexpense": 8917000000,
        "occupancynet": 1748000000,
        "communicationsandinformationtechnology": 1535000000,
        "productdeliveryandtransactionrelatedexpenses": 924000000,
        "marketingandadvertisingexpense": 463000000,
        "professionalfees": 518000000,
        "othernoninterestexpense": 1168000000,
        "noninterestexpense": 531000000,
        "incomelossfromcontinuingoperationsbeforeincometaxesextraordinaryitemsnoncontrollinginterest": 6892000000,
        "incometaxexpensebenefit": 645000000,
        "netincomeloss": 6247000000,
        "preferredstockdividendsincomestatementimpact": 315000000,
        "netincomelossavailabletocommonstockholdersbasic": 5932000000,
        "earningspersharebasic": 0.73,
        "earningspersharediluted": 0.73,
        "weightedaveragenumberofsharesoutstandingbasic": 8121600000,
        "weightedaveragenumberofdilutedsharesoutstanding": 8163100000,
        "othercomprehensiveincomeavailableforsalesecuritiesadjustmentnetoftaxportionattributabletoparent": -1822000000,
        "othercomprehensiveincomelossfinancialliabilityfairvalueoptionaftertaxandreclassificationadjustmentattributabletoparent": 575000000,
        "othercomprehensiveincomelosscashflowhedgegainlossafterreclassificationandtaxparent": -2008000000,
        "othercomprehensiveincomedefinedbenefitplansadjustmentnetoftaxportionattributabletoparent": -36000000,
        "othercomprehensiveincomeforeigncurrencytransactionandtranslationadjustmentnetoftaxportionattributabletoparent": -38000000,
        "othercomprehensiveincomelossnetoftaxportionattributabletoparent": -3257000000,
        "comprehensiveincomenetoftax": 2990000000
    },
    {
        "date": "2022-03-30",
        "symbol": "BAC",
        "period": "Q1",
        "interestanddividendincomeoperating": 12894000000,
        "interestexpense": 1322000000,
        "interestincomeexpensenet": 11572000000,
        "feesandcommissions1": -61000000,
        "tradinggainslosses": -14000000,
        "noninterestincomeotheroperatingincome": -1359000000,
        "noninterestincome": -1434000000,
        "revenues": 23228000000,
        "financingreceivableandoffbalancesheetliabilitycreditlossprovisionreversal": -47000000,
        "laborandrelatedexpense": 9482000000,
        "occupancynet": 1760000000,
        "communicationsandinformationtechnology": 1540000000,
        "productdeliveryandtransactionrelatedexpenses": 933000000,
        "marketingandadvertisingexpense": 397000000,
        "professionalfees": 450000000,
        "othernoninterestexpense": 757000000,
        "noninterestexpense": 583000000,
        "incomelossfromcontinuingoperationsbeforeincometaxesextraordinaryitemsnoncontrollinginterest": 7879000000,
        "incometaxexpensebenefit": 812000000,
        "netincomeloss": 7067000000,
        "preferredstockdividendsincomestatementimpact": 467000000,
        "netincomelossavailabletocommonstockholdersbasic": 6600000000,
        "earningspersharebasic": 0.81,
        "earningspersharediluted": 0.8,
        "weightedaveragenumberofsharesoutstandingbasic": 8136800000,
        "weightedaveragenumberofdilutedsharesoutstanding": 8202100000,
        "othercomprehensiveincomeavailableforsalesecuritiesadjustmentnetoftaxportionattributabletoparent": -3447000000,
        "othercomprehensiveincomelossfinancialliabilityfairvalueoptionaftertaxandreclassificationadjustmentattributabletoparent": 261000000,
        "othercomprehensiveincomelosscashflowhedgegainlossafterreclassificationandtaxparent": -5179000000,
        "othercomprehensiveincomedefinedbenefitplansadjustmentnetoftaxportionattributabletoparent": -24000000,
        "othercomprehensiveincomeforeigncurrencytransactionandtranslationadjustmentnetoftaxportionattributabletoparent": 28000000,
        "othercomprehensiveincomelossnetoftaxportionattributabletoparent": -8313000000,
        "comprehensiveincomenetoftax": -8313000000
    },
    {
        "date": "2021-12-30",
        "symbol": "BAC",
        "period": "Q4",
        "interestanddividendincomeoperating": 12554000000,
        "interestexpense": 1144000000,
        "interestincomeexpensenet": 11410000000,
        "feesandcommissions1": -7000000,
        "tradinggainslosses": -36000000,
        "noninterestincomeotheroperatingincome": 3120000000,
        "noninterestincome": -1929000000,
        "revenues": 22060000000,
        "financingreceivableandoffbalancesheetliabilitycreditlossprovisionreversal": -34000000,
        "laborandrelatedexpense": 9037000000,
        "occupancynet": 1785000000,
        "communicationsandinformationtechnology": 1480000000,
        "productdeliveryandtransactionrelatedexpenses": 941000000,
        "marketingandadvertisingexpense": 411000000,
        "professionalfees": 512000000,
        "othernoninterestexpense": 565000000,
        "noninterestexpense": 571000000,
        "incomelossfromcontinuingoperationsbeforeincometaxesextraordinaryitemsnoncontrollinginterest": 7818000000,
        "incometaxexpensebenefit": -307000000,
        "netincomeloss": 7013000000,
        "preferredstockdividendsincomestatementimpact": 240000000,
        "netincomelossavailabletocommonstockholdersbasic": 6773000000,
        "earningspersharebasic": 0.8300000000000002,
        "earningspersharediluted": 0.8299999999999997,
        "weightedaveragenumberofsharesoutstandingbasic": 8493300000,
        "weightedaveragenumberofdilutedsharesoutstanding": 8558400000,
        "othercomprehensiveincomeavailableforsalesecuritiesadjustmentnetoftaxportionattributabletoparent": -834000000,
        "othercomprehensiveincomelossfinancialliabilityfairvalueoptionaftertaxandreclassificationadjustmentattributabletoparent": 64000000,
        "othercomprehensiveincomelosscashflowhedgegainlossafterreclassificationandtaxparent": -1176000000,
        "othercomprehensiveincomedefinedbenefitplansadjustmentnetoftaxportionattributabletoparent": -454000000,
        "othercomprehensiveincomeforeigncurrencytransactionandtranslationadjustmentnetoftaxportionattributabletoparent": -16000000,
        "othercomprehensiveincomelossnetoftaxportionattributabletoparent": -1508000000,
        "comprehensiveincomenetoftax": -18423000000
    },
    {
        "date": "2021-09-29",
        "symbol": "BAC",
        "period": "Q3",
        "interestanddividendincomeoperating": 12336000000,
        "interestexpense": 1242000000,
        "interestincomeexpensenet": 11094000000,
        "feesandcommissions1": -60000000,
        "tradinggainslosses": -59000000,
        "noninterestincomeotheroperatingincome": -990000000,
        "noninterestincome": -1109000000,
        "revenues": 22766000000,
        "financingreceivableandoffbalancesheetliabilitycreditlossprovisionreversal": -48000000,
        "laborandrelatedexpense": 8714000000,
        "occupancynet": 1764000000,
        "communicationsandinformationtechnology": 1416000000,
        "productdeliveryandtransactionrelatedexpenses": 987000000,
        "marketingandadvertisingexpense": 347000000,
        "professionalfees": 434000000,
        "othernoninterestexpense": 778000000,
        "noninterestexpense": 351000000,
        "incomelossfromcontinuingoperationsbeforeincometaxesextraordinaryitemsnoncontrollinginterest": 8950000000,
        "incometaxexpensebenefit": 1259000000,
        "netincomeloss": 7691000000,
        "preferredstockdividendsincomestatementimpact": 431000000,
        "netincomelossavailabletocommonstockholdersbasic": 7260000000,
        "earningspersharebasic": 0.86,
        "earningspersharediluted": 0.85,
        "weightedaveragenumberofsharesoutstandingbasic": 8430700000,
        "weightedaveragenumberofdilutedsharesoutstanding": 8492800000,
        "othercomprehensiveincomeavailableforsalesecuritiesadjustmentnetoftaxportionattributabletoparent": -153000000,
        "othercomprehensiveincomelossfinancialliabilityfairvalueoptionaftertaxandreclassificationadjustmentattributabletoparent": 27000000,
        "othercomprehensiveincomelosscashflowhedgegainlossafterreclassificationandtaxparent": -431000000,
        "othercomprehensiveincomedefinedbenefitplansadjustmentnetoftaxportionattributabletoparent": -50000000,
        "othercomprehensiveincomeforeigncurrencytransactionandtranslationadjustmentnetoftaxportionattributabletoparent": -26000000,
        "othercomprehensiveincomelossnetoftaxportionattributabletoparent": -533000000,
        "comprehensiveincomenetoftax": 7158000000
    },
    {
        "date": "2021-06-29",
        "symbol": "BAC",
        "period": "Q2",
        "interestanddividendincomeoperating": 11387000000,
        "interestexpense": 1154000000,
        "interestincomeexpensenet": 10233000000,
        "feesandcommissions1": -102000000,
        "tradinggainslosses": -177000000,
        "noninterestincomeotheroperatingincome": -1246000000,
        "noninterestincome": -1525000000,
        "revenues": 21466000000,
        "financingreceivableandoffbalancesheetliabilitycreditlossprovisionreversal": -53000000,
        "laborandrelatedexpense": 8653000000,
        "occupancynet": 1759000000,
        "communicationsandinformationtechnology": 1448000000,
        "productdeliveryandtransactionrelatedexpenses": 976000000,
        "marketingandadvertisingexpense": 810000000,
        "professionalfees": 426000000,
        "othernoninterestexpense": 973000000,
        "noninterestexpense": 302000000,
        "incomelossfromcontinuingoperationsbeforeincometaxesextraordinaryitemsnoncontrollinginterest": 8042000000,
        "incometaxexpensebenefit": -1182000000,
        "netincomeloss": 9224000000,
        "preferredstockdividendsincomestatementimpact": 260000000,
        "netincomelossavailabletocommonstockholdersbasic": 8964000000,
        "earningspersharebasic": 1.04,
        "earningspersharediluted": 1.03,
        "weightedaveragenumberofsharesoutstandingbasic": 8620800000,
        "weightedaveragenumberofdilutedsharesoutstanding": 8735500000,
        "othercomprehensiveincomeavailableforsalesecuritiesadjustmentnetoftaxportionattributabletoparent": -250000000,
        "othercomprehensiveincomelossfinancialliabilityfairvalueoptionaftertaxandreclassificationadjustmentattributabletoparent": 149000000,
        "othercomprehensiveincomelosscashflowhedgegainlossafterreclassificationandtaxparent": 415000000,
        "othercomprehensiveincomedefinedbenefitplansadjustmentnetoftaxportionattributabletoparent": -69000000,
        "othercomprehensiveincomeforeigncurrencytransactionandtranslationadjustmentnetoftaxportionattributabletoparent": 26000000,
        "othercomprehensiveincomelossnetoftaxportionattributabletoparent": 409000000,
        "comprehensiveincomenetoftax": 9633000000
    },
    {
        "date": "2021-03-30",
        "symbol": "BAC",
        "period": "Q1",
        "interestanddividendincomeoperating": 11395000000,
        "interestexpense": 1198000000,
        "interestincomeexpensenet": 10197000000,
        "feesandcommissions1": -45000000,
        "tradinggainslosses": 17000000,
        "noninterestincomeotheroperatingincome": -998000000,
        "noninterestincome": -1026000000,
        "revenues": 22821000000,
        "financingreceivableandoffbalancesheetliabilitycreditlossprovisionreversal": -47000000,
        "laborandrelatedexpense": 9736000000,
        "occupancynet": 1830000000,
        "communicationsandinformationtechnology": 1425000000,
        "productdeliveryandtransactionrelatedexpenses": 977000000,
        "marketingandadvertisingexpense": 371000000,
        "professionalfees": 403000000,
        "othernoninterestexpense": 773000000,
        "noninterestexpense": 307000000,
        "incomelossfromcontinuingoperationsbeforeincometaxesextraordinaryitemsnoncontrollinginterest": 9166000000,
        "incometaxexpensebenefit": 1116000000,
        "netincomeloss": 8050000000,
        "preferredstockdividendsincomestatementimpact": 490000000,
        "netincomelossavailabletocommonstockholdersbasic": 7560000000,
        "earningspersharebasic": 0.87,
        "earningspersharediluted": 0.86,
        "weightedaveragenumberofsharesoutstandingbasic": 8700100000,
        "weightedaveragenumberofdilutedsharesoutstanding": 8755600000,
        "othercomprehensiveincomeavailableforsalesecuritiesadjustmentnetoftaxportionattributabletoparent": -840000000,
        "othercomprehensiveincomelossfinancialliabilityfairvalueoptionaftertaxandreclassificationadjustmentattributabletoparent": 116000000,
        "othercomprehensiveincomelosscashflowhedgegainlossafterreclassificationandtaxparent": -1114000000,
        "othercomprehensiveincomedefinedbenefitplansadjustmentnetoftaxportionattributabletoparent": -51000000,
        "othercomprehensiveincomeforeigncurrencytransactionandtranslationadjustmentnetoftaxportionattributabletoparent": -29000000,
        "othercomprehensiveincomelossnetoftaxportionattributabletoparent": -1816000000,
        "comprehensiveincomenetoftax": -1816000000
    },
    {
        "date": "2020-12-30",
        "symbol": "BAC",
        "period": "Q4",
        "interestanddividendincomeoperating": 11461000000,
        "interestexpense": 1208000000,
        "interestincomeexpensenet": 10253000000,
        "feesandcommissions1": -36000000,
        "tradinggainslosses": -65000000,
        "noninterestincomeotheroperatingincome": 1663000000,
        "noninterestincome": -1427000000,
        "revenues": 20099000000,
        "financingreceivableandoffbalancesheetliabilitycreditlossprovisionreversal": -25000000,
        "laborandrelatedexpense": 8190000000,
        "occupancynet": 1839000000,
        "communicationsandinformationtechnology": 1415000000,
        "productdeliveryandtransactionrelatedexpenses": 915000000,
        "marketingandadvertisingexpense": 463000000,
        "professionalfees": 488000000,
        "othernoninterestexpense": 617000000,
        "noninterestexpense": 536000000,
        "incomelossfromcontinuingoperationsbeforeincometaxesextraordinaryitemsnoncontrollinginterest": 6119000000,
        "incometaxexpensebenefit": 197000000,
        "netincomeloss": 5470000000,
        "preferredstockdividendsincomestatementimpact": 262000000,
        "netincomelossavailabletocommonstockholdersbasic": 5208000000,
        "earningspersharebasic": 0.5899999999999999,
        "earningspersharediluted": 0.5900000000000001,
        "weightedaveragenumberofsharesoutstandingbasic": 8753200000,
        "weightedaveragenumberofdilutedsharesoutstanding": 8796900000,
        "othercomprehensiveincomeavailableforsalesecuritiesadjustmentnetoftaxportionattributabletoparent": 5000000,
        "othercomprehensiveincomelossfinancialliabilityfairvalueoptionaftertaxandreclassificationadjustmentattributabletoparent": -493000000,
        "othercomprehensiveincomelosscashflowhedgegainlossafterreclassificationandtaxparent": 18000000,
        "othercomprehensiveincomedefinedbenefitplansadjustmentnetoftaxportionattributabletoparent": 242000000,
        "othercomprehensiveincomeforeigncurrencytransactionandtranslationadjustmentnetoftaxportionattributabletoparent": 34000000,
        "othercomprehensiveincomelossnetoftaxportionattributabletoparent": -678000000,
        "comprehensiveincomenetoftax": -9092000000
    },
    {
        "date": "2020-09-29",
        "symbol": "BAC",
        "period": "Q3",
        "interestanddividendincomeoperating": 11486000000,
        "interestexpense": 1357000000,
        "interestincomeexpensenet": 10129000000,
        "feesandcommissions1": -28000000,
        "tradinggainslosses": -66000000,
        "noninterestincomeotheroperatingincome": -821000000,
        "noninterestincome": -915000000,
        "revenues": 20336000000,
        "financingreceivableandoffbalancesheetliabilitycreditlossprovisionreversal": -18000000,
        "laborandrelatedexpense": 8200000000,
        "occupancynet": 1798000000,
        "communicationsandinformationtechnology": 1333000000,
        "productdeliveryandtransactionrelatedexpenses": 930000000,
        "marketingandadvertisingexpense": 308000000,
        "professionalfees": 450000000,
        "othernoninterestexpense": 1382000000,
        "noninterestexpense": 560000000,
        "incomelossfromcontinuingoperationsbeforeincometaxesextraordinaryitemsnoncontrollinginterest": 4546000000,
        "incometaxexpensebenefit": -335000000,
        "netincomeloss": 4881000000,
        "preferredstockdividendsincomestatementimpact": 441000000,
        "netincomelossavailabletocommonstockholdersbasic": 4440000000,
        "earningspersharebasic": 0.51,
        "earningspersharediluted": 0.51,
        "weightedaveragenumberofsharesoutstandingbasic": 8732900000,
        "weightedaveragenumberofdilutedsharesoutstanding": 8777500000,
        "othercomprehensiveincomeavailableforsalesecuritiesadjustmentnetoftaxportionattributabletoparent": 101000000,
        "othercomprehensiveincomelossfinancialliabilityfairvalueoptionaftertaxandreclassificationadjustmentattributabletoparent": -58000000,
        "othercomprehensiveincomelosscashflowhedgegainlossafterreclassificationandtaxparent": 76000000,
        "othercomprehensiveincomedefinedbenefitplansadjustmentnetoftaxportionattributabletoparent": -44000000,
        "othercomprehensiveincomeforeigncurrencytransactionandtranslationadjustmentnetoftaxportionattributabletoparent": 21000000,
        "othercomprehensiveincomelossnetoftaxportionattributabletoparent": 184000000,
        "comprehensiveincomenetoftax": 5065000000
    },
    {
        "date": "2020-06-29",
        "symbol": "BAC",
        "period": "Q2",
        "netincomeloss": 3533000000,
        "othercomprehensiveincomeavailableforsalesecuritiesadjustmentnetoftaxportionattributabletoparent": -102000000,
        "othercomprehensiveincomelossfinancialliabilityfairvalueoptionaftertaxandreclassificationadjustmentattributabletoparent": -1293000000,
        "othercomprehensiveincomelosscashflowhedgegainlossafterreclassificationandtaxparent": 315000000,
        "othercomprehensiveincomedefinedbenefitplansadjustmentnetoftaxportionattributabletoparent": -57000000,
        "othercomprehensiveincomeforeigncurrencytransactionandtranslationadjustmentnetoftaxportionattributabletoparent": -19000000,
        "othercomprehensiveincomelossnetoftaxportionattributabletoparent": -1042000000,
        "comprehensiveincomenetoftax": 2491000000,
        "interestanddividendincomeoperating": 12540000000,
        "interestexpense": 1692000000,
        "interestincomeexpensenet": 10848000000,
        "feesandcommissions1": -42000000,
        "tradinggainslosses": 122000000,
        "noninterestincomeotheroperatingincome": -289000000,
        "noninterestincome": -209000000,
        "revenues": 22326000000,
        "financingreceivableandoffbalancesheetliabilitycreditlossprovisionreversal": -21000000,
        "laborandrelatedexpense": 7994000000,
        "occupancynet": 1802000000,
        "communicationsandinformationtechnology": 1265000000,
        "productdeliveryandtransactionrelatedexpenses": 811000000,
        "marketingandadvertisingexpense": 492000000,
        "professionalfees": 381000000,
        "othernoninterestexpense": 665000000,
        "noninterestexpense": 309000000,
        "incomelossfromcontinuingoperationsbeforeincometaxesextraordinaryitemsnoncontrollinginterest": 3799000000,
        "incometaxexpensebenefit": 266000000,
        "preferredstockdividendsincomestatementimpact": 249000000,
        "netincomelossavailabletocommonstockholdersbasic": 3284000000,
        "earningspersharebasic": 0.38,
        "earningspersharediluted": 0.37,
        "weightedaveragenumberofsharesoutstandingbasic": 8739900000,
        "weightedaveragenumberofdilutedsharesoutstanding": 8768100000
    },
    {
        "date": "2020-03-30",
        "symbol": "BAC",
        "period": "Q1",
        "netincomeloss": 4010000000,
        "othercomprehensiveincomeavailableforsalesecuritiesadjustmentnetoftaxportionattributabletoparent": 4795000000,
        "othercomprehensiveincomelossfinancialliabilityfairvalueoptionaftertaxandreclassificationadjustmentattributabletoparent": 1346000000,
        "othercomprehensiveincomelosscashflowhedgegainlossafterreclassificationandtaxparent": 417000000,
        "othercomprehensiveincomedefinedbenefitplansadjustmentnetoftaxportionattributabletoparent": -43000000,
        "othercomprehensiveincomeforeigncurrencytransactionandtranslationadjustmentnetoftaxportionattributabletoparent": -88000000,
        "othercomprehensiveincomelossnetoftaxportionattributabletoparent": 6513000000,
        "comprehensiveincomenetoftax": 6513000000,
        "interestanddividendincomeoperating": 16098000000,
        "interestexpense": 3968000000,
        "interestincomeexpensenet": 12130000000,
        "feesandcommissions1": -89000000,
        "tradinggainslosses": -275000000,
        "noninterestincomeotheroperatingincome": -691000000,
        "noninterestincome": -1055000000,
        "revenues": 22767000000,
        "financingreceivableandoffbalancesheetliabilitycreditlossprovisionreversal": 114000000,
        "laborandrelatedexpense": 8341000000,
        "occupancynet": 1702000000,
        "communicationsandinformationtechnology": 1209000000,
        "productdeliveryandtransactionrelatedexpenses": 777000000,
        "marketingandadvertisingexpense": 438000000,
        "professionalfees": 375000000,
        "othernoninterestexpense": 633000000,
        "noninterestexpense": 246000000,
        "incomelossfromcontinuingoperationsbeforeincometaxesextraordinaryitemsnoncontrollinginterest": 4531000000,
        "incometaxexpensebenefit": 521000000,
        "preferredstockdividendsincomestatementimpact": 469000000,
        "netincomelossavailabletocommonstockholdersbasic": 3541000000,
        "earningspersharebasic": 0.4,
        "earningspersharediluted": 0.4,
        "weightedaveragenumberofsharesoutstandingbasic": 8815600000,
        "weightedaveragenumberofdilutedsharesoutstanding": 8862700000
    },
    {
        "date": "2019-12-30",
        "symbol": "BAC",
        "period": "Q4",
        "netincomeloss": 6994000000,
        "othercomprehensiveincomeavailableforsalesecuritiesadjustmentnetoftaxportionattributabletoparent": -356000000,
        "othercomprehensiveincomelossfinancialliabilityfairvalueoptionaftertaxandreclassificationadjustmentattributabletoparent": -691000000,
        "othercomprehensiveincomelosscashflowhedgegainlossafterreclassificationandtaxparent": -35000000,
        "othercomprehensiveincomedefinedbenefitplansadjustmentnetoftaxportionattributabletoparent": -53000000,
        "othercomprehensiveincomeforeigncurrencytransactionandtranslationadjustmentnetoftaxportionattributabletoparent": 13000000,
        "othercomprehensiveincomelossnetoftaxportionattributabletoparent": -1016000000,
        "comprehensiveincomenetoftax": -14141000000,
        "interestanddividendincomeoperating": 16926000000,
        "interestexpense": 4786000000,
        "interestincomeexpensenet": 12140000000,
        "feesandcommissions1": -23000000,
        "noninterestincomeotheroperatingincome": 2405000000,
        "noninterestincome": -597000000,
        "provisionforloanleaseandotherlosses": -79000000,
        "laborandrelatedexpense": 7977000000,
        "occupancynet": 1680000000,
        "communicationsandinformationtechnology": 1162000000,
        "productdeliveryandtransactionrelatedexpenses": 695000000,
        "marketingandadvertisingexpense": 524000000,
        "professionalfees": 442000000,
        "othernoninterestexpense": 759000000,
        "noninterestexpense": -1755000000,
        "incomelossfromcontinuingoperationsbeforeincometaxesextraordinaryitemsnoncontrollinginterest": 8169000000,
        "incometaxexpensebenefit": -3808000000,
        "preferredstockdividendsincomestatementimpact": 246000000,
        "netincomelossavailabletocommonstockholdersbasic": 6748000000,
        "earningspersharebasic": 0.7400000000000002,
        "earningspersharediluted": 0.75,
        "weightedaveragenumberofsharesoutstandingbasic": 9390500000,
        "weightedaveragenumberofdilutedsharesoutstanding": 9442900000
    },
    {
        "date": "2019-09-29",
        "symbol": "BAC",
        "period": "Q3",
        "netincomeloss": 5777000000,
        "othercomprehensiveincomeavailableforsalesecuritiesadjustmentnetoftaxportionattributabletoparent": 1538000000,
        "othercomprehensiveincomelossfinancialliabilityfairvalueoptionaftertaxandreclassificationadjustmentattributabletoparent": 229000000,
        "othercomprehensiveincomelosscashflowhedgegainlossafterreclassificationandtaxparent": 118000000,
        "othercomprehensiveincomedefinedbenefitplansadjustmentnetoftaxportionattributabletoparent": -26000000,
        "othercomprehensiveincomeforeigncurrencytransactionandtranslationadjustmentnetoftaxportionattributabletoparent": -51000000,
        "othercomprehensiveincomelossnetoftaxportionattributabletoparent": 1860000000,
        "comprehensiveincomenetoftax": 7637000000,
        "interestanddividendincomeoperating": 17916000000,
        "interestexpense": 5729000000,
        "interestincomeexpensenet": 12187000000,
        "feesandcommissions1": -48000000,
        "tradinggainslosses": 16000000,
        "noninterestincomeotheroperatingincome": -779000000,
        "noninterestincome": -811000000,
        "revenues": 22807000000,
        "provisionforloanleaseandotherlosses": -295000000,
        "laborandrelatedexpense": 7779000000,
        "occupancynet": 1663000000,
        "communicationsandinformationtechnology": 1163000000,
        "productdeliveryandtransactionrelatedexpenses": 696000000,
        "marketingandadvertisingexpense": 440000000,
        "professionalfees": 386000000,
        "othernoninterestexpense": 3042000000,
        "noninterestexpense": 2464000000,
        "incomelossfromcontinuingoperationsbeforeincometaxesextraordinaryitemsnoncontrollinginterest": 6859000000,
        "incometaxexpensebenefit": 1082000000,
        "preferredstockdividendsincomestatementimpact": 505000000,
        "netincomelossavailabletocommonstockholdersbasic": 5272000000,
        "earningspersharebasic": 0.57,
        "earningspersharediluted": 0.56,
        "weightedaveragenumberofsharesoutstandingbasic": 9303600000,
        "weightedaveragenumberofdilutedsharesoutstanding": 9353000000
    },
    {
        "date": "2019-06-29",
        "symbol": "BAC",
        "period": "Q2",
        "netincomeloss": 7348000000,
        "othercomprehensiveincomeavailableforsalesecuritiesadjustmentnetoftaxportionattributabletoparent": 2384000000,
        "othercomprehensiveincomelossfinancialliabilityfairvalueoptionaftertaxandreclassificationadjustmentattributabletoparent": -138000000,
        "othercomprehensiveincomelosscashflowhedgegainlossafterreclassificationandtaxparent": 304000000,
        "othercomprehensiveincomedefinedbenefitplansadjustmentnetoftaxportionattributabletoparent": -29000000,
        "othercomprehensiveincomeforeigncurrencytransactionandtranslationadjustmentnetoftaxportionattributabletoparent": -14000000,
        "othercomprehensiveincomelossnetoftaxportionattributabletoparent": 2565000000,
        "comprehensiveincomenetoftax": 9913000000,
        "interestanddividendincomeoperating": 18224000000,
        "interestexpense": 6035000000,
        "interestincomeexpensenet": 12189000000,
        "feesandcommissions1": -59000000,
        "tradinggainslosses": 296000000,
        "noninterestincomeotheroperatingincome": -819000000,
        "noninterestincome": -582000000,
        "revenues": 23084000000,
        "provisionforloanleaseandotherlosses": -241000000,
        "laborandrelatedexpense": 7972000000,
        "occupancynet": 1640000000,
        "communicationsandinformationtechnology": 1157000000,
        "productdeliveryandtransactionrelatedexpenses": 709000000,
        "marketingandadvertisingexpense": 528000000,
        "professionalfees": 409000000,
        "othernoninterestexpense": 853000000,
        "noninterestexpense": 514000000,
        "incomelossfromcontinuingoperationsbeforeincometaxesextraordinaryitemsnoncontrollinginterest": 8959000000,
        "incometaxexpensebenefit": 1611000000,
        "preferredstockdividendsincomestatementimpact": 239000000,
        "netincomelossavailabletocommonstockholdersbasic": 7109000000,
        "earningspersharebasic": 0.75,
        "earningspersharediluted": 0.74,
        "weightedaveragenumberofsharesoutstandingbasic": 9523200000,
        "weightedaveragenumberofdilutedsharesoutstanding": 9559600000
    },
    {
        "date": "2019-03-30",
        "symbol": "BAC",
        "period": "Q1",
        "netincomeloss": 7311000000,
        "othercomprehensiveincomeavailableforsalesecuritiesadjustmentnetoftaxportionattributabletoparent": 2309000000,
        "othercomprehensiveincomelossfinancialliabilityfairvalueoptionaftertaxandreclassificationadjustmentattributabletoparent": -363000000,
        "othercomprehensiveincomelosscashflowhedgegainlossafterreclassificationandtaxparent": 229000000,
        "othercomprehensiveincomedefinedbenefitplansadjustmentnetoftaxportionattributabletoparent": -28000000,
        "othercomprehensiveincomeforeigncurrencytransactionandtranslationadjustmentnetoftaxportionattributabletoparent": -34000000,
        "othercomprehensiveincomelossnetoftaxportionattributabletoparent": 2169000000,
        "comprehensiveincomenetoftax": 2169000000,
        "interestanddividendincomeoperating": 18170000000,
        "interestexpense": 5795000000,
        "interestincomeexpensenet": 12375000000,
        "feesandcommissions1": -63000000,
        "tradinggainslosses": 170000000,
        "noninterestincomeotheroperatingincome": -733000000,
        "noninterestincome": -626000000,
        "revenues": 23004000000,
        "provisionforloanleaseandotherlosses": -54000000,
        "laborandrelatedexpense": 8249000000,
        "occupancynet": 1605000000,
        "communicationsandinformationtechnology": 1164000000,
        "productdeliveryandtransactionrelatedexpenses": 662000000,
        "marketingandadvertisingexpense": 442000000,
        "professionalfees": 360000000,
        "othernoninterestexpense": 742000000,
        "noninterestexpense": 418000000,
        "incomelossfromcontinuingoperationsbeforeincometaxesextraordinaryitemsnoncontrollinginterest": 8767000000,
        "incometaxexpensebenefit": 1456000000,
        "preferredstockdividendsincomestatementimpact": 442000000,
        "netincomelossavailabletocommonstockholdersbasic": 6869000000,
        "earningspersharebasic": 0.71,
        "earningspersharediluted": 0.7,
        "weightedaveragenumberofsharesoutstandingbasic": 9725900000,
        "weightedaveragenumberofdilutedsharesoutstanding": 9787300000
    },
    {
        "date": "2018-12-30",
        "symbol": "BAC",
        "period": "Q4",
        "netincomeloss": 14250000000,
        "othercomprehensiveincomeavailableforsalesecuritiesadjustmentnetoftaxportionattributabletoparent": 2213000000,
        "othercomprehensiveincomelossfinancialliabilityfairvalueoptionaftertaxandreclassificationadjustmentattributabletoparent": 566000000,
        "othercomprehensiveincomelosscashflowhedgegainlossafterreclassificationandtaxparent": 293000000,
        "othercomprehensiveincomedefinedbenefitplansadjustmentnetoftaxportionattributabletoparent": 496000000,
        "othercomprehensiveincomeforeigncurrencytransactionandtranslationadjustmentnetoftaxportionattributabletoparent": 49000000,
        "othercomprehensiveincomelossnetoftaxportionattributabletoparent": 2625000000,
        "comprehensiveincomenetoftax": -18244000000,
        "interestandfeeincomeloansandleases": 10716000000,
        "interestanddividendincomesecurities": 3078000000,
        "interestincomefederalfundssoldandsecuritiespurchasedunderagreementstoresell": 1046000000,
        "otherinterestanddividendincome": 1691000000,
        "interestanddividendincomeoperating": 17836000000,
        "interestexpensedeposits": 1562000000,
        "interestexpenseshorttermborrowings": 1716000000,
        "interestexpensetradingliabilities": 318000000,
        "interestexpenselongtermdebt": 1936000000,
        "interestexpense": 5532000000,
        "interestincomeexpensenet": 12304000000,
        "brokeragecommissionsrevenue": -10608000000,
        "investmentbankingrevenue": -4175000000,
        "tradinggainslosses": -8030000000,
        "noninterestincomeotheroperatingincome": -2601000000,
        "noninterestincome": -34667000000,
        "revenues": 45745000000,
        "provisionforloanleaseandotherlosses": -2853000000,
        "laborandrelatedexpense": 7735000000,
        "occupancynet": 1015000000,
        "equipmentexpense": 427000000,
        "marketingandadvertisingexpense": 513000000,
        "professionalfees": 480000000,
        "informationtechnologyanddataprocessing": 824000000,
        "communication": 177000000,
        "othernoninterestexpense": 1962000000,
        "noninterestexpense": -38648000000,
        "incomelossfromcontinuingoperationsbeforeincometaxesextraordinaryitemsnoncontrollinginterest": 8698000000,
        "incometaxexpensebenefit": -5298000000,
        "preferredstockdividendsincomestatementimpact": 239000000,
        "netincomelossavailabletocommonstockholdersbasic": 7039000000,
        "earningspersharebasic": 0.7000000000000001,
        "earningspersharediluted": 0.6999999999999998,
        "weightedaveragenumberofsharesoutstandingbasic": 10096500000,
        "weightedaveragenumberofdilutedsharesoutstanding": 10236900000
    },
    {
        "date": "2018-09-29",
        "symbol": "BAC",
        "period": "Q3",
        "netincomeloss": 7167000000,
        "othercomprehensiveincomeavailableforsalesecuritiesadjustmentnetoftaxportionattributabletoparent": -1172000000,
        "othercomprehensiveincomelossfinancialliabilityfairvalueoptionaftertaxandreclassificationadjustmentattributabletoparent": -269000000,
        "othercomprehensiveincomelosscashflowhedgegainlossafterreclassificationandtaxparent": 21000000,
        "othercomprehensiveincomedefinedbenefitplansadjustmentnetoftaxportionattributabletoparent": -31000000,
        "othercomprehensiveincomeforeigncurrencytransactionandtranslationadjustmentnetoftaxportionattributabletoparent": -114000000,
        "othercomprehensiveincomelossnetoftaxportionattributabletoparent": -1503000000,
        "comprehensiveincomenetoftax": 5664000000,
        "interestandfeeincomeloansandleases": 10401000000,
        "interestanddividendincomesecurities": 2986000000,
        "interestincomefederalfundssoldandsecuritiespurchasedunderagreementstoresell": 799000000,
        "interestanddividendincomesecuritiestradingormeasuredatfairvalue": 1172000000,
        "otherinterestanddividendincome": 1607000000,
        "interestanddividendincomeoperating": 16965000000,
        "interestexpensedeposits": 1230000000,
        "interestexpenseshorttermborrowings": 1526000000,
        "interestexpensetradingliabilities": 335000000,
        "interestexpenselongtermdebt": 2004000000,
        "interestexpense": 5095000000,
        "interestincomeexpensenet": 11870000000,
        "feesandcommissionscreditanddebitcards": 1470000000,
        "feesandcommissionsdepositoraccounts": 1961000000,
        "brokeragecommissionsrevenue": 3494000000,
        "investmentbankingrevenue": 1204000000,
        "tradinggainslosses": 1893000000,
        "noninterestincomeotheroperatingincome": 885000000,
        "noninterestincome": 10907000000,
        "revenues": 22777000000,
        "provisionforloanleaseandotherlosses": 716000000,
        "laborandrelatedexpense": 7721000000,
        "occupancynet": 1015000000,
        "equipmentexpense": 421000000,
        "marketingandadvertisingexpense": 421000000,
        "professionalfees": 439000000,
        "informationtechnologyanddataprocessing": 791000000,
        "communication": 173000000,
        "othernoninterestexpense": 2086000000,
        "noninterestexpense": 13067000000,
        "incomelossfromcontinuingoperationsbeforeincometaxesextraordinaryitemsnoncontrollinginterest": 8994000000,
        "incometaxexpensebenefit": 1827000000,
        "preferredstockdividendsincomestatementimpact": 466000000,
        "netincomelossavailabletocommonstockholdersbasic": 6701000000,
        "earningspersharebasic": 0.67,
        "earningspersharediluted": 0.66,
        "commonstockdividendspersharecashpaid": 0.15,
        "weightedaveragenumberofsharesoutstandingbasic": 10031600000,
        "weightedaveragenumberofdilutedsharesoutstanding": 10170800000
    },
    {
        "date": "2018-06-29",
        "symbol": "BAC",
        "period": "Q2",
        "netincomeloss": 6784000000,
        "othercomprehensiveincomeavailableforsalesecuritiesadjustmentnetoftaxportionattributabletoparent": -1031000000,
        "othercomprehensiveincomelossfinancialliabilityfairvalueoptionaftertaxandreclassificationadjustmentattributabletoparent": 179000000,
        "othercomprehensiveincomelosscashflowhedgegainlossafterreclassificationandtaxparent": -92000000,
        "othercomprehensiveincomedefinedbenefitplansadjustmentnetoftaxportionattributabletoparent": -30000000,
        "othercomprehensiveincomeforeigncurrencytransactionandtranslationadjustmentnetoftaxportionattributabletoparent": -141000000,
        "othercomprehensiveincomelossnetoftaxportionattributabletoparent": -1055000000,
        "comprehensiveincomenetoftax": 5729000000,
        "interestandfeeincomeloansandleases": 10071000000,
        "interestanddividendincomesecurities": 2856000000,
        "interestincomefederalfundssoldandsecuritiespurchasedunderagreementstoresell": 709000000,
        "interestanddividendincomesecuritiestradingormeasuredatfairvalue": 1198000000,
        "otherinterestanddividendincome": 1535000000,
        "interestanddividendincomeoperating": 16369000000,
        "interestexpensedeposits": 943000000,
        "interestexpenseshorttermborrowings": 1462000000,
        "interestexpensetradingliabilities": 348000000,
        "interestexpenselongtermdebt": 1966000000,
        "interestexpense": 4719000000,
        "interestincomeexpensenet": 11650000000,
        "feesandcommissionscreditanddebitcards": 1542000000,
        "feesandcommissionsdepositoraccounts": 1954000000,
        "brokeragecommissionsrevenue": 3458000000,
        "investmentbankingrevenue": 1422000000,
        "tradinggainslosses": 2315000000,
        "noninterestincomeotheroperatingincome": 268000000,
        "noninterestincome": 10959000000,
        "revenues": 22609000000,
        "provisionforloanleaseandotherlosses": 827000000,
        "laborandrelatedexpense": 7944000000,
        "occupancynet": 1022000000,
        "equipmentexpense": 415000000,
        "marketingandadvertisingexpense": 395000000,
        "professionalfees": 399000000,
        "informationtechnologyanddataprocessing": 797000000,
        "communication": 166000000,
        "othernoninterestexpense": 2146000000,
        "noninterestexpense": 13284000000,
        "incomelossfromcontinuingoperationsbeforeincometaxesextraordinaryitemsnoncontrollinginterest": 8498000000,
        "incometaxexpensebenefit": 1714000000,
        "preferredstockdividendsincomestatementimpact": 318000000,
        "netincomelossavailabletocommonstockholdersbasic": 6466000000,
        "earningspersharebasic": 0.64,
        "earningspersharediluted": 0.63,
        "commonstockdividendspersharecashpaid": 0.12,
        "weightedaveragenumberofsharesoutstandingbasic": 10181700000,
        "weightedaveragenumberofdilutedsharesoutstanding": 10309400000
    },
    {
        "date": "2018-03-30",
        "symbol": "BAC",
        "period": "Q1",
        "netincomeloss": -54000000,
        "othercomprehensiveincomeavailableforsalesecuritiesadjustmentnetoftaxportionattributabletoparent": -3963000000,
        "othercomprehensiveincomelossfinancialliabilityfairvalueoptionaftertaxandreclassificationadjustmentattributabletoparent": 273000000,
        "othercomprehensiveincomelosscashflowhedgegainlossafterreclassificationandtaxparent": -275000000,
        "othercomprehensiveincomederivativesqualifyingashedgesnetoftaxportionattributabletoparent": -275000000,
        "othercomprehensiveincomedefinedbenefitplansadjustmentnetoftaxportionattributabletoparent": -30000000,
        "othercomprehensiveincomeforeigncurrencytransactionandtranslationadjustmentnetoftaxportionattributabletoparent": -48000000,
        "othercomprehensiveincomelossnetoftaxportionattributabletoparent": -3983000000,
        "comprehensiveincomenetoftax": 2935000000,
        "interestandfeeincomeloansandleases": 9623000000,
        "interestanddividendincomesecurities": 2804000000,
        "interestincomefederalfundssoldandsecuritiespurchasedunderagreementstoresell": 622000000,
        "interestanddividendincomesecuritiestradingormeasuredatfairvalue": 1136000000,
        "otherinterestanddividendincome": 1414000000,
        "interestanddividendincomeoperating": 15599000000,
        "interestexpensedeposits": 760000000,
        "interestexpenseshorttermborrowings": 1135000000,
        "interestexpensetradingliabilities": 357000000,
        "interestexpenselongtermdebt": 1739000000,
        "interestexpense": 3991000000,
        "interestincomeexpensenet": 11608000000,
        "feesandcommissionscreditanddebitcards": 1457000000,
        "feesandcommissionsdepositoraccounts": 1921000000,
        "brokeragecommissionsrevenue": 3664000000,
        "investmentbankingrevenue": 1353000000,
        "tradinggainslosses": 4050000000,
        "noninterestincomeotheroperatingincome": 423000000,
        "noninterestincome": 11517000000,
        "revenues": 116000000,
        "provisionforloanleaseandotherlosses": 834000000,
        "laborandrelatedexpense": 8480000000,
        "occupancynet": 1014000000,
        "equipmentexpense": 442000000,
        "marketingandadvertisingexpense": 345000000,
        "professionalfees": 381000000,
        "informationtechnologyanddataprocessing": 810000000,
        "communication": 183000000,
        "othernoninterestexpense": 2242000000,
        "noninterestexpense": 13897000000,
        "incomelossfromcontinuingoperationsbeforeincometaxesextraordinaryitemsnoncontrollinginterest": 8394000000,
        "incometaxexpensebenefit": 1476000000,
        "preferredstockdividendsincomestatementimpact": 428000000,
        "netincomelossavailabletocommonstockholdersbasic": 6490000000,
        "earningspersharebasic": 0.63,
        "earningspersharediluted": 0.62,
        "commonstockdividendspersharecashpaid": 0.12,
        "weightedaveragenumberofsharesoutstandingbasic": 10322400000,
        "weightedaveragenumberofdilutedsharesoutstanding": 10472700000
    },
    {
        "date": "2017-12-30",
        "symbol": "BAC",
        "period": "Q4",
        "netincomeloss": 2520000000,
        "othercomprehensiveincomeavailableforsalesecuritiesadjustmentnetoftaxportionattributabletoparent": -870000000,
        "othercomprehensiveincomelossfinancialliabilityfairvalueoptionaftertaxandreclassificationadjustmentattributabletoparent": -144000000,
        "othercomprehensiveincomederivativesqualifyingashedgesnetoftaxportionattributabletoparent": -92000000,
        "othercomprehensiveincomedefinedbenefitplansadjustmentnetoftaxportionattributabletoparent": -208000000,
        "othercomprehensiveincomeforeigncurrencytransactionandtranslationadjustmentnetoftaxportionattributabletoparent": -16000000,
        "othercomprehensiveincomelossnetoftaxportionattributabletoparent": -914000000,
        "comprehensiveincomenetoftax": 1606000000,
        "interestandfeeincomeloansandleases": 9344000000,
        "interestanddividendincomesecurities": 2707000000,
        "interestincomefederalfundssoldandsecuritiespurchasedunderagreementstoresell": 732000000,
        "interestanddividendincomesecuritiestradingormeasuredatfairvalue": 1144000000,
        "otherinterestanddividendincome": 1139000000,
        "interestanddividendincomeoperating": 15066000000,
        "interestexpensedeposits": 679000000,
        "interestexpenseshorttermborrowings": 1030000000,
        "interestexpensetradingliabilities": 314000000,
        "interestexpenselongtermdebt": 1581000000,
        "interestexpense": 3604000000,
        "interestincomeexpensenet": 11462000000,
        "feesandcommissionscreditanddebitcards": 1555000000,
        "feesandcommissionsdepositoraccounts": 1955000000,
        "brokeragecommissionsrevenue": 3399000000,
        "investmentbankingrevenue": 1418000000,
        "tradinggainslosses": 1153000000,
        "feesandcommissionsmortgagebanking": -108000000,
        "marketablesecuritiesrealizedgainlossexcludingotherthantemporaryimpairments": -23000000,
        "noninterestincomeotheroperatingincome": -375000000,
        "noninterestincome": 8974000000,
        "revenues": 20436000000,
        "provisionforloanleaseandotherlosses": 1001000000,
        "laborandrelatedexpense": 7289000000,
        "occupancynet": 1009000000,
        "equipmentexpense": 411000000,
        "marketingandadvertisingexpense": 511000000,
        "professionalfees": 471000000,
        "informationtechnologyanddataprocessing": 795000000,
        "communication": 161000000,
        "othernoninterestexpense": 2856000000,
        "noninterestexpense": 13030000000,
        "incomelossfromcontinuingoperationsbeforeincometaxesextraordinaryitemsnoncontrollinginterest": 6405000000,
        "incometaxexpensebenefit": 3885000000,
        "preferredstockdividendsincomestatementimpact": 286000000,
        "netincomelossavailabletocommonstockholdersbasic": 2234000000,
        "earningspersharebasic": 0.2099999999999999,
        "earningspersharediluted": 0.21000000000000013,
        "commonstockdividendspersharecashpaid": 0.12000000000000001,
        "weightedaveragenumberofsharesoutstandingbasic": 10195646000,
        "weightedaveragenumberofdilutedsharesoutstanding": 10778428000
    },
    {
        "date": "2017-09-29",
        "symbol": "BAC",
        "period": "Q3",
        "netincomeloss": 5587000000,
        "othercomprehensiveincomeavailableforsalesecuritiesadjustmentnetoftaxportionattributabletoparent": 462000000,
        "othercomprehensiveincomelossfinancialliabilityfairvalueoptionaftertaxandreclassificationadjustmentattributabletoparent": -80000000,
        "othercomprehensiveincomederivativesqualifyingashedgesnetoftaxportionattributabletoparent": 24000000,
        "othercomprehensiveincomedefinedbenefitplansadjustmentnetoftaxportionattributabletoparent": -26000000,
        "othercomprehensiveincomeforeigncurrencytransactionandtranslationadjustmentnetoftaxportionattributabletoparent": 5000000,
        "othercomprehensiveincomelossnetoftaxportionattributabletoparent": 437000000,
        "comprehensiveincomenetoftax": 6024000000,
        "interestandfeeincomeloansandleases": 9203000000,
        "interestanddividendincomesecurities": 2629000000,
        "interestincomefederalfundssoldandsecuritiespurchasedunderagreementstoresell": 659000000,
        "interestanddividendincomesecuritiestradingormeasuredatfairvalue": 1091000000,
        "otherinterestanddividendincome": 1075000000,
        "interestanddividendincomeoperating": 14657000000,
        "interestexpensedeposits": 624000000,
        "interestexpenseshorttermborrowings": 944000000,
        "interestexpensetradingliabilities": 319000000,
        "interestexpenselongtermdebt": 1609000000,
        "interestexpense": 3496000000,
        "interestincomeexpensenet": 11161000000,
        "feesandcommissionscreditanddebitcards": 1429000000,
        "feesandcommissionsdepositoraccounts": 1968000000,
        "brokeragecommissionsrevenue": 3303000000,
        "investmentbankingrevenue": 1477000000,
        "tradinggainslosses": 1837000000,
        "feesandcommissionsmortgagebanking": -20000000,
        "marketablesecuritiesrealizedgainlossexcludingotherthantemporaryimpairments": 125000000,
        "noninterestincomeotheroperatingincome": 559000000,
        "noninterestincome": 10678000000,
        "revenues": 21839000000,
        "provisionforloanleaseandotherlosses": 834000000,
        "laborandrelatedexpense": 7483000000,
        "occupancynet": 999000000,
        "equipmentexpense": 416000000,
        "marketingandadvertisingexpense": 461000000,
        "professionalfees": 476000000,
        "amortizationofintangibleassets": 151000000,
        "informationtechnologyanddataprocessing": 777000000,
        "communication": 170000000,
        "othernoninterestexpense": 2206000000,
        "noninterestexpense": 13139000000,
        "incomelossfromcontinuingoperationsbeforeincometaxesextraordinaryitemsnoncontrollinginterest": 7866000000,
        "incometaxexpensebenefit": 2279000000,
        "preferredstockdividendsincomestatementimpact": 465000000,
        "netincomelossavailabletocommonstockholdersbasic": 5122000000,
        "earningspersharebasic": 0.5,
        "earningspersharediluted": 0.48,
        "commonstockdividendspersharecashpaid": 0.12,
        "weightedaveragenumberofsharesoutstandingbasic": 10197891000,
        "weightedaveragenumberofdilutedsharesoutstanding": 10725482000
    },
    {
        "date": "2017-06-29",
        "symbol": "BAC",
        "period": "Q2",
        "netincomeloss": 5269000000,
        "othercomprehensiveincomeavailableforsalesecuritiesadjustmentnetoftaxportionattributabletoparent": 568000000,
        "othercomprehensiveincomelossfinancialliabilityfairvalueoptionaftertaxandreclassificationadjustmentattributabletoparent": -78000000,
        "othercomprehensiveincomederivativesqualifyingashedgesnetoftaxportionattributabletoparent": 94000000,
        "othercomprehensiveincomedefinedbenefitplansadjustmentnetoftaxportionattributabletoparent": -27000000,
        "othercomprehensiveincomeforeigncurrencytransactionandtranslationadjustmentnetoftaxportionattributabletoparent": 100000000,
        "othercomprehensiveincomelossnetoftaxportionattributabletoparent": 711000000,
        "comprehensiveincomenetoftax": 5980000000,
        "interestandfeeincomeloansandleases": 8920000000,
        "interestanddividendincomesecurities": 2594000000,
        "interestincomefederalfundssoldandsecuritiespurchasedunderagreementstoresell": 560000000,
        "interestanddividendincomesecuritiestradingormeasuredatfairvalue": 1163000000,
        "otherinterestanddividendincome": 909000000,
        "interestanddividendincomeoperating": 14146000000,
        "interestexpensedeposits": 346000000,
        "interestexpenseshorttermborrowings": 917000000,
        "interestexpensetradingliabilities": 307000000,
        "interestexpenselongtermdebt": 1590000000,
        "interestexpense": 3160000000,
        "interestincomeexpensenet": 10986000000,
        "feesandcommissionscreditanddebitcards": 1469000000,
        "feesandcommissionsdepositoraccounts": 1977000000,
        "brokeragecommissionsrevenue": 3317000000,
        "investmentbankingrevenue": 1532000000,
        "tradinggainslosses": 1956000000,
        "feesandcommissionsmortgagebanking": 230000000,
        "marketablesecuritiesrealizedgainlossexcludingotherthantemporaryimpairments": 101000000,
        "noninterestincomeotheroperatingincome": 1261000000,
        "noninterestincome": 11843000000,
        "revenues": 22829000000,
        "provisionforloanleaseandotherlosses": 726000000,
        "laborandrelatedexpense": 7712000000,
        "occupancynet": 1001000000,
        "equipmentexpense": 427000000,
        "marketingandadvertisingexpense": 442000000,
        "professionalfees": 485000000,
        "amortizationofintangibleassets": 160000000,
        "informationtechnologyanddataprocessing": 773000000,
        "communication": 177000000,
        "othernoninterestexpense": 2549000000,
        "noninterestexpense": 13726000000,
        "incomelossfromcontinuingoperationsbeforeincometaxesextraordinaryitemsnoncontrollinginterest": 8377000000,
        "incometaxexpensebenefit": 3108000000,
        "preferredstockdividendsincomestatementimpact": 361000000,
        "netincomelossavailabletocommonstockholdersbasic": 4908000000,
        "earningspersharebasic": 0.49,
        "earningspersharediluted": 0.46,
        "commonstockdividendspersharecashpaid": 0.075,
        "weightedaveragenumberofsharesoutstandingbasic": 10013503000,
        "weightedaveragenumberofdilutedsharesoutstanding": 10822069000
    },
    {
        "date": "2017-03-30",
        "symbol": "BAC",
        "period": "Q1",
        "netincomeloss": 4856000000,
        "othercomprehensiveincomeavailableforsalesecuritiesadjustmentnetoftaxportionattributabletoparent": -99000000,
        "othercomprehensiveincomelossfinancialliabilityfairvalueoptionaftertaxandreclassificationadjustmentattributabletoparent": 9000000,
        "othercomprehensiveincomederivativesqualifyingashedgesnetoftaxportionattributabletoparent": 38000000,
        "othercomprehensiveincomedefinedbenefitplansadjustmentnetoftaxportionattributabletoparent": -27000000,
        "othercomprehensiveincomeforeigncurrencytransactionandtranslationadjustmentnetoftaxportionattributabletoparent": -3000000,
        "othercomprehensiveincomelossnetoftaxportionattributabletoparent": -28000000,
        "comprehensiveincomenetoftax": 4828000000,
        "interestandfeeincomeloansandleases": 8754000000,
        "interestanddividendincomesecurities": 2541000000,
        "interestincomefederalfundssoldandsecuritiespurchasedunderagreementstoresell": 439000000,
        "interestanddividendincomesecuritiestradingormeasuredatfairvalue": 1076000000,
        "otherinterestanddividendincome": 900000000,
        "interestanddividendincomeoperating": 13710000000,
        "interestexpensedeposits": 282000000,
        "interestexpenseshorttermborrowings": 647000000,
        "interestexpensetradingliabilities": 264000000,
        "interestexpenselongtermdebt": 1459000000,
        "interestexpense": 2652000000,
        "interestincomeexpensenet": 11058000000,
        "feesandcommissionscreditanddebitcards": 1449000000,
        "feesandcommissionsdepositoraccounts": 1918000000,
        "brokeragecommissionsrevenue": 3262000000,
        "investmentbankingrevenue": 1584000000,
        "tradinggainslosses": 2331000000,
        "feesandcommissionsmortgagebanking": 122000000,
        "marketablesecuritiesrealizedgainlossexcludingotherthantemporaryimpairments": 52000000,
        "noninterestincomeotheroperatingincome": 472000000,
        "noninterestincome": 11190000000,
        "revenues": 22248000000,
        "provisionforloanleaseandotherlosses": 835000000,
        "laborandrelatedexpense": 9158000000,
        "occupancynet": 1000000000,
        "equipmentexpense": 438000000,
        "marketingandadvertisingexpense": 332000000,
        "professionalfees": 456000000,
        "amortizationofintangibleassets": 162000000,
        "informationtechnologyanddataprocessing": 794000000,
        "communication": 191000000,
        "othernoninterestexpense": 2317000000,
        "noninterestexpense": 14848000000,
        "incomelossfromcontinuingoperationsbeforeincometaxesextraordinaryitemsnoncontrollinginterest": 6565000000,
        "incometaxexpensebenefit": 1709000000,
        "preferredstockdividendsincomestatementimpact": 502000000,
        "netincomelossavailabletocommonstockholdersbasic": 4354000000,
        "earningspersharebasic": 0.43,
        "earningspersharediluted": 0.41,
        "commonstockdividendspersharecashpaid": 0.075,
        "weightedaveragenumberofsharesoutstandingbasic": 10099557000,
        "weightedaveragenumberofdilutedsharesoutstanding": 10914815000
    },
    {
        "date": "2016-12-30",
        "symbol": "BAC",
        "period": "Q4",
        "netincomeloss": 10574000000,
        "othercomprehensiveincomeavailableforsalesecuritiesadjustmentnetoftaxportionattributabletoparent": -5621000000,
        "othercomprehensiveincomelossfinancialliabilitiesadjustmentnetoftax": -205000000,
        "othercomprehensiveincomederivativesqualifyingashedgesnetoftaxportionattributabletoparent": -95000000,
        "othercomprehensiveincomedefinedbenefitplansadjustmentnetoftaxportionattributabletoparent": 553000000,
        "othercomprehensiveincomeforeigncurrencytransactionandtranslationadjustmentnetoftaxportionattributabletoparent": -70000000,
        "othercomprehensiveincomelossnetoftaxportionattributabletoparent": -6544000000,
        "comprehensiveincomenetoftax": -505000000,
        "interestandfeeincomeloansandleases": 8391000000,
        "interestanddividendincomesecurities": 4464000000,
        "interestincomefederalfundssoldandsecuritiespurchasedunderagreementstoresell": 315000000,
        "interestanddividendincomesecuritiestradingormeasuredatfairvalue": 1093000000,
        "otherinterestanddividendincome": 821000000,
        "interestanddividendincomeoperating": 15084000000,
        "interestexpensedeposits": 279000000,
        "interestexpenseshorttermborrowings": 542000000,
        "interestexpensetradingliabilities": 240000000,
        "interestexpenselongtermdebt": 1512000000,
        "interestexpense": 2573000000,
        "interestincomeexpensenet": 12511000000,
        "feesandcommissionscreditanddebitcards": 1502000000,
        "feesandcommissionsdepositoraccounts": 1978000000,
        "brokeragecommissionsrevenue": 3202000000,
        "investmentbankingrevenue": 1222000000,
        "tradinggainslosses": -654000000,
        "feesandcommissionsmortgagebanking": 519000000,
        "marketablesecuritiesrealizedgainlossexcludingotherthantemporaryimpairments": -54000000,
        "noninterestincomeotheroperatingincome": 195000000,
        "noninterestincome": 20100000000,
        "revenues": 42909000000,
        "provisionforloanleaseandotherlosses": 1803000000,
        "laborandrelatedexpense": 7338000000,
        "occupancynet": 969000000,
        "equipmentexpense": 447000000,
        "marketingandadvertisingexpense": 460000000,
        "professionalfees": 538000000,
        "amortizationofintangibleassets": 289000000,
        "informationtechnologyanddataprocessing": 767000000,
        "communication": 195000000,
        "othernoninterestexpense": 2271000000,
        "noninterestexpense": 13161000000,
        "incomelossfromcontinuingoperationsbeforeincometaxesextraordinaryitemsnoncontrollinginterest": 8221000000,
        "incometaxexpensebenefit": 2182000000,
        "preferredstockdividendsincomestatementimpact": 361000000,
        "netincomelossavailabletocommonstockholdersbasic": 5678000000,
        "earningspersharebasic": 0.5600000000000002,
        "earningspersharediluted": 0.5200000000000001,
        "commonstockdividendspersharecashpaid": 0.07499999999999998,
        "weightedaveragenumberofsharesoutstandingbasic": 10284147000,
        "weightedaveragenumberofdilutedsharesoutstanding": 11035657000
    },
    {
        "date": "2016-09-29",
        "symbol": "BAC",
        "period": "Q3",
        "netincomeloss": 4955000000,
        "othercomprehensiveincomeavailableforsalesecuritiesadjustmentnetoftaxportionattributabletoparent": 208000000,
        "othercomprehensiveincomelossfinancialliabilitiesadjustmentnetoftax": -65000000,
        "othercomprehensiveincomederivativesqualifyingashedgesnetoftaxportionattributabletoparent": 127000000,
        "othercomprehensiveincomedefinedbenefitplansadjustmentnetoftaxportionattributabletoparent": -6000000,
        "othercomprehensiveincomeforeigncurrencytransactionandtranslationadjustmentnetoftaxportionattributabletoparent": -8000000,
        "othercomprehensiveincomelossnetoftaxportionattributabletoparent": 268000000,
        "comprehensiveincomenetoftax": 5223000000,
        "interestandfeeincomeloansandleases": 8358000000,
        "interestanddividendincomesecurities": 2144000000,
        "interestincomefederalfundssoldandsecuritiespurchasedunderagreementstoresell": 267000000,
        "interestanddividendincomesecuritiestradingormeasuredatfairvalue": 1076000000,
        "otherinterestanddividendincome": 765000000,
        "interestanddividendincomeoperating": 12610000000,
        "interestexpensedeposits": 266000000,
        "interestexpenseshorttermborrowings": 569000000,
        "interestexpensetradingliabilities": 244000000,
        "interestexpenselongtermdebt": 1330000000,
        "interestexpense": 2409000000,
        "interestincomeexpensenet": 10201000000,
        "feesandcommissionscreditanddebitcards": 1455000000,
        "feesandcommissionsdepositoraccounts": 1952000000,
        "brokeragecommissionsrevenue": 3160000000,
        "investmentbankingrevenue": 1458000000,
        "tradinggainslosses": 2141000000,
        "feesandcommissionsmortgagebanking": 589000000,
        "marketablesecuritiesrealizedgainlossexcludingotherthantemporaryimpairments": 51000000,
        "noninterestincomeotheroperatingincome": 628000000,
        "noninterestincome": 11434000000,
        "revenues": 21635000000,
        "provisionforloanleaseandotherlosses": 850000000,
        "laborandrelatedexpense": 7704000000,
        "occupancynet": 1005000000,
        "equipmentexpense": 443000000,
        "marketingandadvertisingexpense": 410000000,
        "professionalfees": 536000000,
        "amortizationofintangibleassets": 181000000,
        "informationtechnologyanddataprocessing": 685000000,
        "communication": 189000000,
        "othernoninterestexpense": 2328000000,
        "noninterestexpense": 13481000000,
        "incomelossfromcontinuingoperationsbeforeincometaxesextraordinaryitemsnoncontrollinginterest": 7304000000,
        "incometaxexpensebenefit": 2349000000,
        "preferredstockdividendsincomestatementimpact": 503000000,
        "netincomelossavailabletocommonstockholdersbasic": 4452000000,
        "earningspersharebasic": 0.43,
        "earningspersharediluted": 0.41,
        "commonstockdividendspersharecashpaid": 0.075,
        "weightedaveragenumberofsharesoutstandingbasic": 10250124000,
        "weightedaveragenumberofdilutedsharesoutstanding": 11000473000
    },
    {
        "date": "2016-06-29",
        "symbol": "BAC",
        "period": "Q2",
        "netincomeloss": 4232000000,
        "othercomprehensiveincomeavailableforsalesecuritiesadjustmentnetoftaxportionattributabletoparent": 1177000000,
        "othercomprehensiveincomelossfinancialliabilitiesadjustmentnetoftax": -13000000,
        "othercomprehensiveincomederivativesqualifyingashedgesnetoftaxportionattributabletoparent": 126000000,
        "othercomprehensiveincomedefinedbenefitplansadjustmentnetoftaxportionattributabletoparent": -13000000,
        "othercomprehensiveincomeforeigncurrencytransactionandtranslationadjustmentnetoftaxportionattributabletoparent": -21000000,
        "othercomprehensiveincomelossnetoftaxportionattributabletoparent": 1282000000,
        "comprehensiveincomenetoftax": 5514000000,
        "interestandfeeincomeloansandleases": 8219000000,
        "interestanddividendincomesecurities": 1355000000,
        "interestincomefederalfundssoldandsecuritiespurchasedunderagreementstoresell": 260000000,
        "interestanddividendincomesecuritiestradingormeasuredatfairvalue": 1075000000,
        "otherinterestanddividendincome": 759000000,
        "interestanddividendincomeoperating": 11668000000,
        "interestexpensedeposits": 245000000,
        "interestexpenseshorttermborrowings": 625000000,
        "interestexpensetradingliabilities": 242000000,
        "interestexpenselongtermdebt": 1343000000,
        "interestexpense": 2455000000,
        "interestincomeexpensenet": 9213000000,
        "feesandcommissionscreditanddebitcards": 1464000000,
        "feesandcommissionsdepositoraccounts": 1871000000,
        "brokeragecommissionsrevenue": 3201000000,
        "investmentbankingrevenue": 1408000000,
        "tradinggainslosses": 2018000000,
        "feesandcommissionsmortgagebanking": 312000000,
        "marketablesecuritiesrealizedgainlossexcludingotherthantemporaryimpairments": 267000000,
        "noninterestincomeotheroperatingincome": 644000000,
        "noninterestincome": 11185000000,
        "revenues": 20398000000,
        "provisionforloanleaseandotherlosses": 976000000,
        "laborandrelatedexpense": 7722000000,
        "occupancynet": 1036000000,
        "equipmentexpense": 451000000,
        "marketingandadvertisingexpense": 414000000,
        "professionalfees": 472000000,
        "amortizationofintangibleassets": 186000000,
        "informationtechnologyanddataprocessing": 717000000,
        "communication": 189000000,
        "othernoninterestexpense": 2306000000,
        "noninterestexpense": 13493000000,
        "incomelossfromcontinuingoperationsbeforeincometaxesextraordinaryitemsnoncontrollinginterest": 5929000000,
        "incometaxexpensebenefit": 1697000000,
        "preferredstockdividendsincomestatementimpact": 361000000,
        "netincomelossavailabletocommonstockholdersbasic": 3871000000,
        "earningspersharebasic": 0.38,
        "earningspersharediluted": 0.36,
        "commonstockdividendspersharecashpaid": 0.05,
        "weightedaveragenumberofsharesoutstandingbasic": 10253573000,
        "weightedaveragenumberofdilutedsharesoutstanding": 11059167000
    },
    {
        "date": "2016-03-30",
        "symbol": "BAC",
        "period": "Q1",
        "netincomeloss": -1855000000,
        "othercomprehensiveincomeavailableforsalesecuritiesadjustmentnetoftaxportionattributabletoparent": 2891000000,
        "othercomprehensiveincomelossfinancialliabilitiesadjustmentnetoftax": 127000000,
        "othercomprehensiveincomederivativesqualifyingashedgesnetoftaxportionattributabletoparent": 24000000,
        "othercomprehensiveincomedefinedbenefitplansadjustmentnetoftaxportionattributabletoparent": -10000000,
        "othercomprehensiveincomeforeigncurrencytransactionandtranslationadjustmentnetoftaxportionattributabletoparent": 12000000,
        "othercomprehensiveincomelossnetoftaxportionattributabletoparent": 3064000000,
        "comprehensiveincomenetoftax": 5744000000,
        "interestandfeeincomeloansandleases": 8260000000,
        "interestanddividendincomesecurities": 1204000000,
        "interestincomefederalfundssoldandsecuritiespurchasedunderagreementstoresell": 276000000,
        "interestanddividendincomesecuritiestradingormeasuredatfairvalue": 1179000000,
        "otherinterestanddividendincome": 776000000,
        "interestanddividendincomeoperating": 11695000000,
        "interestexpensedeposits": 225000000,
        "interestexpenseshorttermborrowings": 614000000,
        "interestexpensetradingliabilities": 292000000,
        "interestexpenselongtermdebt": 1393000000,
        "interestexpense": 2524000000,
        "interestincomeexpensenet": 9171000000,
        "feesandcommissionscreditanddebitcards": 1430000000,
        "feesandcommissionsdepositoraccounts": 1837000000,
        "brokeragecommissionsrevenue": 3182000000,
        "investmentbankingrevenue": 1153000000,
        "tradinggainslosses": 3397000000,
        "feesandcommissionsmortgagebanking": 433000000,
        "marketablesecuritiesrealizedgainlossexcludingotherthantemporaryimpairments": 226000000,
        "noninterestincomeotheroperatingincome": 418000000,
        "noninterestincome": -114000000,
        "revenues": -1241000000,
        "provisionforloanleaseandotherlosses": -32000000,
        "laborandrelatedexpense": 8852000000,
        "occupancynet": 1028000000,
        "equipmentexpense": 463000000,
        "marketingandadvertisingexpense": 419000000,
        "professionalfees": 425000000,
        "amortizationofintangibleassets": 74000000,
        "informationtechnologyanddataprocessing": 838000000,
        "communication": 173000000,
        "othernoninterestexpense": 2431000000,
        "noninterestexpense": 14816000000,
        "incomelossfromcontinuingoperationsbeforeincometaxesextraordinaryitemsnoncontrollinginterest": 3699000000,
        "incometaxexpensebenefit": 1019000000,
        "preferredstockdividendsincomestatementimpact": 457000000,
        "netincomelossavailabletocommonstockholdersbasic": 2223000000,
        "earningspersharebasic": 0.21,
        "earningspersharediluted": 0.21,
        "commonstockdividendspersharecashpaid": 0.05,
        "weightedaveragenumberofsharesoutstandingbasic": 10339731000,
        "weightedaveragenumberofdilutedsharesoutstanding": 11100067000
    },
    {
        "date": "2015-12-30",
        "symbol": "BAC",
        "period": "Q4",
        "netincomeloss": 6901000000,
        "othercomprehensiveincomeavailableforsalesecuritiesadjustmentnetoftaxportionattributabletoparent": -1796000000,
        "othercomprehensiveincomederivativesqualifyingashedgesnetoftaxportionattributabletoparent": 168000000,
        "othercomprehensiveincomedefinedbenefitplansadjustmentnetoftaxportionattributabletoparent": -317000000,
        "othercomprehensiveincomeforeigncurrencytransactionandtranslationadjustmentnetoftaxportionattributabletoparent": -39000000,
        "othercomprehensiveincomelossnetoftaxportionattributabletoparent": -754000000,
        "comprehensiveincomenetoftax": 1949000000,
        "interestandfeeincomeloansandleases": 8051000000,
        "interestanddividendincomesecurities": 2523000000,
        "interestincomefederalfundssoldandsecuritiespurchasedunderagreementstoresell": 214000000,
        "interestanddividendincomesecuritiestradingormeasuredatfairvalue": 1106000000,
        "otherinterestanddividendincome": 804000000,
        "interestanddividendincomeoperating": 12698000000,
        "interestexpensedeposits": 211000000,
        "interestexpenseshorttermborrowings": 498000000,
        "interestexpensetradingliabilities": 293000000,
        "interestexpenselongtermdebt": 1895000000,
        "interestexpense": 2897000000,
        "interestincomeexpensenet": 9801000000,
        "feesandcommissionscreditanddebitcards": 1578000000,
        "feesandcommissionsdepositoraccounts": 1862000000,
        "brokeragecommissionsrevenue": 3236000000,
        "investmentbankingrevenue": 1272000000,
        "principalinvestmentgainslosses": 177000000,
        "tradinggainslosses": -657000000,
        "feesandcommissionsmortgagebanking": 262000000,
        "marketablesecuritiesrealizedgainlossexcludingotherthantemporaryimpairments": 270000000,
        "noninterestincomeotheroperatingincome": -915000000,
        "noninterestincome": 20559000000,
        "revenues": 39929000000,
        "provisionforloanleaseandotherlosses": 1566000000,
        "laborandrelatedexpense": 7535000000,
        "occupancynet": 1011000000,
        "equipmentexpense": 528000000,
        "marketingandadvertisingexpense": 481000000,
        "professionalfees": 676000000,
        "amortizationofintangibleassets": 326000000,
        "informationtechnologyanddataprocessing": 817000000,
        "communication": 240000000,
        "othernoninterestexpense": 2382000000,
        "noninterestexpense": 13872000000,
        "incomelossfromcontinuingoperationsbeforeincometaxesextraordinaryitemsnoncontrollinginterest": 3824000000,
        "incometaxexpensebenefit": 1121000000,
        "preferredstockdividendsincomestatementimpact": 330000000,
        "netincomelossavailabletocommonstockholdersbasic": 2373000000,
        "earningspersharebasic": 0.22999999999999987,
        "earningspersharediluted": 0.22000000000000003,
        "commonstockdividendspersharecashpaid": 0.05000000000000002,
        "weightedaveragenumberofsharesoutstandingbasic": 10462282000,
        "weightedaveragenumberofdilutedsharesoutstanding": 11213992000
    },
    {
        "date": "2015-09-29",
        "symbol": "BAC",
        "period": "Q3",
        "netincomeloss": 4508000000,
        "othercomprehensiveincomeavailableforsalesecuritiesadjustmentnetoftaxportionattributabletoparent": 1418000000,
        "othercomprehensiveincomederivativesqualifyingashedgesnetoftaxportionattributabletoparent": 127000000,
        "othercomprehensiveincomedefinedbenefitplansadjustmentnetoftaxportionattributabletoparent": -27000000,
        "othercomprehensiveincomeforeigncurrencytransactionandtranslationadjustmentnetoftaxportionattributabletoparent": -76000000,
        "othercomprehensiveincomelossnetoftaxportionattributabletoparent": 1496000000,
        "comprehensiveincomenetoftax": 6004000000,
        "interestandfeeincomeloansandleases": 8005000000,
        "interestanddividendincomesecurities": 1839000000,
        "interestincomefederalfundssoldandsecuritiespurchasedunderagreementstoresell": 275000000,
        "interestanddividendincomesecuritiestradingormeasuredatfairvalue": 1134000000,
        "otherinterestanddividendincome": 754000000,
        "interestanddividendincomeoperating": 12007000000,
        "interestexpensedeposits": 214000000,
        "interestexpenseshorttermborrowings": 597000000,
        "interestexpensetradingliabilities": 342000000,
        "interestexpenselongtermdebt": 1343000000,
        "interestexpense": 2496000000,
        "interestincomeexpensenet": 9511000000,
        "feesandcommissionscreditanddebitcards": 1510000000,
        "feesandcommissionsdepositoraccounts": 1898000000,
        "brokeragecommissionsrevenue": 3336000000,
        "investmentbankingrevenue": 1287000000,
        "principalinvestmentgainslosses": -31000000,
        "tradinggainslosses": 1616000000,
        "feesandcommissionsmortgagebanking": 407000000,
        "marketablesecuritiesrealizedgainlossexcludingotherthantemporaryimpairments": 385000000,
        "noninterestincomeotheroperatingincome": 763000000,
        "noninterestincome": 11171000000,
        "revenues": 20682000000,
        "provisionforloanleaseandotherlosses": 806000000,
        "laborandrelatedexpense": 7829000000,
        "occupancynet": 1028000000,
        "equipmentexpense": 499000000,
        "marketingandadvertisingexpense": 445000000,
        "professionalfees": 673000000,
        "amortizationofintangibleassets": 207000000,
        "informationtechnologyanddataprocessing": 731000000,
        "communication": 210000000,
        "othernoninterestexpense": 2185000000,
        "noninterestexpense": 13807000000,
        "incomelossfromcontinuingoperationsbeforeincometaxesextraordinaryitemsnoncontrollinginterest": 6069000000,
        "incometaxexpensebenefit": 1561000000,
        "preferredstockdividendsincomestatementimpact": 441000000,
        "netincomelossavailabletocommonstockholdersbasic": 4067000000,
        "earningspersharebasic": 0.39,
        "earningspersharediluted": 0.37,
        "commonstockdividendspersharecashpaid": 0.05,
        "weightedaveragenumberofsharesoutstandingbasic": 10444291000,
        "weightedaveragenumberofdilutedsharesoutstanding": 11197203000
    },
    {
        "date": "2015-06-29",
        "symbol": "BAC",
        "period": "Q2",
        "netincomeloss": 5320000000,
        "othercomprehensiveincomeavailableforsalesecuritiesadjustmentnetoftaxportionattributabletoparent": -2537000000,
        "othercomprehensiveincomederivativesqualifyingashedgesnetoftaxportionattributabletoparent": 246000000,
        "othercomprehensiveincomedefinedbenefitplansadjustmentnetoftaxportionattributabletoparent": -25000000,
        "othercomprehensiveincomeforeigncurrencytransactionandtranslationadjustmentnetoftaxportionattributabletoparent": 43000000,
        "othercomprehensiveincomelossnetoftaxportionattributabletoparent": -2223000000,
        "comprehensiveincomenetoftax": 3097000000,
        "interestandfeeincomeloansandleases": 7978000000,
        "interestanddividendincomesecurities": 3070000000,
        "interestincomefederalfundssoldandsecuritiespurchasedunderagreementstoresell": 268000000,
        "interestanddividendincomesecuritiestradingormeasuredatfairvalue": 1074000000,
        "otherinterestanddividendincome": 742000000,
        "interestanddividendincomeoperating": 13132000000,
        "interestexpensedeposits": 216000000,
        "interestexpenseshorttermborrowings": 686000000,
        "interestexpensetradingliabilities": 335000000,
        "interestexpenselongtermdebt": 1407000000,
        "interestexpense": 2644000000,
        "interestincomeexpensenet": 10488000000,
        "feesandcommissionscreditanddebitcards": 1477000000,
        "feesandcommissionsdepositoraccounts": 1857000000,
        "brokeragecommissionsrevenue": 3387000000,
        "investmentbankingrevenue": 1526000000,
        "principalinvestmentgainslosses": 88000000,
        "tradinggainslosses": 1647000000,
        "feesandcommissionsmortgagebanking": 1001000000,
        "marketablesecuritiesrealizedgainlossexcludingotherthantemporaryimpairments": 168000000,
        "noninterestincomeotheroperatingincome": 478000000,
        "noninterestincome": 11629000000,
        "revenues": 22117000000,
        "provisionforloanleaseandotherlosses": 780000000,
        "laborandrelatedexpense": 7890000000,
        "occupancynet": 1027000000,
        "equipmentexpense": 500000000,
        "marketingandadvertisingexpense": 445000000,
        "professionalfees": 494000000,
        "amortizationofintangibleassets": 212000000,
        "informationtechnologyanddataprocessing": 715000000,
        "communication": 202000000,
        "othernoninterestexpense": 2333000000,
        "noninterestexpense": 13818000000,
        "incomelossfromcontinuingoperationsbeforeincometaxesextraordinaryitemsnoncontrollinginterest": 7519000000,
        "incometaxexpensebenefit": 2199000000,
        "preferredstockdividendsincomestatementimpact": 330000000,
        "netincomelossavailabletocommonstockholdersbasic": 4990000000,
        "earningspersharebasic": 0.48,
        "earningspersharediluted": 0.45,
        "commonstockdividendspersharecashpaid": 0.05,
        "weightedaveragenumberofsharesoutstandingbasic": 10488137000,
        "weightedaveragenumberofdilutedsharesoutstanding": 11238060000
    },
    {
        "date": "2015-03-30",
        "symbol": "BAC",
        "period": "Q1",
        "netincomeloss": -841000000,
        "othercomprehensiveincomeavailableforsalesecuritiesadjustmentnetoftaxportionattributabletoparent": 1317000000,
        "othercomprehensiveincomederivativesqualifyingashedgesnetoftaxportionattributabletoparent": 43000000,
        "othercomprehensiveincomedefinedbenefitplansadjustmentnetoftaxportionattributabletoparent": -25000000,
        "othercomprehensiveincomeforeigncurrencytransactionandtranslationadjustmentnetoftaxportionattributabletoparent": -51000000,
        "othercomprehensiveincomelossnetoftaxportionattributabletoparent": 1353000000,
        "comprehensiveincomenetoftax": 4710000000,
        "interestandfeeincomeloansandleases": 8036000000,
        "interestanddividendincomesecurities": 1887000000,
        "interestincomefederalfundssoldandsecuritiespurchasedunderagreementstoresell": 231000000,
        "interestanddividendincomesecuritiestradingormeasuredatfairvalue": 1083000000,
        "otherinterestanddividendincome": 726000000,
        "interestanddividendincomeoperating": 11963000000,
        "interestexpensedeposits": 220000000,
        "interestexpenseshorttermborrowings": 606000000,
        "interestexpensetradingliabilities": 373000000,
        "interestexpenselongtermdebt": 1313000000,
        "interestexpense": 2512000000,
        "interestincomeexpensenet": 9451000000,
        "feesandcommissionscreditanddebitcards": 1394000000,
        "feesandcommissionsdepositoraccounts": 1764000000,
        "brokeragecommissionsrevenue": 3378000000,
        "investmentbankingrevenue": 1487000000,
        "principalinvestmentgainslosses": 27000000,
        "tradinggainslosses": 3867000000,
        "feesandcommissionsmortgagebanking": 694000000,
        "marketablesecuritiesrealizedgainlossexcludingotherthantemporaryimpairments": 268000000,
        "noninterestincomeotheroperatingincome": 492000000,
        "noninterestincome": -103000000,
        "revenues": -221000000,
        "provisionforloanleaseandotherlosses": 9000000,
        "laborandrelatedexpense": 9614000000,
        "occupancynet": 1027000000,
        "equipmentexpense": 512000000,
        "marketingandadvertisingexpense": 440000000,
        "professionalfees": 421000000,
        "amortizationofintangibleassets": 89000000,
        "informationtechnologyanddataprocessing": 852000000,
        "communication": 171000000,
        "othernoninterestexpense": 2445000000,
        "noninterestexpense": 15695000000,
        "incomelossfromcontinuingoperationsbeforeincometaxesextraordinaryitemsnoncontrollinginterest": 4742000000,
        "incometaxexpensebenefit": 1385000000,
        "preferredstockdividendsincomestatementimpact": 382000000,
        "netincomelossavailabletocommonstockholdersbasic": 2975000000,
        "earningspersharebasic": 0.28,
        "earningspersharediluted": 0.27,
        "commonstockdividendspersharecashpaid": 0.05,
        "weightedaveragenumberofsharesoutstandingbasic": 10518790000,
        "weightedaveragenumberofdilutedsharesoutstanding": 11266511000
    },
    {
        "date": "2014-12-30",
        "symbol": "BAC",
        "period": "Q4",
        "netincomeloss": 3050000000,
        "othercomprehensiveincomeavailableforsalesecuritiesadjustmentnetoftaxportionattributabletoparent": 2021000000,
        "othercomprehensiveincomederivativesqualifyingashedgesnetoftaxportionattributabletoparent": 205000000,
        "othercomprehensiveincomedefinedbenefitplansadjustmentnetoftaxportionattributabletoparent": 1007000000,
        "othercomprehensiveincomelossnetoftaxportionattributabletoparent": 1195000000,
        "comprehensiveincomenetoftax": 4245000000,
        "interestincomefederalfundssoldandsecuritiespurchasedunderagreementstoresell": 238000000,
        "interestanddividendincomesecuritiestradingormeasuredatfairvalue": 1098000000,
        "otherinterestanddividendincome": 764000000,
        "interestanddividendincomeoperating": 12152000000,
        "interestexpensedeposits": 237000000,
        "interestexpenseshorttermborrowings": 615000000,
        "interestexpensetradingliabilities": 351000000,
        "interestexpenselongtermdebt": 1314000000,
        "interestexpense": 2517000000,
        "interestincomeexpensenet": 9635000000,
        "feesandcommissionscreditanddebitcards": 1610000000,
        "feesandcommissionsdepositoraccounts": 1844000000,
        "tradinggainslosses": 111000000,
        "feesandcommissionsmortgagebanking": 352000000,
        "noninterestincomeotheroperatingincome": 91000000,
        "noninterestincome": 9090000000,
        "revenues": 18725000000,
        "provisionforloanleaseandotherlosses": 219000000,
        "laborandrelatedexpense": 7693000000,
        "occupancynet": 996000000,
        "equipmentexpense": 531000000,
        "marketingandadvertisingexpense": 491000000,
        "professionalfees": 677000000,
        "amortizationofintangibleassets": 228000000,
        "informationtechnologyanddataprocessing": 796000000,
        "communication": 254000000,
        "othernoninterestexpense": 2530000000,
        "noninterestexpense": 14196000000,
        "incomelossfromcontinuingoperationsbeforeincometaxesextraordinaryitemsnoncontrollinginterest": 4310000000,
        "incometaxexpensebenefit": 1260000000,
        "netincomelossavailabletocommonstockholdersbasic": 2738000000,
        "earningspersharebasic": 0.25999999999999995,
        "earningspersharediluted": 0.25999999999999995,
        "commonstockdividendspersharecashpaid": 0.04999999999999999,
        "weightedaveragenumberofsharesoutstandingbasic": 10527818000,
        "weightedaveragenumberofdilutedsharesoutstanding": 10584535000
    },
    {
        "date": "2014-09-29",
        "symbol": "BAC",
        "period": "Q3",
        "netincomeloss": -232000000,
        "othercomprehensiveincomeavailableforsalesecuritiesadjustmentnetoftaxportionattributabletoparent": -994000000,
        "othercomprehensiveincomederivativesqualifyingashedgesnetoftaxportionattributabletoparent": 196000000,
        "othercomprehensiveincomedefinedbenefitplansadjustmentnetoftaxportionattributabletoparent": -8000000,
        "othercomprehensiveincomeforeigncurrencytransactionandtranslationadjustmentnetoftaxportionattributabletoparent": -14000000,
        "othercomprehensiveincomelossnetoftaxportionattributabletoparent": -804000000,
        "comprehensiveincomenetoftax": -1036000000,
        "interestandfeeincomeloansandleases": 8535000000,
        "interestanddividendincomesecurities": 2225000000,
        "interestincomefederalfundssoldandsecuritiespurchasedunderagreementstoresell": 239000000,
        "interestanddividendincomesecuritiestradingormeasuredatfairvalue": 1111000000,
        "otherinterestanddividendincome": 748000000,
        "interestanddividendincomeoperating": 12858000000,
        "interestexpensedeposits": 270000000,
        "interestexpenseshorttermborrowings": 591000000,
        "interestexpensetradingliabilities": 392000000,
        "interestexpenselongtermdebt": 1386000000,
        "interestexpense": 2639000000,
        "interestincomeexpensenet": 10219000000,
        "feesandcommissionscreditanddebitcards": 1500000000,
        "feesandcommissionsdepositoraccounts": 1907000000,
        "brokeragecommissionsrevenue": 3327000000,
        "investmentbankingrevenue": 1351000000,
        "principalinvestmentgainslosses": 9000000,
        "tradinggainslosses": 1899000000,
        "feesandcommissionsmortgagebanking": 272000000,
        "marketablesecuritiesrealizedgainlossexcludingotherthantemporaryimpairments": 432000000,
        "noninterestincomeotheroperatingincome": 293000000,
        "noninterestincome": 10990000000,
        "revenues": 21209000000,
        "provisionforloanleaseandotherlosses": 636000000,
        "laborandrelatedexpense": 8039000000,
        "occupancynet": 1070000000,
        "equipmentexpense": 514000000,
        "marketingandadvertisingexpense": 446000000,
        "professionalfees": 611000000,
        "amortizationofintangibleassets": 234000000,
        "informationtechnologyanddataprocessing": 754000000,
        "communication": 311000000,
        "othernoninterestexpense": 8163000000,
        "noninterestexpense": 20142000000,
        "incomelossfromcontinuingoperationsbeforeincometaxesextraordinaryitemsnoncontrollinginterest": 431000000,
        "incometaxexpensebenefit": 663000000,
        "preferredstockdividendsincomestatementimpact": 238000000,
        "netincomelossavailabletocommonstockholdersbasic": -470000000,
        "earningspersharebasic": -0.04,
        "earningspersharediluted": -0.04,
        "commonstockdividendspersharecashpaid": 0.05,
        "weightedaveragenumberofsharesoutstandingbasic": 10515790000,
        "weightedaveragenumberofdilutedsharesoutstanding": 10515790000
    },
    {
        "date": "2014-06-29",
        "symbol": "BAC",
        "period": "Q2",
        "netincomeloss": 2291000000,
        "othercomprehensiveincomeavailableforsalesecuritiesadjustmentnetoftaxportionattributabletoparent": 2305000000,
        "othercomprehensiveincomederivativesqualifyingashedgesnetoftaxportionattributabletoparent": 7000000,
        "othercomprehensiveincomedefinedbenefitplansadjustmentnetoftaxportionattributabletoparent": -7000000,
        "othercomprehensiveincomeforeigncurrencytransactionandtranslationgainlossarisingduringperiodnetoftax": 7000000,
        "othercomprehensiveincomelossnetoftaxportionattributabletoparent": 2326000000,
        "comprehensiveincomenetoftax": 4617000000,
        "interestandfeeincomeloansandleasesheldinportfolio": 8635000000,
        "interestincomedebtsecurities": 2124000000,
        "interestincomefederalfundssoldandsecuritiespurchasedunderagreementstoresell": 297000000,
        "interestanddividendincomesecuritiestradingormeasuredatfairvalue": 1175000000,
        "otherinterestanddividendincome": 710000000,
        "interestanddividendincomeoperating": 12941000000,
        "interestexpensedeposits": 282000000,
        "interestexpenseshorttermborrowings": 763000000,
        "interestexpensetradingliabilities": 398000000,
        "interestexpenselongtermdebt": 1485000000,
        "interestexpense": 2928000000,
        "interestincomeexpensenet": 10013000000,
        "feesandcommissionscreditanddebitcards": 1441000000,
        "feesandcommissionsdepositoraccounts": 1866000000,
        "brokeragecommissionsandassetmanagementfeesrevenue": 3291000000,
        "investmentbankingrevenue": 1631000000,
        "equityinvestmentgainslosses": 357000000,
        "tradinggainslosses": 1832000000,
        "feesandcommissionsmortgagebanking": 527000000,
        "gainlossonsaleofdebtinvestments": 382000000,
        "noninterestincomeotheroperatingincome": 407000000,
        "noninterestincome": 11734000000,
        "revenues": 21747000000,
        "provisionforloanleaseandotherlosses": 411000000,
        "laborandrelatedexpense": 8306000000,
        "occupancynet": 1079000000,
        "equipmentexpense": 534000000,
        "marketingandadvertisingexpense": 450000000,
        "professionalfees": 626000000,
        "amortizationofintangibleassets": 235000000,
        "informationtechnologyanddataprocessing": 761000000,
        "communication": 324000000,
        "othernoninterestexpense": 6226000000,
        "noninterestexpense": 18541000000,
        "incomelossfromcontinuingoperationsbeforeincometaxesextraordinaryitemsnoncontrollinginterest": 2795000000,
        "incometaxexpensebenefit": 504000000,
        "dividendspreferredstock": 256000000,
        "netincomelossavailabletocommonstockholdersbasic": 2035000000,
        "earningspersharebasic": 0.19,
        "earningspersharediluted": 0.19,
        "commonstockdividendspersharecashpaid": 0.01,
        "weightedaveragenumberofsharesoutstandingbasic": 10519359000,
        "weightedaveragenumberofdilutedsharesoutstanding": 11265123000
    },
    {
        "date": "2014-03-30",
        "symbol": "BAC",
        "period": "Q1",
        "netincomeloss": -276000000,
        "othercomprehensiveincomeavailableforsalesecuritiesadjustmentnetoftaxportionattributabletoparent": 1289000000,
        "othercomprehensiveincomederivativesqualifyingashedgesnetoftaxportionattributabletoparent": 208000000,
        "othercomprehensiveincomedefinedbenefitplansadjustmentnetoftaxportionattributabletoparent": -49000000,
        "othercomprehensiveincomeforeigncurrencytransactionandtranslationgainlossarisingduringperiodnetoftax": -126000000,
        "othercomprehensiveincomelossnetoftaxportionattributabletoparent": 1420000000,
        "comprehensiveincomenetoftax": 1144000000,
        "interestandfeeincomeloansandleasesheldinportfolio": 8760000000,
        "interestincomedebtsecurities": 1997000000,
        "interestincomefederalfundssoldandsecuritiespurchasedunderagreementstoresell": 265000000,
        "interestanddividendincomesecuritiestradingormeasuredatfairvalue": 1177000000,
        "otherinterestanddividendincome": 736000000,
        "interestanddividendincomeoperating": 12935000000,
        "interestexpensedeposits": 291000000,
        "interestexpenseshorttermborrowings": 609000000,
        "interestexpensetradingliabilities": 435000000,
        "interestexpenselongtermdebt": 1515000000,
        "interestexpense": 2850000000,
        "interestincomeexpensenet": 10085000000,
        "feesandcommissionscreditanddebitcards": 1393000000,
        "feesandcommissionsdepositoraccounts": 1826000000,
        "brokeragecommissionsandassetmanagementfeesrevenue": 3269000000,
        "investmentbankingandunderwritingrevenue": 1542000000,
        "equityinvestmentgainslosses": 784000000,
        "tradinggainslosses": 2467000000,
        "feesandcommissionsmortgagebanking": 412000000,
        "gainlossonsaleofdebtinvestments": 377000000,
        "noninterestincomeotheroperatingincome": 412000000,
        "availableforsaledebtsecuritiesrealizedgainlossotherthantemporaryimpairmentsamount": 1000000,
        "netimpairmentlossesonavailableforsaledebtsecurities": 1000000,
        "noninterestincome": 12481000000,
        "revenues": 22566000000,
        "provisionforloanleaseandotherlosses": 1009000000,
        "laborandrelatedexpense": 9749000000,
        "occupancynet": 1115000000,
        "equipmentexpense": 546000000,
        "marketingandadvertisingexpense": 442000000,
        "professionalfees": 558000000,
        "amortizationofintangibleassets": 239000000,
        "informationtechnologyanddataprocessing": 833000000,
        "communication": 370000000,
        "othernoninterestexpense": 8386000000,
        "noninterestexpense": 22238000000,
        "incomelossfromcontinuingoperationsbeforeincometaxesextraordinaryitemsnoncontrollinginterest": -681000000,
        "incometaxexpensebenefit": -405000000,
        "dividendspreferredstock": 238000000,
        "netincomelossavailabletocommonstockholdersbasic": -514000000,
        "earningspersharebasic": -0.05,
        "earningspersharediluted": -0.05,
        "commonstockdividendspersharecashpaid": 0.01,
        "weightedaveragenumberofsharesoutstandingbasic": 10560518000,
        "weightedaveragenumberofdilutedsharesoutstanding": 10560518000
    },
    {
        "date": "2013-12-30",
        "symbol": "BAC",
        "period": "Q4",
        "netincomeloss": 3439000000,
        "comprehensiveincomenetoftax": 1805000000,
        "interestandfeeincomeloansandleasesheldinportfolio": 9086000000,
        "interestincomedebtsecurities": 2447000000,
        "interestincomefederalfundssoldandsecuritiespurchasedunderagreementstoresell": 304000000,
        "interestanddividendincomesecuritiestradingormeasuredatfairvalue": 1139000000,
        "otherinterestanddividendincome": 736000000,
        "interestanddividendincomeoperating": 13712000000,
        "interestexpensedeposits": 314000000,
        "interestexpenseshorttermborrowings": 682000000,
        "interestexpensetradingliabilities": 364000000,
        "interestexpenselongtermdebt": 1566000000,
        "interestexpense": 2926000000,
        "interestincomeexpensenet": 10786000000,
        "feesandcommissionscreditanddebitcards": 1503000000,
        "feesandcommissionsdepositoraccounts": 1870000000,
        "brokeragecommissionsandassetmanagementfeesrevenue": 3117000000,
        "investmentbankingandunderwritingrevenue": 1738000000,
        "equityinvestmentgainslosses": 474000000,
        "tradinggainslosses": 863000000,
        "feesandcommissionsmortgagebanking": 848000000,
        "gainlossonsaleofdebtinvestments": 390000000,
        "noninterestincomeotheroperatingincome": -101000000,
        "availableforsaledebtsecuritiesrealizedgainlossotherthantemporaryimpairmentsamount": -6000000,
        "noncreditportionofotherthantemporaryimpairmentsofdebtreclassificationrecognizedinothercomprehensiveincome": 6000000,
        "netimpairmentlossesonavailableforsaledebtsecurities": 0,
        "noninterestincome": 10702000000,
        "revenues": 21488000000,
        "provisionforloanleaseandotherlosses": 336000000,
        "laborandrelatedexpense": 7987000000,
        "occupancynet": 1116000000,
        "equipmentexpense": 526000000,
        "marketingandadvertisingexpense": 457000000,
        "professionalfees": 839000000,
        "amortizationofintangibleassets": 266000000,
        "informationtechnologyanddataprocessing": 800000000,
        "communication": 376000000,
        "othernoninterestexpense": 4940000000,
        "noninterestexpense": 17307000000,
        "incometaxexpensebenefit": 406000000,
        "dividendspreferredstock": 256000000,
        "netincomelossavailabletocommonstockholdersbasic": 3183000000,
        "earningspersharebasic": 0.29999999999999993,
        "earningspersharediluted": 0.2799999999999999,
        "commonstockdividendspersharecashpaid": 0.009999999999999997,
        "weightedaveragenumberofsharesoutstandingbasic": 10731165000,
        "weightedaveragenumberofdilutedsharesoutstanding": 11491418000
    },
    {
        "date": "2013-09-29",
        "symbol": "BAC",
        "period": "Q3",
        "netincomeloss": 2497000000,
        "othercomprehensiveincomelossavailableforsalesecuritiesadjustmentnetoftax": -631000000,
        "othercomprehensiveincomelossderivativesqualifyingashedgesnetoftax": 180000000,
        "othercomprehensiveincomedefinedbenefitplansadjustmentnetoftaxportionattributabletoparent": -1380000000,
        "othercomprehensiveincomelossforeigncurrencytransactionandtranslationadjustmentnetoftax": -43000000,
        "othercomprehensiveincomelossnetoftax": 886000000,
        "comprehensiveincomenetoftax": 3383000000,
        "interestandfeeincomeloansandleasesheldinportfolio": 9146000000,
        "interestincomedebtsecurities": 2205000000,
        "interestincomefederalfundssoldandsecuritiespurchasedunderagreementstoresell": 291000000,
        "interestanddividendincomesecuritiestradingormeasuredatfairvalue": 1049000000,
        "otherinterestanddividendincome": 691000000,
        "interestanddividendincomeoperating": 13382000000,
        "interestexpensedeposits": 334000000,
        "interestexpenseshorttermborrowings": 683000000,
        "interestexpensetradingliabilities": 375000000,
        "interestexpenselongtermdebt": 1724000000,
        "interestexpense": 3116000000,
        "interestincomeexpensenet": 10266000000,
        "feesandcommissionscreditanddebitcards": 1444000000,
        "feesandcommissionsdepositoraccounts": 1884000000,
        "brokeragecommissionsandassetmanagementfeesrevenue": 2995000000,
        "investmentbankingandunderwritingrevenue": 1297000000,
        "equityinvestmentgainslosses": 1184000000,
        "tradinggainslosses": 1266000000,
        "feesandcommissionsmortgagebanking": 585000000,
        "gainlossonsaleofdebtinvestments": 356000000,
        "noninterestincomeotheroperatingincome": 260000000,
        "availableforsaledebtsecuritiesrealizedgainlossotherthantemporaryimpairmentsamount": 8000000,
        "noncreditportionofotherthantemporaryimpairmentsofdebtreclassificationrecognizedinothercomprehensiveincome": -1000000,
        "netimpairmentlossesonavailableforsaledebtsecurities": 7000000,
        "noninterestincome": 11264000000,
        "revenues": 21530000000,
        "provisionforloanleaseandotherlosses": 296000000,
        "laborandrelatedexpense": 8310000000,
        "occupancynet": 1096000000,
        "equipmentexpense": 538000000,
        "marketingandadvertisingexpense": 511000000,
        "professionalfees": 702000000,
        "amortizationofintangibleassets": 270000000,
        "informationtechnologyanddataprocessing": 779000000,
        "communication": 397000000,
        "othernoninterestexpense": 3786000000,
        "noninterestexpense": 16389000000,
        "incomelossfromcontinuingoperationsbeforeincometaxesminorityinterestandincomelossfromequitymethodinvestments": 4845000000,
        "incometaxexpensebenefit": 2348000000,
        "dividendspreferredstock": 279000000,
        "netincomelossavailabletocommonstockholdersbasic": 2218000000,
        "earningspersharebasic": 0.21,
        "earningspersharediluted": 0.2,
        "commonstockdividendspersharecashpaid": 0.01,
        "weightedaveragenumberofsharesoutstandingbasic": 10718918000,
        "weightedaveragenumberofdilutedsharesoutstanding": 11482226000
    },
    {
        "date": "2013-06-29",
        "symbol": "BAC",
        "period": "Q2",
        "netincomeloss": 4012000000,
        "othercomprehensiveincomelossavailableforsalesecuritiesadjustmentnetoftax": -4233000000,
        "othercomprehensiveincomelossderivativesqualifyingashedgesnetoftax": 13000000,
        "othercomprehensiveincomelosspensionandotherpostretirementbenefitplansadjustmentnetoftax": -48000000,
        "othercomprehensiveincomelossforeigncurrencytransactionandtranslationadjustmentnetoftax": -49000000,
        "othercomprehensiveincomelossnetoftax": -4221000000,
        "comprehensiveincomenetoftax": -209000000,
        "interestandfeeincomeloansandleasesheldinportfolio": 9060000000,
        "interestincomedebtsecurities": 2548000000,
        "interestincomefederalfundssoldandsecuritiespurchasedunderagreementstoresell": 319000000,
        "interestanddividendincomesecuritiestradingormeasuredatfairvalue": 1181000000,
        "otherinterestanddividendincome": 717000000,
        "interestanddividendincomeoperating": 13825000000,
        "interestexpensedeposits": 366000000,
        "interestexpenseshorttermborrowings": 809000000,
        "interestexpensetradingliabilities": 427000000,
        "interestexpenselongtermdebt": 1674000000,
        "interestexpense": 3276000000,
        "interestincomeexpensenet": 10549000000,
        "feesandcommissionscreditanddebitcards": 1469000000,
        "feesandcommissionsdepositoraccounts": 1837000000,
        "brokeragecommissionsandassetmanagementfeesrevenue": 3143000000,
        "investmentbankingandunderwritingrevenue": 1556000000,
        "equityinvestmentgainslosses": 680000000,
        "tradinggainslosses": 1938000000,
        "feesandcommissionsmortgagebanking": 1178000000,
        "gainlossonsaleofdebtinvestments": 457000000,
        "noninterestincomeotheroperatingincome": -76000000,
        "availableforsaledebtsecuritiesrealizedgainlossotherthantemporaryimpairmentsamount": 5000000,
        "noncreditportionofotherthantemporaryimpairmentsofdebtreclassificationrecognizedinothercomprehensiveincome": -1000000,
        "netimpairmentlossesonavailableforsaledebtsecurities": 4000000,
        "noninterestincome": 12178000000,
        "revenues": 22727000000,
        "provisionforloanleaseandotherlosses": 1211000000,
        "laborandrelatedexpense": 8531000000,
        "occupancynet": 1109000000,
        "equipmentexpense": 532000000,
        "marketingandadvertisingexpense": 437000000,
        "professionalfees": 694000000,
        "amortizationofintangibleassets": 274000000,
        "informationtechnologyanddataprocessing": 779000000,
        "communication": 411000000,
        "othernoninterestexpense": 3251000000,
        "noninterestexpense": 16018000000,
        "incomelossfromcontinuingoperationsbeforeincometaxesminorityinterestandincomelossfromequitymethodinvestments": 5498000000,
        "incometaxexpensebenefit": 1486000000,
        "dividendspreferredstock": 441000000,
        "netincomelossavailabletocommonstockholdersbasic": 3571000000,
        "earningspersharebasic": 0.33,
        "earningspersharediluted": 0.32,
        "commonstockdividendspersharecashpaid": 0.01,
        "weightedaveragenumberofsharesoutstandingbasic": 10775867000,
        "weightedaveragenumberofdilutedsharesoutstanding": 11524510000
    },
    {
        "date": "2013-03-30",
        "symbol": "BAC",
        "period": "Q1",
        "netincomeloss": 1483000000,
        "othercomprehensiveincomelossavailableforsalesecuritiesadjustmentnetoftax": -906000000,
        "othercomprehensiveincomelossderivativesqualifyingashedgesnetoftax": 172000000,
        "othercomprehensiveincomelosspensionandotherpostretirementbenefitplansadjustmentnetoftax": -85000000,
        "othercomprehensiveincomelossforeigncurrencytransactionandtranslationadjustmentnetoftax": -42000000,
        "othercomprehensiveincomelossnetoftax": -691000000,
        "comprehensiveincomenetoftax": 792000000,
        "interestandfeeincomeloansandleasesheldinportfolio": 9178000000,
        "interestincomedebtsecurities": 2549000000,
        "interestincomefederalfundssoldandsecuritiespurchasedunderagreementstoresell": 315000000,
        "interestanddividendincomesecuritiestradingormeasuredatfairvalue": 1337000000,
        "otherinterestanddividendincome": 722000000,
        "interestanddividendincomeoperating": 14101000000,
        "interestexpensedeposits": 382000000,
        "interestexpenseshorttermborrowings": 749000000,
        "interestexpensetradingliabilities": 472000000,
        "interestexpenselongtermdebt": 1834000000,
        "interestexpense": 3437000000,
        "interestincomeexpensenet": 10664000000,
        "feesandcommissionscreditanddebitcards": 1410000000,
        "feesandcommissionsdepositoraccounts": 1799000000,
        "brokeragecommissionsandassetmanagementfeesrevenue": 3027000000,
        "investmentbankingandunderwritingrevenue": 1535000000,
        "equityinvestmentgainslosses": 563000000,
        "tradinggainslosses": 2989000000,
        "feesandcommissionsmortgagebanking": 1263000000,
        "gainlossonsaleofdebtinvestments": 68000000,
        "noninterestincomeotheroperatingincome": -112000000,
        "availableforsaledebtsecuritiesrealizedgainlossotherthantemporaryimpairmentsamount": 14000000,
        "noncreditportionofotherthantemporaryimpairmentsofdebtreclassificationrecognizedinothercomprehensiveincome": -5000000,
        "netimpairmentlossesonavailableforsaledebtsecurities": 9000000,
        "noninterestincome": 12533000000,
        "revenues": 23197000000,
        "provisionforloanleaseandotherlosses": 1713000000,
        "laborandrelatedexpense": 9891000000,
        "occupancynet": 1154000000,
        "equipmentexpense": 550000000,
        "marketingandadvertisingexpense": 429000000,
        "professionalfees": 649000000,
        "amortizationofintangibleassets": 276000000,
        "informationtechnologyanddataprocessing": 812000000,
        "communication": 409000000,
        "othernoninterestexpense": 5330000000,
        "noninterestexpense": 19500000000,
        "incomelossfromcontinuingoperationsbeforeincometaxesminorityinterestandincomelossfromequitymethodinvestments": 1984000000,
        "incometaxexpensebenefit": 501000000,
        "dividendspreferredstock": 373000000,
        "netincomelossavailabletocommonstockholdersbasic": 1110000000,
        "earningspersharebasic": 0.1,
        "earningspersharediluted": 0.1,
        "commonstockdividendspersharecashpaid": 0.01,
        "weightedaveragenumberofsharesoutstandingbasic": 10798975000,
        "weightedaveragenumberofdilutedsharesoutstanding": 11154778000
    },
    {
        "date": "2012-12-30",
        "symbol": "BAC",
        "period": "Q4",
        "netincomeloss": 732000000,
        "comprehensiveincomenetoftax": -1254000000,
        "interestandfeeincomeloansandleasesheldinportfolio": 9366000000,
        "interestincomedebtsecurities": 2118000000,
        "interestincomefederalfundssoldandsecuritiespurchasedunderagreementstoresell": 329000000,
        "interestanddividendincomesecuritiestradingormeasuredatfairvalue": 1307000000,
        "otherinterestanddividendincome": 851000000,
        "interestanddividendincomeoperating": 13971000000,
        "interestexpensedeposits": 438000000,
        "interestexpenseshorttermborrowings": 855000000,
        "interestexpensetradingliabilities": 420000000,
        "interestexpenselongtermdebt": 1934000000,
        "interestexpense": 3647000000,
        "interestincomeexpensenet": 10324000000,
        "feesandcommissionscreditanddebitcards": 1548000000,
        "feesandcommissionsdepositoraccounts": 1820000000,
        "brokeragecommissionsandassetmanagementfeesrevenue": 2889000000,
        "investmentbankingandunderwritingrevenue": 1600000000,
        "equityinvestmentgainslosses": 699000000,
        "tradinggainslosses": 792000000,
        "feesandcommissionsmortgagebanking": -540000000,
        "insurancecommissionsandfees": -124000000,
        "gainlossonsaleofdebtinvestments": 171000000,
        "noninterestincomeotheroperatingincome": -518000000,
        "availableforsaledebtsecuritiesrealizedgainlossotherthantemporaryimpairmentsamount": -13000000,
        "netimpairmentlossesonavailableforsaledebtsecurities": 1000000,
        "noninterestincome": 8336000000,
        "revenues": 18660000000,
        "provisionforloanleaseandotherlosses": 2204000000,
        "laborandrelatedexpense": 8300000000,
        "occupancynet": 1151000000,
        "equipmentexpense": 551000000,
        "marketingandadvertisingexpense": 480000000,
        "professionalfees": 996000000,
        "amortizationofintangibleassets": 309000000,
        "informationtechnologyanddataprocessing": 773000000,
        "communication": 433000000,
        "othernoninterestexpense": 5367000000,
        "noninterestexpense": 18360000000,
        "incometaxexpensebenefit": -2636000000,
        "dividendspreferredstock": 365000000,
        "netincomelossavailabletocommonstockholdersbasic": 367000000,
        "commonstockdividendspersharecashpaid": 0.010000000000000004,
        "weightedaveragenumberofsharesoutstandingbasic": 10746028000,
        "weightedaveragenumberofdilutedsharesoutstanding": 10840854000
    },
    {
        "date": "2012-09-29",
        "symbol": "BAC",
        "period": "Q3",
        "netincomeloss": 340000000,
        "othercomprehensiveincomeavailableforsalesecuritiesadjustmentnetoftaxperiodincreasedecrease": 2365000000,
        "othercomprehensiveincomederivativesqualifyingashedgesnetoftaxperiodincreasedecrease": 234000000,
        "othercomprehensiveincomedefinedbenefitplansadjustmentnetoftaxperiodincreasedecrease": 75000000,
        "othercomprehensiveincomeforeigncurrencytransactionandtranslationadjustmentnetoftaxperiodincreasedecrease": 15000000,
        "othercomprehensiveincomelossnetoftaxperiodincreasedecrease": 2689000000,
        "comprehensiveincomenetoftax": 3029000000,
        "interestandfeeincomeloansandleasesheldinportfolio": 9597000000,
        "interestincomedebtsecurities": 2031000000,
        "interestincomefederalfundssoldandsecuritiespurchasedunderagreementstoresell": 353000000,
        "interestanddividendincomesecuritiestradingormeasuredatfairvalue": 1189000000,
        "otherinterestanddividendincome": 806000000,
        "interestanddividendincomeoperating": 13976000000,
        "interestexpensedeposits": 484000000,
        "interestexpenseshorttermborrowings": 893000000,
        "interestexpensetradingliabilities": 418000000,
        "interestexpenselongtermdebt": 2243000000,
        "interestexpense": 4038000000,
        "interestincomeexpensenet": 9938000000,
        "feesandcommissionscreditanddebitcards": 1538000000,
        "feesandcommissionsdepositoraccounts": 1934000000,
        "brokeragecommissionsandassetmanagementfeesrevenue": 2781000000,
        "investmentbankingandunderwritingrevenue": 1336000000,
        "equityinvestmentgainslosses": 238000000,
        "tradinggainslosses": 1239000000,
        "feesandcommissionsmortgagebanking": 2019000000,
        "insurancecommissionsandfees": -138000000,
        "gainlossonsaleofdebtinvestments": 339000000,
        "noninterestincomeotheroperatingincome": -790000000,
        "availableforsaledebtsecuritiesrealizedgainlossotherthantemporaryimpairmentsamount": 6000000,
        "noncreditportionofotherthantemporaryimpairmentsofdebtreclassificationrecognizedinothercomprehensiveincome": 0,
        "netimpairmentlossesonavailableforsaledebtsecurities": 6000000,
        "noninterestincome": 10490000000,
        "revenues": 20428000000,
        "provisionforloanleaseandotherlosses": 1774000000,
        "laborandrelatedexpense": 8431000000,
        "occupancynet": 1160000000,
        "equipmentexpense": 561000000,
        "marketingandadvertisingexpense": 479000000,
        "professionalfees": 873000000,
        "amortizationofintangibleassets": 315000000,
        "informationtechnologyanddataprocessing": 640000000,
        "communication": 410000000,
        "othernoninterestexpense": 4675000000,
        "noninterestexpense": 17544000000,
        "incomelossfromcontinuingoperationsbeforeincometaxesminorityinterestandincomelossfromequitymethodinvestments": 1110000000,
        "incometaxexpensebenefit": 770000000,
        "dividendspreferredstock": 373000000,
        "netincomelossavailabletocommonstockholdersbasic": -33000000,
        "earningspersharebasic": 0,
        "earningspersharediluted": 0,
        "commonstockdividendspersharecashpaid": 0.009999999999999997,
        "weightedaveragenumberofsharesoutstandingbasic": 10735461000,
        "weightedaveragenumberofdilutedsharesoutstanding": 10826503000
    },
    {
        "date": "2012-06-29",
        "symbol": "BAC",
        "period": "Q2",
        "netincomeloss": 2463000000,
        "othercomprehensiveincomeavailableforsalesecuritiesadjustmentnetoftaxperiodincreasedecrease": 1530000000,
        "othercomprehensiveincomederivativesqualifyingashedgesnetoftaxperiodincreasedecrease": -81000000,
        "othercomprehensiveincomedefinedbenefitplansadjustmentnetoftaxperiodincreasedecrease": 79000000,
        "othercomprehensiveincomeforeigncurrencytransactionandtranslationadjustmentnetoftaxperiodincreasedecrease": -32000000,
        "othercomprehensiveincomelossnetoftaxperiodincreasedecrease": 1496000000,
        "comprehensiveincomenetoftax": 3959000000,
        "interestandfeeincomeloansandleasesheldinportfolio": 9744000000,
        "interestincomedebtsecurities": 1902000000,
        "interestincomefederalfundssoldandsecuritiespurchasedunderagreementstoresell": 360000000,
        "interestanddividendincomesecuritiestradingormeasuredatfairvalue": 1246000000,
        "otherinterestanddividendincome": 740000000,
        "interestanddividendincomeoperating": 13992000000,
        "interestexpensedeposits": 519000000,
        "interestexpenseshorttermborrowings": 943000000,
        "interestexpensetradingliabilities": 448000000,
        "interestexpenselongtermdebt": 2534000000,
        "interestexpense": 4444000000,
        "interestincomeexpensenet": 9548000000,
        "feesandcommissionscreditanddebitcards": 1578000000,
        "feesandcommissionsdepositoraccounts": 1934000000,
        "brokeragecommissionsandassetmanagementfeesrevenue": 2847000000,
        "investmentbankingandunderwritingrevenue": 1146000000,
        "equityinvestmentgainslosses": 368000000,
        "tradinggainslosses": 1764000000,
        "feesandcommissionsmortgagebanking": 1659000000,
        "insurancecommissionsandfees": 127000000,
        "gainlossonsaleofdebtinvestments": 400000000,
        "noninterestincomeotheroperatingincome": 603000000,
        "availableforsaledebtsecuritiesrealizedgainlossotherthantemporaryimpairmentsamount": 13000000,
        "noncreditportionofotherthantemporaryimpairmentsofdebtreclassificationrecognizedinothercomprehensiveincome": -7000000,
        "netimpairmentlossesonavailableforsaledebtsecurities": 6000000,
        "noninterestincome": 12420000000,
        "revenues": 21968000000,
        "provisionforloanleaseandotherlosses": 1773000000,
        "laborandrelatedexpense": 8729000000,
        "occupancynet": 1117000000,
        "equipmentexpense": 546000000,
        "marketingandadvertisingexpense": 449000000,
        "professionalfees": 922000000,
        "amortizationofintangibleassets": 321000000,
        "informationtechnologyanddataprocessing": 692000000,
        "communication": 417000000,
        "othernoninterestexpense": 3855000000,
        "noninterestexpense": 17048000000,
        "incomelossfromcontinuingoperationsbeforeincometaxesminorityinterestandincomelossfromequitymethodinvestments": 3147000000,
        "incometaxexpensebenefit": 684000000,
        "dividendspreferredstock": 365000000,
        "netincomelossavailabletocommonstockholdersbasic": 2098000000,
        "earningspersharebasic": 0.19,
        "earningspersharediluted": 0.19,
        "commonstockdividendspersharecashpaid": 0.01,
        "weightedaveragenumberofsharesoutstandingbasic": 10775695000,
        "weightedaveragenumberofdilutedsharesoutstanding": 11556011000
    },
    {
        "date": "2012-03-30",
        "symbol": "BAC",
        "period": "Q1",
        "netincomeloss": 653000000,
        "othercomprehensiveincomeavailableforsalesecuritiesadjustmentnetoftaxperiodincreasedecrease": -924000000,
        "othercomprehensiveincomederivativesqualifyingashedgesnetoftaxperiodincreasedecrease": 382000000,
        "othercomprehensiveincomedefinedbenefitplansadjustmentnetoftaxperiodincreasedecrease": 952000000,
        "othercomprehensiveincomeforeigncurrencytransactionandtranslationadjustmentnetoftaxperiodincreasedecrease": 31000000,
        "othercomprehensiveincomelossnetoftaxperiodincreasedecrease": 441000000,
        "comprehensiveincomenetoftax": 1094000000,
        "interestandfeeincomeloansandleasesheldinportfolio": 10173000000,
        "interestincomedebtsecurities": 2725000000,
        "interestincomefederalfundssoldandsecuritiespurchasedunderagreementstoresell": 460000000,
        "interestanddividendincomesecuritiestradingormeasuredatfairvalue": 1352000000,
        "otherinterestanddividendincome": 751000000,
        "interestanddividendincomeoperating": 15461000000,
        "interestexpensedeposits": 549000000,
        "interestexpenseshorttermborrowings": 881000000,
        "interestexpensetradingliabilities": 477000000,
        "interestexpenselongtermdebt": 2708000000,
        "interestexpense": 4615000000,
        "interestincomeexpensenet": 10846000000,
        "feesandcommissionscreditanddebitcards": 1457000000,
        "feesandcommissionsdepositoraccounts": 1912000000,
        "brokeragecommissionsandassetmanagementfeesrevenue": 2876000000,
        "investmentbankingandunderwritingrevenue": 1217000000,
        "equityinvestmentgainslosses": 765000000,
        "tradinggainslosses": 2075000000,
        "feesandcommissionsmortgagebanking": 1612000000,
        "insurancecommissionsandfees": -60000000,
        "gainlossonsaleofdebtinvestments": 752000000,
        "noninterestincomeotheroperatingincome": -1134000000,
        "availableforsaledebtsecuritiesrealizedgainlossotherthantemporaryimpairmentsamount": 51000000,
        "noncreditportionofotherthantemporaryimpairmentsofdebtreclassificationrecognizedinothercomprehensiveincome": -11000000,
        "netimpairmentlossesonavailableforsaledebtsecurities": 40000000,
        "noninterestincome": 11432000000,
        "revenues": 22278000000,
        "provisionforloanleaseandotherlosses": 2418000000,
        "laborandrelatedexpense": 10188000000,
        "occupancynet": 1142000000,
        "equipmentexpense": 611000000,
        "marketingandadvertisingexpense": 465000000,
        "professionalfees": 783000000,
        "amortizationofintangibleassets": 319000000,
        "informationtechnologyanddataprocessing": 856000000,
        "communication": 400000000,
        "othernoninterestexpense": 4377000000,
        "noninterestexpense": 19141000000,
        "incomelossfromcontinuingoperationsbeforeincometaxesminorityinterestandincomelossfromequitymethodinvestments": 719000000,
        "incometaxexpensebenefit": 66000000,
        "dividendspreferredstock": 325000000,
        "netincomelossavailabletocommonstockholdersbasic": 328000000,
        "earningspersharebasic": 0.03,
        "earningspersharediluted": 0.03,
        "commonstockdividendspersharecashpaid": 0.01,
        "weightedaveragenumberofsharesoutstandingbasic": 10651367000,
        "weightedaveragenumberofdilutedsharesoutstanding": 10761917000
    },
    {
        "date": "2011-12-30",
        "symbol": "BAC",
        "period": "Q4",
        "interestandfeeincomeloansandleasesheldinportfolio": 10512000000,
        "interestincomedebtsecurities": 2235000000,
        "interestincomefederalfundssoldandsecuritiespurchasedunderagreementstoresell": 449000000,
        "interestanddividendincomesecuritiestradingormeasuredatfairvalue": 1297000000,
        "otherinterestanddividendincome": 920000000,
        "interestanddividendincomeoperating": 15413000000,
        "interestexpensedeposits": 616000000,
        "interestexpenseshorttermborrowings": 921000000,
        "interestexpensetradingliabilities": 411000000,
        "interestexpenselongtermdebt": 2764000000,
        "interestexpense": 4712000000,
        "interestincomeexpensenet": 10701000000,
        "feesandcommissionscreditanddebitcards": 1478000000,
        "feesandcommissionsdepositoraccounts": 1982000000,
        "brokeragecommissionsandassetmanagementfeesrevenue": 2694000000,
        "investmentbankingandunderwritingrevenue": 1013000000,
        "equityinvestmentgainslosses": 3227000000,
        "tradinggainslosses": 280000000,
        "insurancecommissionsandfees": 143000000,
        "gainlossonsaleofdebtinvestments": 1192000000,
        "noninterestincomeotheroperatingincome": 140000000,
        "noninterestincome": 14187000000,
        "revenues": 24888000000,
        "provisionforloanleaseandotherlosses": 2934000000,
        "laborandrelatedexpense": 8761000000,
        "occupancynet": 1131000000,
        "equipmentexpense": 525000000,
        "marketingandadvertisingexpense": 523000000,
        "professionalfees": 1032000000,
        "amortizationofintangibleassets": 365000000,
        "informationtechnologyanddataprocessing": 688000000,
        "communication": 386000000,
        "othernoninterestexpense": 5429000000,
        "mergerandrestructuringcharges": 101000000,
        "noninterestexpense": 19522000000,
        "incometaxexpensebenefit": 441000000,
        "netincomeloss": 1991000000,
        "netincomelossavailabletocommonstockholdersbasic": 1584000000,
        "earningspersharebasic": 0.16000000000000006,
        "earningspersharediluted": 0.16000000000000006,
        "commonstockdividendspersharecashpaid": 0.010000000000000004,
        "weightedaveragenumberofsharesoutstandingbasic": 10142625000,
        "weightedaveragenumberofdilutedsharesoutstanding": 10254824000
    },
    {
        "date": "2011-09-29",
        "symbol": "BAC",
        "period": "Q3",
        "interestandfeeincomeloansandleasesheldinportfolio": 11205000000,
        "interestincomedebtsecurities": 1729000000,
        "interestincomefederalfundssoldandsecuritiespurchasedunderagreementstoresell": 584000000,
        "interestanddividendincomesecuritiestradingormeasuredatfairvalue": 1500000000,
        "otherinterestanddividendincome": 835000000,
        "interestanddividendincomeoperating": 15853000000,
        "interestexpensedeposits": 704000000,
        "interestexpenseshorttermborrowings": 1153000000,
        "interestexpensetradingliabilities": 547000000,
        "interestexpenselongtermdebt": 2959000000,
        "interestexpense": 5363000000,
        "interestincomeexpensenet": 10490000000,
        "feesandcommissionscreditanddebitcards": 1911000000,
        "feesandcommissionsdepositoraccounts": 2068000000,
        "brokeragecommissionsandassetmanagementfeesrevenue": 3022000000,
        "investmentbankingandunderwritingrevenue": 942000000,
        "equityinvestmentgainslosses": 1446000000,
        "tradinggainslosses": 1604000000,
        "insurancecommissionsandfees": 190000000,
        "gainlossonsaleofdebtinvestments": 737000000,
        "noninterestincomeotheroperatingincome": 4511000000,
        "availableforsaledebtsecuritiesrealizedgainlossotherthantemporaryimpairmentsamount": 97000000,
        "noncreditportionofotherthantemporaryimpairmentsofdebtreclassificationrecognizedinothercomprehensiveincome": -12000000,
        "netimpairmentlossesonavailableforsaledebtsecurities": 85000000,
        "noninterestincome": 17963000000,
        "revenues": 28453000000,
        "provisionforloanleaseandotherlosses": 3407000000,
        "laborandrelatedexpense": 8865000000,
        "occupancynet": 1183000000,
        "equipmentexpense": 616000000,
        "marketingandadvertisingexpense": 556000000,
        "professionalfees": 937000000,
        "amortizationofintangibleassets": 377000000,
        "informationtechnologyanddataprocessing": 626000000,
        "communication": 405000000,
        "othernoninterestexpense": 3872000000,
        "mergerandrestructuringcharges": 176000000,
        "noninterestexpense": 17613000000,
        "incomelossfromcontinuingoperationsbeforeincometaxesminorityinterestandincomelossfromequitymethodinvestments": 7433000000,
        "incometaxexpensebenefit": 1201000000,
        "netincomeloss": 6232000000,
        "netincomelossavailabletocommonstockholdersbasic": 5889000000,
        "earningspersharebasic": 0.58,
        "earningspersharediluted": 0.58,
        "commonstockdividendspersharecashpaid": 0.009999999999999997,
        "weightedaveragenumberofsharesoutstandingbasic": 10095859000,
        "weightedaveragenumberofdilutedsharesoutstanding": 10095859000
    },
    {
        "date": "2011-06-29",
        "symbol": "BAC",
        "period": "Q2",
        "interestandfeeincomeloansandleasesheldinportfolio": 11320000000,
        "interestincomedebtsecurities": 2675000000,
        "interestincomefederalfundssoldandsecuritiespurchasedunderagreementstoresell": 597000000,
        "interestanddividendincomesecuritiestradingormeasuredatfairvalue": 1538000000,
        "otherinterestanddividendincome": 918000000,
        "interestanddividendincomeoperating": 17048000000,
        "interestexpensedeposits": 843000000,
        "interestexpenseshorttermborrowings": 1341000000,
        "interestexpensetradingliabilities": 627000000,
        "interestexpenselongtermdebt": 2991000000,
        "interestexpense": 5802000000,
        "interestincomeexpensenet": 11246000000,
        "feesandcommissionscreditanddebitcards": 1967000000,
        "feesandcommissionsdepositoraccounts": 2012000000,
        "brokeragecommissionsandassetmanagementfeesrevenue": 3009000000,
        "investmentbankingandunderwritingrevenue": 1684000000,
        "equityinvestmentgainslosses": 1212000000,
        "tradinggainslosses": 2091000000,
        "feesandcommissionsmortgagebanking": -13196000000,
        "insurancecommissionsandfees": 400000000,
        "gainlossonsaleofdebtinvestments": 899000000,
        "noninterestincomeotheroperatingincome": 1957000000,
        "availableforsaledebtsecuritiesrealizedgainlossotherthantemporaryimpairmentsamount": 63000000,
        "noncreditportionofotherthantemporaryimpairmentsofdebtreclassificationrecognizedinothercomprehensiveincome": -18000000,
        "netimpairmentlossesonavailableforsaledebtsecurities": 45000000,
        "noninterestincome": 1990000000,
        "revenues": 13236000000,
        "provisionforloanleaseandotherlosses": 3255000000,
        "laborandrelatedexpense": 9171000000,
        "occupancynet": 1245000000,
        "equipmentexpense": 593000000,
        "marketingandadvertisingexpense": 560000000,
        "professionalfees": 766000000,
        "amortizationofintangibleassets": 382000000,
        "informationtechnologyanddataprocessing": 643000000,
        "communication": 391000000,
        "othernoninterestexpense": 6343000000,
        "goodwillimpairmentloss": 2603000000,
        "mergerandrestructuringcharges": 159000000,
        "noninterestexpense": 22856000000,
        "incomelossfromcontinuingoperationsbeforeincometaxesminorityinterestandincomelossfromequitymethodinvestments": -12875000000,
        "incometaxexpensebenefit": -4049000000,
        "netincomeloss": -8826000000,
        "dividendspreferredstock": 301000000,
        "netincomelossavailabletocommonstockholdersbasic": -9127000000,
        "earningspersharebasic": -0.9,
        "earningspersharediluted": -0.9,
        "commonstockdividendspersharecashpaid": 0.01,
        "weightedaveragenumberofsharesoutstandingbasic": 10094928000,
        "weightedaveragenumberofdilutedsharesoutstanding": 10094928000
    },
    {
        "date": "2011-03-30",
        "symbol": "BAC",
        "period": "Q1",
        "interestandfeeincomeloansandleasesheldinportfolio": 11929000000,
        "interestincomedebtsecurities": 2882000000,
        "interestincomefederalfundssoldandsecuritiespurchasedunderagreementstoresell": 517000000,
        "interestanddividendincomesecuritiestradingormeasuredatfairvalue": 1626000000,
        "otherinterestanddividendincome": 968000000,
        "interestanddividendincomeoperating": 17922000000,
        "interestexpensedeposits": 839000000,
        "interestexpenseshorttermborrowings": 1184000000,
        "interestexpensetradingliabilities": 627000000,
        "interestexpenselongtermdebt": 3093000000,
        "interestexpense": 5743000000,
        "interestincomeexpensenet": 12179000000,
        "feesandcommissionscreditanddebitcards": 1828000000,
        "feesandcommissionsdepositoraccounts": 2032000000,
        "brokeragecommissionsandassetmanagementfeesrevenue": 3101000000,
        "investmentbankingandunderwritingrevenue": 1578000000,
        "equityinvestmentgainslosses": 1475000000,
        "tradinggainslosses": 2722000000,
        "mortgagebankingincome": 630000000,
        "insurancecommissionsandfees": 613000000,
        "gainlossonsaleofdebtinvestments": 546000000,
        "noninterestincomeotheroperatingincome": 261000000,
        "availableforsaledebtsecuritiesrealizedgainlossotherthantemporaryimpairmentsamount": 111000000,
        "noncreditportionofotherthantemporaryimpairmentsofdebtreclassificationrecognizedinothercomprehensiveincome": -23000000,
        "netimpairmentlossesonavailableforsaledebtsecurities": 88000000,
        "noninterestincome": 14698000000,
        "revenues": 26877000000,
        "provisionforloanleaseandotherlosses": 3814000000,
        "laborandrelatedexpense": 10168000000,
        "occupancynet": 1189000000,
        "equipmentexpense": 606000000,
        "marketingandadvertisingexpense": 564000000,
        "professionalfees": 646000000,
        "amortizationofintangibleassets": 385000000,
        "informationtechnologyanddataprocessing": 695000000,
        "communication": 371000000,
        "othernoninterestexpense": 5457000000,
        "mergerandrestructuringcharges": 202000000,
        "noninterestexpense": 20283000000,
        "incomelossfromcontinuingoperationsbeforeincometaxesminorityinterestandincomelossfromequitymethodinvestments": 2780000000,
        "incometaxexpensebenefit": 731000000,
        "netincomeloss": 2049000000,
        "preferredstockdividends": 310000000,
        "netincomelossavailabletocommonstockholdersbasic": 1739000000,
        "earningspersharebasic": 0.17,
        "earningspersharediluted": 0.17,
        "commonstockdividendspersharecashpaid": 0.01,
        "weightedaveragenumberofsharesoutstandingbasic": 10075875000,
        "weightedaveragenumberofdilutedsharesoutstanding": 10181351000
    },
    {
        "date": "2010-12-30",
        "symbol": "BAC",
        "period": "Q4",
        "interestandfeeincomeloansandleasesheldinportfolio": 12149000000,
        "interestincomedebtsecurities": 3029000000,
        "interestincomefederalfundssoldandsecuritiespurchasedunderagreementstoresell": 486000000,
        "interestanddividendincomesecuritiestradingormeasuredatfairvalue": 1649000000,
        "otherinterestanddividendincome": 965000000,
        "interestanddividendincomeoperating": 18278000000,
        "interestexpensedeposits": 894000000,
        "interestexpenseshorttermborrowings": 1142000000,
        "interestexpensetradingliabilities": 549000000,
        "interestexpenselongtermdebt": 3254000000,
        "interestexpense": 5839000000,
        "interestincomeexpensenet": 12439000000,
        "feesandcommissionscreditanddebitcards": 2127000000,
        "feesandcommissionsdepositoraccounts": 2036000000,
        "brokeragecommissionsandassetmanagementfeesrevenue": 2879000000,
        "investmentbankingandunderwritingrevenue": 1590000000,
        "equityinvestmentgainslosses": 1512000000,
        "tradinggainslosses": 995000000,
        "mortgagebankingincome": -1419000000,
        "insurancecommissionsandfees": 598000000,
        "gainlossonsaleofdebtinvestments": 872000000,
        "noninterestincomeotheroperatingincome": -1114000000,
        "availableforsaledebtsecuritiesrealizedgainlossotherthantemporaryimpairmentsamount": -263000000,
        "noncreditportionofotherthantemporaryimpairmentsofdebtreclassificationrecognizedinothercomprehensiveincome": 380000000,
        "netimpairmentlossesonavailableforsaledebtsecurities": 117000000,
        "noninterestincome": 9959000000,
        "revenues": 22398000000,
        "provisionforloanleaseandotherlosses": 5129000000,
        "laborandrelatedexpense": 8800000000,
        "occupancynet": 1212000000,
        "equipmentexpense": 607000000,
        "marketingandadvertisingexpense": 484000000,
        "professionalfees": 883000000,
        "amortizationofintangibleassets": 420000000,
        "informationtechnologyanddataprocessing": 662000000,
        "communication": 366000000,
        "othernoninterestexpense": 5060000000,
        "mergerandrestructuringcharges": 370000000,
        "noninterestexpense": 20864000000,
        "incomelossfromcontinuingoperationsbeforeincometaxesminorityinterestandincomelossfromequitymethodinvestments": -3595000000,
        "incometaxexpensebenefit": -2351000000,
        "netincomeloss": -1244000000,
        "preferredstockdividends": 1697000000,
        "netincomelossavailabletocommonstockholdersbasic": -1565000000,
        "earningspersharebasic": -0.16000000000000003,
        "earningspersharediluted": -0.15000000000000002,
        "commonstockdividendspersharecashpaid": 0.009999999999999997,
        "weightedaveragenumberofsharesoutstandingbasic": 9790472000,
        "weightedaveragenumberofdilutedsharesoutstanding": 9790472000
    },
    {
        "date": "2010-09-29",
        "symbol": "BAC",
        "period": "Q3",
        "interestandfeeincomeloansandleasesheldinportfolio": 12485000000,
        "interestincomedebtsecurities": 2605000000,
        "interestincomefederalfundssoldandsecuritiespurchasedunderagreementstoresell": 441000000,
        "interestanddividendincomesecuritiestradingormeasuredatfairvalue": 1641000000,
        "otherinterestanddividendincome": 1037000000,
        "interestanddividendincomeoperating": 18209000000,
        "interestexpensedeposits": 950000000,
        "interestexpenseshorttermborrowings": 848000000,
        "interestexpensetradingliabilities": 635000000,
        "interestexpenselongtermdebt": 3341000000,
        "interestexpense": 5774000000,
        "interestincomeexpensenet": 12435000000,
        "feesandcommissionscreditanddebitcards": 1982000000,
        "feesandcommissionsdepositoraccounts": 2212000000,
        "brokeragecommissionsandassetmanagementfeesrevenue": 2724000000,
        "investmentbankingandunderwritingrevenue": 1371000000,
        "equityinvestmentgainslosses": 357000000,
        "tradinggainslosses": 2596000000,
        "mortgagebankingincome": 1755000000,
        "insurancecommissionsandfees": 75000000,
        "gainlossonsaleofdebtinvestments": 883000000,
        "noninterestincomeotheroperatingincome": 433000000,
        "availableforsaledebtsecuritiesrealizedgainlossotherthantemporaryimpairmentsamount": 156000000,
        "noncreditportionofotherthantemporaryimpairmentsofdebtreclassificationrecognizedinothercomprehensiveincome": -33000000,
        "netimpairmentlossesonavailableforsaledebtsecurities": 123000000,
        "noninterestincome": 14265000000,
        "revenues": 26700000000,
        "provisionforloanleaseandotherlosses": 5396000000,
        "laborandrelatedexpense": 8402000000,
        "occupancynet": 1150000000,
        "equipmentexpense": 619000000,
        "marketingandadvertisingexpense": 497000000,
        "professionalfees": 651000000,
        "amortizationofintangibleassets": 426000000,
        "informationtechnologyanddataprocessing": 602000000,
        "communication": 361000000,
        "othernoninterestexpense": 3687000000,
        "goodwillimpairmentloss": 10400000000,
        "mergerandrestructuringcharges": 421000000,
        "noninterestexpense": 27216000000,
        "incomelossfromcontinuingoperationsbeforeincometaxesminorityinterestandincomelossfromequitymethodinvestments": -5912000000,
        "incometaxexpensebenefit": 1387000000,
        "netincomeloss": -7299000000,
        "preferredstockdividends": -348000000,
        "netincomelossavailabletocommonstockholdersbasic": -7647000000,
        "earningspersharebasic": -0.77,
        "earningspersharediluted": -0.77,
        "commonstockdividendspersharecashpaid": 0.01,
        "weightedaveragenumberofsharesoutstandingbasic": 9976351000,
        "weightedaveragenumberofdilutedsharesoutstanding": 9976351000
    },
    {
        "date": "2010-06-29",
        "symbol": "BAC",
        "period": "Q2",
        "interestandfeeincomeloansandleasesheldinportfolio": 12887000000,
        "interestincomedebtsecurities": 2917000000,
        "interestincomefederalfundssoldandsecuritiespurchasedunderagreementstoresell": 457000000,
        "interestanddividendincomesecuritiestradingormeasuredatfairvalue": 1808000000,
        "otherinterestanddividendincome": 1062000000,
        "interestanddividendincomeoperating": 19131000000,
        "interestexpensedeposits": 1031000000,
        "interestexpenseshorttermborrowings": 891000000,
        "interestexpensetradingliabilities": 727000000,
        "interestexpenselongtermdebt": 3582000000,
        "interestexpense": 6231000000,
        "interestincomeexpensenet": 12900000000,
        "feesandcommissionscreditanddebitcards": 2023000000,
        "feesandcommissionsdepositoraccounts": 2576000000,
        "brokeragecommissionsandassetmanagementfeesrevenue": 2994000000,
        "investmentbankingandunderwritingrevenue": 1319000000,
        "equityinvestmentgainslosses": 2766000000,
        "tradinggainslosses": 1227000000,
        "mortgagebankingincome": 898000000,
        "insurancecommissionsandfees": 678000000,
        "gainlossonsaleofdebtinvestments": 37000000,
        "noninterestincomeotheroperatingincome": 1861000000,
        "availableforsaledebtsecuritiesrealizedgainlossotherthantemporaryimpairmentsamount": 462000000,
        "noncreditportionofotherthantemporaryimpairmentsofdebtreclassificationrecognizedinothercomprehensiveincome": -336000000,
        "netimpairmentlossesonavailableforsaledebtsecurities": 126000000,
        "noninterestincome": 16253000000,
        "revenues": 29153000000,
        "provisionforloanleaseandotherlosses": 8105000000,
        "laborandrelatedexpense": 8789000000,
        "occupancynet": 1182000000,
        "equipmentexpense": 613000000,
        "marketingandadvertisingexpense": 495000000,
        "professionalfees": 644000000,
        "amortizationofintangibleassets": 439000000,
        "informationtechnologyanddataprocessing": 632000000,
        "communication": 359000000,
        "othernoninterestexpense": 3592000000,
        "mergerandrestructuringcharges": 508000000,
        "noninterestexpense": 17253000000,
        "incomelossfromcontinuingoperationsbeforeincometaxesminorityinterestandincomelossfromequitymethodinvestments": 3795000000,
        "incometaxexpensebenefit": 672000000,
        "netincomeloss": 3123000000,
        "preferredstockdividends": -340000000,
        "netincomelossavailabletocommonstockholdersbasic": 2783000000,
        "earningspersharebasic": 0.28,
        "earningspersharediluted": 0.27,
        "commonstockdividendspersharecashpaid": 0.01,
        "weightedaveragenumberofsharesoutstandingbasic": 9956773000,
        "weightedaveragenumberofdilutedsharesoutstanding": 10029776000
    },
    {
        "date": "2010-03-30",
        "symbol": "BAC",
        "period": "Q1",
        "interestandfeeincomeloansandleasesheldinportfolio": 13475000000,
        "interestincomedebtsecurities": 3116000000,
        "interestincomefederalfundssoldandsecuritiespurchasedunderagreementstoresell": 448000000,
        "interestanddividendincomesecuritiestradingormeasuredatfairvalue": 1743000000,
        "otherinterestanddividendincome": 1097000000,
        "interestanddividendincomeoperating": 19879000000,
        "interestexpensedeposits": 1122000000,
        "interestexpenseshorttermborrowings": 818000000,
        "interestexpensetradingliabilities": 660000000,
        "interestexpenselongtermdebt": 3530000000,
        "interestexpense": 6130000000,
        "interestincomeexpensenet": 13749000000,
        "feesandcommissionscreditanddebitcards": 1976000000,
        "feesandcommissionsdepositoraccounts": 2566000000,
        "brokeragecommissionsandassetmanagementfeesrevenue": 3025000000,
        "investmentbankingandunderwritingrevenue": 1240000000,
        "equityinvestmentgainslosses": 625000000,
        "tradinggainslosses": 5236000000,
        "mortgagebankingincome": 1500000000,
        "insurancecommissionsandfees": 715000000,
        "gainlossonsaleofdebtinvestments": 734000000,
        "noninterestincomeotheroperatingincome": 1204000000,
        "availableforsaledebtsecuritiesrealizedgainlossotherthantemporaryimpairmentsamount": 1819000000,
        "noncreditportionofotherthantemporaryimpairmentsofdebtreclassificationrecognizedinothercomprehensiveincome": -1218000000,
        "netimpairmentlossesonavailableforsaledebtsecurities": 601000000,
        "noninterestincome": 18220000000,
        "revenues": 31969000000,
        "provisionforloanleaseandotherlosses": 9805000000,
        "laborandrelatedexpense": 9158000000,
        "occupancynet": 1172000000,
        "equipmentexpense": 613000000,
        "marketingandadvertisingexpense": 487000000,
        "professionalfees": 517000000,
        "amortizationofintangibleassets": 446000000,
        "informationtechnologyanddataprocessing": 648000000,
        "communication": 330000000,
        "othernoninterestexpense": 3883000000,
        "mergerandrestructuringcharges": 521000000,
        "noninterestexpense": 17775000000,
        "incomelossfromcontinuingoperationsbeforeincometaxesminorityinterestandincomelossfromequitymethodinvestments": 4389000000,
        "incometaxexpensebenefit": 1207000000,
        "netincomeloss": 3182000000,
        "preferredstockdividends": 348000000,
        "netincomelossavailabletocommonstockholdersbasic": 2834000000,
        "earningspersharebasic": 0.28,
        "earningspersharediluted": 0.28,
        "commonstockdividendspersharecashpaid": 0.01,
        "weightedaveragenumberofsharesoutstandingbasic": 9177468000,
        "weightedaveragenumberofdilutedsharesoutstanding": 10005254000
    },
    {
        "date": "2009-09-29",
        "symbol": "BAC",
        "period": "Q3",
        "interestandfeeincomeloansandleasesheldinportfolio": 11620000000,
        "interestincomedebtsecurities": 2975000000,
        "interestincomefederalfundssoldandsecuritiespurchasedunderagreementstoresell": 722000000,
        "interestanddividendincomesecuritiestradingormeasuredatfairvalue": 1843000000,
        "otherinterestanddividendincome": 1363000000,
        "interestanddividendincomeoperating": 18523000000,
        "interestexpensedeposits": 1710000000,
        "interestexpenseshorttermborrowings": 1237000000,
        "interestexpensetradingliabilities": 455000000,
        "interestexpenselongtermdebt": 3698000000,
        "interestexpense": 7100000000,
        "interestincomeexpensenet": 11423000000,
        "feesandcommissionscreditanddebitcards": 1557000000,
        "feesandcommissionsdepositoraccounts": 3020000000,
        "brokeragecommissionsandassetmanagementfeesrevenue": 2948000000,
        "investmentbankingandunderwritingrevenue": 1254000000,
        "equityinvestmentgainslosses": 843000000,
        "tradinggainslosses": 3395000000,
        "mortgagebankingincome": 1298000000,
        "insurancecommissionsandfees": 707000000,
        "gainlossonsaleofdebtinvestments": 1554000000,
        "noninterestincomeotheroperatingincome": -1167000000,
        "availableforsaledebtsecuritiesrealizedgainlossotherthantemporaryimpairmentsamount": 847000000,
        "noncreditportionofotherthantemporaryimpairmentsofdebtreclassificationrecognizedinothercomprehensiveincome": -50000000,
        "netimpairmentlossesonavailableforsaledebtsecurities": 797000000,
        "noninterestincome": 14612000000,
        "revenues": 26035000000,
        "provisionforloanleaseandotherlosses": 11705000000,
        "laborandrelatedexpense": 7613000000,
        "occupancynet": 1220000000,
        "equipmentexpense": 617000000,
        "marketingandadvertisingexpense": 470000000,
        "professionalfees": 562000000,
        "amortizationofintangibleassets": 510000000,
        "informationtechnologyanddataprocessing": 592000000,
        "communication": 361000000,
        "othernoninterestexpense": 3767000000,
        "mergerandrestructuringcharges": 594000000,
        "noninterestexpense": 16306000000,
        "incomelossfromcontinuingoperationsbeforeincometaxesminorityinterestandincomelossfromequitymethodinvestments": -1976000000,
        "incometaxexpensebenefit": -975000000,
        "netincomeloss": -1001000000,
        "preferredstockdividends": 1240000000,
        "netincomelossavailabletocommonstockholdersbasic": -2241000000,
        "earningspersharebasic": -0.26,
        "earningspersharediluted": -0.26,
        "commonstockdividendspersharecashpaid": 0.01,
        "weightedaveragenumberofsharesoutstandingbasic": 8633834000,
        "weightedaveragenumberofdilutedsharesoutstanding": 8633834000
    },
    {
        "date": "2009-06-29",
        "symbol": "BAC",
        "period": "Q2",
        "interestandfeeincomeloansandleasesheldinportfolio": 12329000000,
        "interestincomedebtsecurities": 3283000000,
        "interestincomefederalfundssoldandsecuritiespurchasedunderagreementstoresell": 690000000,
        "interestanddividendincomesecuritiestradingormeasuredatfairvalue": 1952000000,
        "otherinterestanddividendincome": 1338000000,
        "interestanddividendincomeoperating": 19592000000,
        "interestexpensedeposits": 2082000000,
        "interestexpenseshorttermborrowings": 1396000000,
        "interestexpensetradingliabilities": 450000000,
        "interestexpenselongtermdebt": 4034000000,
        "interestexpense": 7962000000,
        "interestincomeexpensenet": 11630000000,
        "feesandcommissionscreditanddebitcards": 2149000000,
        "feesandcommissionsdepositoraccounts": 2729000000,
        "brokeragecommissionsandassetmanagementfeesrevenue": 2994000000,
        "investmentbankingandunderwritingrevenue": 1646000000,
        "equityinvestmentgainslosses": 5943000000,
        "tradinggainslosses": 2164000000,
        "mortgagebankingincome": 2527000000,
        "insurancecommissionsandfees": 662000000,
        "gainlossonsaleofdebtinvestments": 632000000,
        "noninterestincomeotheroperatingincome": -302000000,
        "noninterestincome": 21144000000,
        "revenues": 32774000000,
        "provisionforloanleaseandotherlosses": 13375000000,
        "laborandrelatedexpense": 7790000000,
        "occupancynet": 1219000000,
        "equipmentexpense": 616000000,
        "marketingandadvertisingexpense": 499000000,
        "professionalandcontractservicesexpense": 544000000,
        "amortizationofintangibleassets": 516000000,
        "informationtechnologyanddataprocessing": 621000000,
        "communication": 345000000,
        "othernoninterestexpense": 4041000000,
        "mergerandrestructuringcharges": 829000000,
        "noninterestexpense": 17020000000,
        "incomelossfromcontinuingoperationsbeforeincometaxesminorityinterestandincomelossfromequitymethodinvestments": 2379000000,
        "incometaxexpensebenefit": -845000000,
        "netincomeloss": 3224000000,
        "preferredstockdividends": 805000000,
        "netincomelossavailabletocommonstockholdersbasic": 2419000000,
        "earningspersharebasic": 0.33,
        "earningspersharediluted": 0.33,
        "commonstockdividendspersharecashpaid": 0.01,
        "weightedaveragenumberofsharesoutstandingbasic": 7241515000,
        "weightedaveragenumberofdilutedsharesoutstanding": 7269518000,
        "debtotherthantemporaryimpairmentlosses": 1026000000
    }
]