[
    {
        "date": "2024-09-27",
        "symbol": "TSCO",
        "period": "Q3",
        "revenues": 3468245000,
        "costofgoodsandservicessold": 2177797000,
        "grossprofit": 1290448000,
        "sellinggeneralandadministrativeexpense": 852299000,
        "depreciationandamortization": 113550000,
        "operatingincomeloss": 324599000,
        "interestexpensenonoperating": 13875000,
        "incomelossfromcontinuingoperationsbeforeincometaxesextraordinaryitemsnoncontrollinginterest": 310724000,
        "incometaxexpensebenefit": 69254000,
        "netincomeloss": 241470000,
        "earningspersharebasic": 2.25,
        "earningspersharediluted": 2.24,
        "weightedaveragenumberofsharesoutstandingbasic": 107167000,
        "weightedaveragenumberofdilutedsharesoutstanding": 107678000,
        "commonstockdividendspersharedeclared": 1.1,
        "othercomprehensiveincomelosscashflowhedgegainlossafterreclassificationandtax": -2130000,
        "othercomprehensiveincomelossnetoftax": -2130000,
        "comprehensiveincomenetoftax": 239340000,
        "antidilutivesecuritiesexcludedfromcomputationofearningspershareamount": 100000
    },
    {
        "date": "2024-03-29",
        "symbol": "TSCO",
        "period": "Q1",
        "revenues": 3394834000,
        "costofgoodsandservicessold": 2173980000,
        "grossprofit": 1220854000,
        "sellinggeneralandadministrativeexpense": 853436000,
        "depreciationandamortization": 104293000,
        "operatingincomeloss": 263125000,
        "interestexpense": 11902000,
        "incomelossfromcontinuingoperationsbeforeincometaxesextraordinaryitemsnoncontrollinginterest": 251223000,
        "incometaxexpensebenefit": 53056000,
        "netincomeloss": 198167000,
        "earningspersharebasic": 1.84,
        "earningspersharediluted": 1.83,
        "weightedaveragenumberofsharesoutstandingbasic": 107946000,
        "weightedaveragenumberofdilutedsharesoutstanding": 108528000,
        "commonstockdividendspersharedeclared": 1.1,
        "othercomprehensiveincomelosscashflowhedgegainlossafterreclassificationandtax": -731000,
        "othercomprehensiveincomelossnetoftax": -731000,
        "comprehensiveincomenetoftax": 197436000,
        "antidilutivesecuritiesexcludedfromcomputationofearningspershareamount": 300000
    },
    {
        "date": "2023-12-29",
        "symbol": "TSCO",
        "period": "Q4",
        "revenues": 3659841000,
        "costofgoodsandservicessold": 2366778000,
        "grossprofit": 1293063000,
        "sellinggeneralandadministrativeexpense": 855554000,
        "operatingincomeloss": 334235000,
        "interestexpense": 11948000,
        "incomelossfromcontinuingoperationsbeforeincometaxesextraordinaryitemsnoncontrollinginterest": 322287000,
        "incometaxexpensebenefit": 74384000,
        "netincomeloss": 247903000,
        "earningspersharebasic": 2.3000000000000007,
        "earningspersharediluted": 2.28,
        "weightedaveragenumberofsharesoutstandingbasic": 109096000,
        "weightedaveragenumberofdilutedsharesoutstanding": 109746000,
        "commonstockdividendspersharedeclared": 1.0299999999999996,
        "othercomprehensiveincomelosscashflowhedgegainlossafterreclassificationandtax": -2499000,
        "othercomprehensiveincomelossnetoftax": -2499000,
        "comprehensiveincomenetoftax": 245404000
    },
    {
        "date": "2023-09-29",
        "symbol": "TSCO",
        "period": "Q3",
        "revenues": 3411980000,
        "costofgoodsandservicessold": 2161501000,
        "grossprofit": 1250479000,
        "sellinggeneralandadministrativeexpense": 819311000,
        "depreciationandamortization": 90263000,
        "operatingincomeloss": 340905000,
        "interestexpense": 9539000,
        "incomelossfromcontinuingoperationsbeforeincometaxesextraordinaryitemsnoncontrollinginterest": 331366000,
        "incometaxexpensebenefit": 76365000,
        "netincomeloss": 255001000,
        "earningspersharebasic": 2.34,
        "earningspersharediluted": 2.33,
        "weightedaveragenumberofsharesoutstandingbasic": 108774000,
        "weightedaveragenumberofdilutedsharesoutstanding": 109342000,
        "commonstockdividendspersharedeclared": 1.03,
        "othercomprehensiveincomelosscashflowhedgegainlossafterreclassificationandtax": -924000,
        "othercomprehensiveincomelossnetoftax": -924000,
        "comprehensiveincomenetoftax": 254077000,
        "antidilutivesecuritiesexcludedfromcomputationofearningspershareamount": 200000
    },
    {
        "date": "2023-06-30",
        "symbol": "TSCO",
        "period": "Q2",
        "revenues": 4184695000,
        "costofgoodsandservicessold": 2669926000,
        "grossprofit": 1514769000,
        "sellinggeneralandadministrativeexpense": 853158000,
        "depreciationandamortization": 102279000,
        "operatingincomeloss": 559332000,
        "interestexpense": 12343000,
        "incomelossfromcontinuingoperationsbeforeincometaxesextraordinaryitemsnoncontrollinginterest": 546989000,
        "incometaxexpensebenefit": 125755000,
        "netincomeloss": 421234000,
        "earningspersharebasic": 3.85,
        "earningspersharediluted": 3.83,
        "weightedaveragenumberofsharesoutstandingbasic": 109426000,
        "weightedaveragenumberofdilutedsharesoutstanding": 110041000,
        "commonstockdividendspersharedeclared": 1.03,
        "othercomprehensiveincomelosscashflowhedgegainlossafterreclassificationandtax": 778000,
        "othercomprehensiveincomelossnetoftax": 778000,
        "comprehensiveincomenetoftax": 422012000,
        "antidilutivesecuritiesexcludedfromcomputationofearningspershareamount": 200000
    },
    {
        "date": "2023-03-31",
        "symbol": "TSCO",
        "period": "Q1",
        "revenues": 3299225000,
        "costofgoodsandservicessold": 2129317000,
        "grossprofit": 1169908000,
        "sellinggeneralandadministrativeexpense": 828235000,
        "depreciationandamortization": 97233000,
        "operatingincomeloss": 244440000,
        "interestexpense": 12680000,
        "incomelossfromcontinuingoperationsbeforeincometaxesextraordinaryitemsnoncontrollinginterest": 231760000,
        "incometaxexpensebenefit": 48672000,
        "netincomeloss": 183088000,
        "earningspersharebasic": 1.66,
        "earningspersharediluted": 1.65,
        "weightedaveragenumberofsharesoutstandingbasic": 110045000,
        "weightedaveragenumberofdilutedsharesoutstanding": 110781000,
        "commonstockdividendspersharedeclared": 1.03,
        "othercomprehensiveincomelosscashflowhedgegainlossafterreclassificationandtax": -1837000,
        "othercomprehensiveincomelossnetoftax": -1837000,
        "comprehensiveincomenetoftax": 181251000,
        "antidilutivesecuritiesexcludedfromcomputationofearningspershareamount": 200000
    },
    {
        "date": "2022-12-30",
        "symbol": "TSCO",
        "period": "Q4",
        "revenues": 4006375000,
        "costofgoodsandservicessold": 2642750000,
        "grossprofit": 1363625000,
        "sellinggeneralandadministrativeexpense": 909595000,
        "operatingincomeloss": 359210000,
        "interestexpense": 10241000,
        "incomelossfromcontinuingoperationsbeforeincometaxesextraordinaryitemsnoncontrollinginterest": 348969000,
        "incometaxexpensebenefit": 78099000,
        "netincomeloss": 270870000,
        "earningspersharebasic": 2.46,
        "earningspersharediluted": 2.430000000000002,
        "weightedaveragenumberofsharesoutstandingbasic": -223646000,
        "weightedaveragenumberofdilutedsharesoutstanding": -225233000,
        "commonstockdividendspersharedeclared": 0.9200000000000003,
        "othercomprehensiveincomelosscashflowhedgegainlossafterreclassificationandtax": -1023000,
        "othercomprehensiveincomelossnetoftax": -1023000,
        "comprehensiveincomenetoftax": 269847000
    },
    {
        "date": "2022-09-23",
        "symbol": "TSCO",
        "period": "Q3",
        "revenues": 3270804000,
        "costofgoodsandservicessold": 2104989000,
        "grossprofit": 1165815000,
        "sellinggeneralandadministrativeexpense": 772167000,
        "depreciationandamortization": 87236000,
        "operatingincomeloss": 306412000,
        "interestexpense": 6226000,
        "incomelossfromcontinuingoperationsbeforeincometaxesextraordinaryitemsnoncontrollinginterest": 300186000,
        "incometaxexpensebenefit": 66049000,
        "netincomeloss": 234137000,
        "earningspersharebasic": 2.11,
        "earningspersharediluted": 2.1,
        "weightedaveragenumberofsharesoutstandingbasic": 110861000,
        "weightedaveragenumberofdilutedsharesoutstanding": 111560000,
        "commonstockdividendspersharedeclared": 0.92,
        "othercomprehensiveincomelosscashflowhedgegainlossafterreclassificationandtax": 3150000,
        "othercomprehensiveincomelossnetoftax": 3150000,
        "comprehensiveincomenetoftax": 237287000,
        "antidilutivesecuritiesexcludedfromcomputationofearningspershareamount": 100000
    },
    {
        "date": "2022-06-24",
        "symbol": "TSCO",
        "period": "Q2",
        "revenues": 3903406000,
        "costofgoodsandservicessold": 2517151000,
        "grossprofit": 1386255000,
        "sellinggeneralandadministrativeexpense": 777860000,
        "depreciationandamortization": 83360000,
        "operatingincomeloss": 525035000,
        "interestexpense": 7097000,
        "incomelossfromcontinuingoperationsbeforeincometaxesextraordinaryitemsnoncontrollinginterest": 517938000,
        "incometaxexpensebenefit": 121460000,
        "netincomeloss": 396478000,
        "earningspersharebasic": 3.55,
        "earningspersharediluted": 3.53,
        "weightedaveragenumberofsharesoutstandingbasic": 111590000,
        "weightedaveragenumberofdilutedsharesoutstanding": 112318000,
        "commonstockdividendspersharedeclared": 0.92,
        "othercomprehensiveincomelosscashflowhedgegainlossafterreclassificationandtax": 1810000,
        "othercomprehensiveincomelossnetoftax": 1810000,
        "comprehensiveincomenetoftax": 398288000,
        "antidilutivesecuritiesexcludedfromcomputationofearningspershareamount": 200000
    },
    {
        "date": "2022-03-25",
        "symbol": "TSCO",
        "period": "Q1",
        "revenues": 3024132000,
        "costofgoodsandservicessold": 1967623000,
        "grossprofit": 1056509000,
        "sellinggeneralandadministrativeexpense": 734577000,
        "depreciationandamortization": 77646000,
        "operatingincomeloss": 244286000,
        "interestexpense": 7069000,
        "incomelossfromcontinuingoperationsbeforeincometaxesextraordinaryitemsnoncontrollinginterest": 237217000,
        "incometaxexpensebenefit": 49990000,
        "netincomeloss": 187227000,
        "earningspersharebasic": 1.66,
        "earningspersharediluted": 1.65,
        "weightedaveragenumberofsharesoutstandingbasic": 112531000,
        "weightedaveragenumberofdilutedsharesoutstanding": 113504000,
        "commonstockdividendspersharedeclared": 0.92,
        "othercomprehensiveincomelosscashflowhedgegainlossafterreclassificationandtax": 5993000,
        "othercomprehensiveincomelossnetoftax": 5993000,
        "comprehensiveincomenetoftax": 193220000
    },
    {
        "date": "2021-12-24",
        "symbol": "TSCO",
        "period": "Q4",
        "revenues": 9713179000,
        "costofgoodsandservicessold": 6321336000,
        "grossprofit": 2408063000,
        "sellinggeneralandadministrativeexpense": 752097000,
        "depreciationandamortization": 75427000,
        "operatingincomeloss": 293054000,
        "interestexpense": 6542000,
        "incometaxexpensebenefit": 65174000,
        "netincomeloss": 221338000,
        "earningspersharebasic": 1.9599999999999995,
        "earningspersharediluted": 1.9199999999999993,
        "weightedaveragenumberofsharesoutstandingbasic": -230715000,
        "weightedaveragenumberofdilutedsharesoutstanding": -232687000,
        "commonstockdividendspersharedeclared": 0.52,
        "othercomprehensiveincomelossnetoftax": 1937000,
        "comprehensiveincomenetoftax": 223275000
    },
    {
        "date": "2021-09-24",
        "symbol": "TSCO",
        "period": "Q3",
        "revenues": 3017926000,
        "costofgoodsandservicessold": 1932616000,
        "grossprofit": 1085310000,
        "sellinggeneralandadministrativeexpense": 718261000,
        "depreciationandamortization": 69824000,
        "operatingincomeloss": 297225000,
        "interestexpense": 6146000,
        "incomelossfromcontinuingoperationsbeforeincometaxesextraordinaryitemsnoncontrollinginterest": 291079000,
        "incometaxexpensebenefit": 66679000,
        "netincomeloss": 224400000,
        "earningspersharebasic": 1.96,
        "earningspersharediluted": 1.95,
        "weightedaveragenumberofsharesoutstandingbasic": 114223000,
        "weightedaveragenumberofdilutedsharesoutstanding": 115193000,
        "commonstockdividendspersharedeclared": 0.52,
        "othercomprehensiveincomelosscashflowhedgegainlossafterreclassificationandtax": 206000,
        "othercomprehensiveincomelossnetoftax": 206000,
        "comprehensiveincomenetoftax": 224606000
    },
    {
        "date": "2021-06-25",
        "symbol": "TSCO",
        "period": "Q2",
        "revenues": 3601559000,
        "costofgoodsandservicessold": 2314074000,
        "grossprofit": 1287485000,
        "sellinggeneralandadministrativeexpense": 736749000,
        "depreciationandamortization": 64853000,
        "operatingincomeloss": 485883000,
        "interestexpense": 6701000,
        "incomelossfromcontinuingoperationsbeforeincometaxesminorityinterestandincomelossfromequitymethodinvestments": 479182000,
        "incometaxexpensebenefit": 109160000,
        "netincomeloss": 370022000,
        "earningspersharebasic": 3.21,
        "earningspersharediluted": 3.19,
        "weightedaveragenumberofsharesoutstandingbasic": 115133000,
        "weightedaveragenumberofdilutedsharesoutstanding": 116091000,
        "commonstockdividendspersharedeclared": 0.52,
        "othercomprehensiveincomelossderivativesqualifyingashedgesnetoftax": 320000,
        "othercomprehensiveincomelossnetoftax": 320000,
        "comprehensiveincomenetoftax": 370342000
    },
    {
        "date": "2021-03-26",
        "symbol": "TSCO",
        "period": "Q1",
        "revenues": 2792336000,
        "costofgoodsandservicessold": 1808556000,
        "grossprofit": 983780000,
        "sellinggeneralandadministrativeexpense": 693190000,
        "depreciationandamortization": 60054000,
        "operatingincomeloss": 230536000,
        "interestexpense": 7221000,
        "incomelossfromcontinuingoperationsbeforeincometaxesminorityinterestandincomelossfromequitymethodinvestments": 223315000,
        "incometaxexpensebenefit": 41961000,
        "netincomeloss": 181354000,
        "earningspersharebasic": 1.56,
        "earningspersharediluted": 1.55,
        "weightedaveragenumberofsharesoutstandingbasic": 116153000,
        "weightedaveragenumberofdilutedsharesoutstanding": 117227000,
        "commonstockdividendspersharedeclared": 0.52,
        "othercomprehensiveincomelossderivativesqualifyingashedgesnetoftax": 2125000,
        "othercomprehensiveincomelossnetoftax": 2125000,
        "comprehensiveincomenetoftax": 183479000
    },
    {
        "date": "2020-12-25",
        "symbol": "TSCO",
        "period": "Q4",
        "revenues": 2878265000,
        "costofgoodsandservicessold": 1882735000,
        "grossprofit": 995530000,
        "sellinggeneralandadministrativeexpense": 683600000,
        "depreciationandamortization": 58490000,
        "operatingincomeloss": 184467000,
        "interestexpense": 8086000,
        "incomelossfromcontinuingoperationsbeforeincometaxesminorityinterestandincomelossfromequitymethodinvestments": 176381000,
        "incometaxexpensebenefit": 40488000,
        "netincomeloss": 135893000,
        "earningspersharebasic": 1.1600000000000008,
        "earningspersharediluted": 1.15,
        "weightedaveragenumberofsharesoutstandingbasic": -232619000,
        "weightedaveragenumberofdilutedsharesoutstanding": -234553000,
        "commonstockdividendspersharedeclared": 0.40000000000000013,
        "othercomprehensiveincomelossderivativesqualifyingashedgesnetoftax": 2624000,
        "othercomprehensiveincomelossnetoftax": 2624000,
        "comprehensiveincomenetoftax": 138517000
    },
    {
        "date": "2020-09-25",
        "symbol": "TSCO",
        "period": "Q3",
        "revenues": 2606572000,
        "costofgoodsandservicessold": 1658615000,
        "grossprofit": 947957000,
        "depreciationandamortization": 54651000,
        "sellinggeneralandadministrativeexpense": 641129000,
        "operatingincomeloss": 252177000,
        "interestexpense": 7208000,
        "incomelossfromcontinuingoperationsbeforeincometaxesminorityinterestandincomelossfromequitymethodinvestments": 244969000,
        "incometaxexpensebenefit": 54359000,
        "netincomeloss": 190610000,
        "earningspersharebasic": 1.64,
        "earningspersharediluted": 1.62,
        "weightedaveragenumberofsharesoutstandingbasic": 116339000,
        "weightedaveragenumberofdilutedsharesoutstanding": 117745000,
        "commonstockdividendspersharedeclared": 0.4,
        "othercomprehensiveincomelossderivativesqualifyingashedgesnetoftax": 468000,
        "othercomprehensiveincomelossnetoftax": 468000,
        "comprehensiveincomenetoftax": 191078000
    },
    {
        "date": "2020-06-26",
        "symbol": "TSCO",
        "period": "Q2",
        "revenues": 3176327000,
        "costofgoodsandservicessold": 2019514000,
        "grossprofit": 1156813000,
        "depreciationandamortization": 52547000,
        "sellinggeneralandadministrativeexpense": 656520000,
        "operatingincomeloss": 447746000,
        "interestexpense": 8438000,
        "incomelossfromcontinuingoperationsbeforeincometaxesminorityinterestandincomelossfromequitymethodinvestments": 439308000,
        "incometaxexpensebenefit": 100630000,
        "netincomeloss": 338678000,
        "earningspersharebasic": 2.92,
        "earningspersharediluted": 2.9,
        "weightedaveragenumberofsharesoutstandingbasic": 115912000,
        "weightedaveragenumberofdilutedsharesoutstanding": 116812000,
        "commonstockdividendspersharedeclared": 0.35,
        "othercomprehensiveincomelossderivativesqualifyingashedgesnetoftax": -1284000,
        "othercomprehensiveincomelossnetoftax": -1284000,
        "comprehensiveincomenetoftax": 337394000
    },
    {
        "date": "2020-03-27",
        "symbol": "TSCO",
        "period": "Q1",
        "revenues": 1959188000,
        "costofgoodsandservicessold": 1297939000,
        "grossprofit": 661249000,
        "depreciationandamortization": 51436000,
        "sellinggeneralandadministrativeexpense": 497275000,
        "operatingincomeloss": 112538000,
        "interestexpense": 5049000,
        "incomelossfromcontinuingoperationsbeforeincometaxesminorityinterestandincomelossfromequitymethodinvestments": 107489000,
        "incometaxexpensebenefit": 23712000,
        "netincomeloss": 83777000,
        "earningspersharebasic": 0.72,
        "earningspersharediluted": 0.71,
        "weightedaveragenumberofsharesoutstandingbasic": 116738000,
        "weightedaveragenumberofdilutedsharesoutstanding": 117432000,
        "commonstockdividendspersharedeclared": 0.35,
        "othercomprehensiveincomelossderivativesqualifyingashedgesnetoftax": -5250000,
        "othercomprehensiveincomelossnetoftax": -5250000,
        "comprehensiveincomenetoftax": 78527000
    },
    {
        "date": "2019-12-27",
        "symbol": "TSCO",
        "period": "Q4",
        "revenues": 2191785000,
        "costofgoodsandservicessold": 1449984000,
        "grossprofit": 741801000,
        "sellinggeneralandadministrativeexpense": 499969000,
        "depreciationandamortization": 51394000,
        "operatingincomeloss": 190438000,
        "interestexpense": 4837000,
        "incomelossfromcontinuingoperationsbeforeincometaxesminorityinterestandincomelossfromequitymethodinvestments": 185601000,
        "incometaxexpensebenefit": 41422000,
        "netincomeloss": 144179000,
        "earningspersharebasic": 1.2199999999999998,
        "earningspersharediluted": 1.21,
        "weightedaveragenumberofsharesoutstandingbasic": -240811000,
        "weightedaveragenumberofdilutedsharesoutstanding": -242975000,
        "commonstockdividendspersharedeclared": 0.35000000000000026,
        "othercomprehensiveincomelossderivativesqualifyingashedgesnetoftax": 126000,
        "othercomprehensiveincomelossnetoftax": -591000,
        "comprehensiveincomenetoftax": 144305000
    },
    {
        "date": "2019-09-27",
        "symbol": "TSCO",
        "period": "Q3",
        "netincomeloss": 122133000,
        "othercomprehensiveincomelossderivativesqualifyingashedgesnetoftax": -809000,
        "othercomprehensiveincomelossnetoftax": -809000,
        "comprehensiveincomenetoftax": 121324000,
        "revenues": 1984144000,
        "costofgoodsandservicessold": 1289904000,
        "grossprofit": 694240000,
        "sellinggeneralandadministrativeexpense": 482604000,
        "depreciationandamortization": 49819000,
        "operatingincomeloss": 161817000,
        "interestexpense": 4900000,
        "incomelossfromcontinuingoperationsbeforeincometaxesminorityinterestandincomelossfromequitymethodinvestments": 156917000,
        "incometaxexpensebenefit": 34784000,
        "earningspersharebasic": 1.03,
        "earningspersharediluted": 1.02,
        "weightedaveragenumberofsharesoutstandingbasic": 118956000,
        "weightedaveragenumberofdilutedsharesoutstanding": 120058000,
        "commonstockdividendspersharedeclared": 0.35
    },
    {
        "date": "2019-06-28",
        "symbol": "TSCO",
        "period": "Q2",
        "netincomeloss": 219210000,
        "othercomprehensiveincomelossderivativesqualifyingashedgesnetoftax": -2185000,
        "othercomprehensiveincomelossnetoftax": -2185000,
        "comprehensiveincomenetoftax": 217025000,
        "revenues": 2353782000,
        "costofgoodsandservicessold": 1533037000,
        "grossprofit": 820745000,
        "sellinggeneralandadministrativeexpense": 484190000,
        "depreciationandamortization": 48998000,
        "operatingincomeloss": 287557000,
        "interestexpense": 5176000,
        "incomelossfromcontinuingoperationsbeforeincometaxesminorityinterestandincomelossfromequitymethodinvestments": 282381000,
        "incometaxexpensebenefit": 63171000,
        "earningspersharebasic": 1.82,
        "earningspersharediluted": 1.8,
        "weightedaveragenumberofsharesoutstandingbasic": 120371000,
        "weightedaveragenumberofdilutedsharesoutstanding": 121508000,
        "commonstockdividendspersharedeclared": 0.35
    },
    {
        "date": "2019-03-29",
        "symbol": "TSCO",
        "period": "Q1",
        "netincomeloss": 76832000,
        "othercomprehensiveincomelossderivativesqualifyingashedgesnetoftax": -1464000,
        "othercomprehensiveincomelossnetoftax": -747000,
        "comprehensiveincomenetoftax": 75368000,
        "revenues": 1822220000,
        "costofgoodsandservicessold": 1207236000,
        "grossprofit": 614984000,
        "sellinggeneralandadministrativeexpense": 465809000,
        "depreciationandamortization": 45767000,
        "operatingincomeloss": 103408000,
        "interestexpense": 4930000,
        "incomelossfromcontinuingoperationsbeforeincometaxesminorityinterestandincomelossfromequitymethodinvestments": 98478000,
        "incometaxexpensebenefit": 21646000,
        "earningspersharebasic": 0.63,
        "earningspersharediluted": 0.63,
        "weightedaveragenumberofsharesoutstandingbasic": 121211000,
        "weightedaveragenumberofdilutedsharesoutstanding": 122152000,
        "commonstockdividendspersharedeclared": 0.31
    },
    {
        "date": "2018-12-28",
        "symbol": "TSCO",
        "period": "Q4",
        "netincomeloss": 136851000,
        "othercomprehensiveincomelossderivativesqualifyingashedgesnetoftax": -2155000,
        "othercomprehensiveincomelossnetoftax": -2155000,
        "comprehensiveincomenetoftax": 134696000,
        "salesrevenuegoodsnet": 2133271000,
        "costofgoodssold": 1416938000,
        "grossprofit": 716333000,
        "sellinggeneralandadministrativeexpense": 489983000,
        "depreciationandamortization": 45968000,
        "operatingincomeloss": 180382000,
        "interestexpense": 4446000,
        "incomelossfromcontinuingoperationsbeforeincometaxesminorityinterestandincomelossfromequitymethodinvestments": 175936000,
        "incometaxexpensebenefit": 39085000,
        "earningspersharebasic": 1.1099999999999999,
        "earningspersharediluted": 1.0999999999999996,
        "weightedaveragenumberofsharesoutstandingbasic": -245802000,
        "weightedaveragenumberofdilutedsharesoutstanding": -247239000,
        "commonstockdividendspersharedeclared": 0.30999999999999983
    },
    {
        "date": "2018-09-28",
        "symbol": "TSCO",
        "period": "Q3",
        "netincomeloss": 116784000,
        "othercomprehensiveincomelossderivativesqualifyingashedgesnetoftax": 227000,
        "othercomprehensiveincomelossnetoftax": 227000,
        "comprehensiveincomenetoftax": 117011000,
        "salesrevenuegoodsnet": 1881625000,
        "costofgoodssold": 1228493000,
        "grossprofit": 653132000,
        "sellinggeneralandadministrativeexpense": 454998000,
        "depreciationandamortization": 44986000,
        "operatingincomeloss": 153148000,
        "interestexpense": 4460000,
        "incomelossfromcontinuingoperationsbeforeincometaxesminorityinterestandincomelossfromequitymethodinvestments": 148688000,
        "incometaxexpensebenefit": 31904000,
        "earningspersharebasic": 0.96,
        "earningspersharediluted": 0.95,
        "weightedaveragenumberofsharesoutstandingbasic": 121876000,
        "weightedaveragenumberofdilutedsharesoutstanding": 122761000,
        "commonstockdividendspersharedeclared": 0.31
    },
    {
        "date": "2018-06-29",
        "symbol": "TSCO",
        "period": "Q2",
        "netincomeloss": 207289000,
        "othercomprehensiveincomelossderivativesqualifyingashedgesnetoftax": 552000,
        "othercomprehensiveincomelossnetoftax": 552000,
        "comprehensiveincomenetoftax": 207841000,
        "salesrevenuegoodsnet": 2213249000,
        "costofgoodssold": 1443835000,
        "grossprofit": 769414000,
        "sellinggeneralandadministrativeexpense": 452346000,
        "depreciationandamortization": 43610000,
        "operatingincomeloss": 273458000,
        "interestexpense": 4978000,
        "incomelossfromcontinuingoperationsbeforeincometaxesminorityinterestandincomelossfromequitymethodinvestments": 268480000,
        "incometaxexpensebenefit": 61191000,
        "earningspersharebasic": 1.7,
        "earningspersharediluted": 1.69,
        "weightedaveragenumberofsharesoutstandingbasic": 122100000,
        "weightedaveragenumberofdilutedsharesoutstanding": 122775000,
        "commonstockdividendspersharedeclared": 0.31
    },
    {
        "date": "2018-03-30",
        "symbol": "TSCO",
        "period": "Q1",
        "netincomeloss": 71433000,
        "othercomprehensiveincomelossderivativesqualifyingashedgesnetoftax": 1832000,
        "othercomprehensiveincomelossnetoftax": 1832000,
        "comprehensiveincomenetoftax": 73265000,
        "salesrevenuegoodsnet": 1682901000,
        "costofgoodssold": 1119252000,
        "grossprofit": 563649000,
        "sellinggeneralandadministrativeexpense": 426113000,
        "depreciationandamortization": 42787000,
        "operatingincomeloss": 94749000,
        "interestexpense": 4468000,
        "incomelossfromcontinuingoperationsbeforeincometaxesminorityinterestandincomelossfromequitymethodinvestments": 90281000,
        "incometaxexpensebenefit": 18848000,
        "earningspersharebasic": 0.57,
        "earningspersharediluted": 0.57,
        "weightedaveragenumberofsharesoutstandingbasic": 124477000,
        "weightedaveragenumberofdilutedsharesoutstanding": 125174000,
        "commonstockdividendspersharedeclared": 0.27
    },
    {
        "date": "2017-09-29",
        "symbol": "TSCO",
        "period": "Q3",
        "netincomeloss": 91896000,
        "othercomprehensiveincomelossderivativesqualifyingashedgesnetoftax": 36000,
        "othercomprehensiveincomelossnetoftax": 36000,
        "comprehensiveincomenetoftax": 91932000,
        "salesrevenuegoodsnet": 1721704000,
        "costofgoodssold": 1121248000,
        "grossprofit": 600456000,
        "sellinggeneralandadministrativeexpense": 410276000,
        "depreciationandamortization": 41927000,
        "operatingincomeloss": 148253000,
        "interestexpense": 3752000,
        "incomelossfromcontinuingoperationsbeforeincometaxesminorityinterestandincomelossfromequitymethodinvestments": 144501000,
        "incometaxexpensebenefit": 52605000,
        "earningspersharebasic": 0.73,
        "earningspersharediluted": 0.72,
        "weightedaveragenumberofsharesoutstandingbasic": 126416000,
        "weightedaveragenumberofdilutedsharesoutstanding": 126919000,
        "commonstockdividendspersharedeclared": 0.27
    },
    {
        "date": "2017-06-30",
        "symbol": "TSCO",
        "period": "Q2",
        "netincomeloss": 160649000,
        "othercomprehensiveincomelossderivativesqualifyingashedgesnetoftax": -152000,
        "othercomprehensiveincomelossnetoftax": -152000,
        "comprehensiveincomenetoftax": 160497000,
        "salesrevenuegoodsnet": 2017762000,
        "costofgoodssold": 1313054000,
        "grossprofit": 704708000,
        "sellinggeneralandadministrativeexpense": 405736000,
        "depreciationandamortization": 41047000,
        "operatingincomeloss": 257925000,
        "interestexpense": 3092000,
        "incomelossfromcontinuingoperationsbeforeincometaxesminorityinterestandincomelossfromequitymethodinvestments": 254833000,
        "incometaxexpensebenefit": 94184000,
        "earningspersharebasic": 1.25,
        "earningspersharediluted": 1.25,
        "weightedaveragenumberofsharesoutstandingbasic": 128186000,
        "weightedaveragenumberofdilutedsharesoutstanding": 128722000,
        "commonstockdividendspersharedeclared": 0.27
    },
    {
        "date": "2017-03-31",
        "symbol": "TSCO",
        "period": "Q1",
        "netincomeloss": 60311000,
        "othercomprehensiveincomelossderivativesqualifyingashedgesnetoftax": 281000,
        "othercomprehensiveincomelossnetoftax": 281000,
        "comprehensiveincomenetoftax": 60592000,
        "salesrevenuegoodsnet": 1564078000,
        "costofgoodssold": 1045875000,
        "grossprofit": 518203000,
        "sellinggeneralandadministrativeexpense": 382114000,
        "depreciationandamortization": 39727000,
        "operatingincomeloss": 96362000,
        "interestexpense": 2777000,
        "incomelossfromcontinuingoperationsbeforeincometaxesminorityinterestandincomelossfromequitymethodinvestments": 93585000,
        "incometaxexpensebenefit": 33274000,
        "earningspersharebasic": 0.46,
        "earningspersharediluted": 0.46,
        "weightedaveragenumberofsharesoutstandingbasic": 130276000,
        "weightedaveragenumberofdilutedsharesoutstanding": 131090000,
        "commonstockdividendspersharedeclared": 0.24
    },
    {
        "date": "2016-09-23",
        "symbol": "TSCO",
        "period": "Q3",
        "netincomeloss": 89444000,
        "othercomprehensiveincomelossderivativesqualifyingashedgesnetoftax": 251000,
        "othercomprehensiveincomelossnetoftax": 251000,
        "comprehensiveincomenetoftax": 89695000,
        "salesrevenuegoodsnet": 1542706000,
        "costofgoodssold": 1007432000,
        "grossprofit": 535274000,
        "sellinggeneralandadministrativeexpense": 357592000,
        "depreciationandamortization": 35662000,
        "operatingincomeloss": 142020000,
        "interestexpense": 1110000,
        "incomelossfromcontinuingoperationsbeforeincometaxesminorityinterestandincomelossfromequitymethodinvestments": 140910000,
        "incometaxexpensebenefit": 51466000,
        "earningspersharebasic": 0.67,
        "earningspersharediluted": 0.67,
        "weightedaveragenumberofsharesoutstandingbasic": 133392000,
        "weightedaveragenumberofdilutedsharesoutstanding": 134256000,
        "commonstockdividendspersharedeclared": 0.24
    },
    {
        "date": "2016-06-24",
        "symbol": "TSCO",
        "period": "Q2",
        "netincomeloss": 156425000,
        "othercomprehensiveincomelossderivativesqualifyingashedgesnetoftax": -1362000,
        "othercomprehensiveincomelossnetoftax": -1362000,
        "comprehensiveincomenetoftax": 155063000,
        "salesrevenuegoodsnet": 1852534000,
        "costofgoodssold": 1203312000,
        "grossprofit": 649222000,
        "sellinggeneralandadministrativeexpense": 365916000,
        "depreciationandamortization": 34057000,
        "operatingincomeloss": 249249000,
        "interestexpense": 1910000,
        "incomelossfromcontinuingoperationsbeforeincometaxesminorityinterestandincomelossfromequitymethodinvestments": 247339000,
        "incometaxexpensebenefit": 90914000,
        "earningspersharebasic": 1.17,
        "earningspersharediluted": 1.16,
        "weightedaveragenumberofsharesoutstandingbasic": 133564000,
        "weightedaveragenumberofdilutedsharesoutstanding": 134562000,
        "commonstockdividendspersharedeclared": 0.24
    },
    {
        "date": "2016-03-25",
        "symbol": "TSCO",
        "period": "Q1",
        "salesrevenuegoodsnet": 1467797000,
        "costofgoodssold": 973353000,
        "grossprofit": 494444000,
        "sellinggeneralandadministrativeexpense": 352672000,
        "depreciationandamortization": 33577000,
        "operatingincomeloss": 108195000,
        "interestexpense": 1125000,
        "incomelossfromcontinuingoperationsbeforeincometaxesminorityinterestandincomelossfromequitymethodinvestments": 107070000,
        "incometaxexpensebenefit": 39402000,
        "netincomeloss": 67668000,
        "earningspersharebasic": 0.51,
        "earningspersharediluted": 0.5,
        "weightedaveragenumberofsharesoutstandingbasic": 133630000,
        "weightedaveragenumberofdilutedsharesoutstanding": 134709000,
        "commonstockdividendspersharedeclared": 0.2
    },
    {
        "date": "2015-09-25",
        "symbol": "TSCO",
        "period": "Q3",
        "salesrevenuegoodsnet": 1475645000,
        "costofgoodssold": 963397000,
        "grossprofit": 512248000,
        "sellinggeneralandadministrativeexpense": 342891000,
        "depreciationandamortization": 30149000,
        "operatingincomeloss": 139208000,
        "interestexpense": 782000,
        "incomelossfromcontinuingoperationsbeforeincometaxesminorityinterestandincomelossfromequitymethodinvestments": 138426000,
        "incometaxexpensebenefit": 51114000,
        "netincomeloss": 87312000,
        "earningspersharebasic": 0.64,
        "earningspersharediluted": 0.64,
        "weightedaveragenumberofsharesoutstandingbasic": 135525000,
        "weightedaveragenumberofdilutedsharesoutstanding": 136741000,
        "commonstockdividendspersharedeclared": 0.2
    },
    {
        "date": "2015-06-26",
        "symbol": "TSCO",
        "period": "Q2",
        "salesrevenuegoodsnet": 1772900000,
        "costofgoodssold": 1147580000,
        "grossprofit": 625320000,
        "sellinggeneralandadministrativeexpense": 349842000,
        "depreciationandamortization": 30313000,
        "operatingincomeloss": 245165000,
        "interestexpense": 832000,
        "incomelossfromcontinuingoperationsbeforeincometaxesminorityinterestandincomelossfromequitymethodinvestments": 244333000,
        "incometaxexpensebenefit": 91002000,
        "netincomeloss": 153331000,
        "earningspersharebasic": 1.13,
        "earningspersharediluted": 1.12,
        "weightedaveragenumberofsharesoutstandingbasic": 136120000,
        "weightedaveragenumberofdilutedsharesoutstanding": 137400000,
        "commonstockdividendspersharedeclared": 0.2
    },
    {
        "date": "2015-03-27",
        "symbol": "TSCO",
        "period": "Q1",
        "salesrevenuegoodsnet": 1331352000,
        "costofgoodssold": 886747000,
        "grossprofit": 444605000,
        "sellinggeneralandadministrativeexpense": 321476000,
        "depreciationandamortization": 30282000,
        "operatingincomeloss": 92847000,
        "interestexpense": 866000,
        "incomelossfromcontinuingoperationsbeforeincometaxesminorityinterestandincomelossfromequitymethodinvestments": 91981000,
        "incometaxexpensebenefit": 33941000,
        "netincomeloss": 58040000,
        "earningspersharebasic": 0.43,
        "earningspersharediluted": 0.42,
        "weightedaveragenumberofsharesoutstandingbasic": 136347000,
        "weightedaveragenumberofdilutedsharesoutstanding": 137735000,
        "commonstockdividendspersharedeclared": 0.16
    },
    {
        "date": "2013-09-27",
        "symbol": "TSCO",
        "period": "Q3",
        "salesrevenuegoodsnet": 1208090000,
        "costofgoodssold": 792424000,
        "grossprofit": 415666000,
        "sellinggeneralandadministrativeexpense": 287859000,
        "depreciationandamortization": 26137000,
        "operatingincomeloss": 101670000,
        "interestexpense": 350000,
        "incomelossfromcontinuingoperationsbeforeincometaxesminorityinterestandincomelossfromequitymethodinvestments": 101320000,
        "incometaxexpensebenefit": 36553000,
        "netincomeloss": 64767000,
        "earningspersharebasic": 0.46,
        "earningspersharediluted": 0.46,
        "weightedaveragenumberofsharesoutstandingbasic": 139524000,
        "weightedaveragenumberofdilutedsharesoutstanding": 141726000,
        "commonstockdividendspersharedeclared": 0.13
    },
    {
        "date": "2013-06-28",
        "symbol": "TSCO",
        "period": "Q2",
        "salesrevenuegoodsnet": 1455767000,
        "costofgoodssold": 949627000,
        "grossprofit": 506140000,
        "sellinggeneralandadministrativeexpense": 283941000,
        "depreciationandamortization": 24220000,
        "operatingincomeloss": 197979000,
        "interestexpense": 556000,
        "incomelossfromcontinuingoperationsbeforeincometaxesminorityinterestandincomelossfromequitymethodinvestments": 197423000,
        "incometaxexpensebenefit": 73843000,
        "netincomeloss": 123580000,
        "earningspersharebasic": 1.77,
        "earningspersharediluted": 1.75,
        "weightedaveragenumberofsharesoutstandingbasic": 69672000,
        "weightedaveragenumberofdilutedsharesoutstanding": 70790000,
        "commonstockdividendspersharedeclared": 0.26
    },
    {
        "date": "2013-03-29",
        "symbol": "TSCO",
        "period": "Q1",
        "salesrevenuegoodsnet": 1085838000,
        "costofgoodssold": 733747000,
        "grossprofit": 352091000,
        "sellinggeneralandadministrativeexpense": 261469000,
        "depreciationandamortization": 22699000,
        "operatingincomeloss": 67923000,
        "interestexpense": 179000,
        "incomelossfromcontinuingoperationsbeforeincometaxesminorityinterestandincomelossfromequitymethodinvestments": 67744000,
        "incometaxexpensebenefit": 23738000,
        "netincomeloss": 44006000,
        "earningspersharebasic": 0.63,
        "earningspersharediluted": 0.62,
        "weightedaveragenumberofsharesoutstandingbasic": 69448000,
        "weightedaveragenumberofdilutedsharesoutstanding": 70805000,
        "commonstockdividendspersharedeclared": 0.2
    },
    {
        "date": "2012-09-28",
        "symbol": "TSCO",
        "period": "Q3",
        "salesrevenuegoodsnet": 1065638000,
        "costofgoodssold": 708467000,
        "grossprofit": 357171000,
        "sellinggeneralandadministrativeexpense": 257184000,
        "depreciationandamortization": 22208000,
        "operatingincomeloss": 77779000,
        "interestexpense": 241000,
        "incomelossfromcontinuingoperationsbeforeincometaxesminorityinterestandincomelossfromequitymethodinvestments": 77538000,
        "incometaxexpensebenefit": 27517000,
        "netincomeloss": 50021000,
        "earningspersharebasic": 0.71,
        "earningspersharediluted": 0.69,
        "weightedaveragenumberofsharesoutstandingbasic": 70741000,
        "weightedaveragenumberofdilutedsharesoutstanding": 72313000,
        "commonstockdividendspersharedeclared": 0.2
    },
    {
        "date": "2012-06-29",
        "symbol": "TSCO",
        "period": "Q2",
        "salesrevenuegoodsnet": 1291899000,
        "costofgoodssold": 840438000,
        "grossprofit": 451461000,
        "sellinggeneralandadministrativeexpense": 259184000,
        "depreciationandamortization": 22433000,
        "operatingincomeloss": 169844000,
        "interestexpense": 31000,
        "incomelossfromcontinuingoperationsbeforeincometaxesminorityinterestandincomelossfromequitymethodinvestments": 169813000,
        "incometaxexpensebenefit": 63192000,
        "netincomeloss": 106621000,
        "earningspersharebasic": 1.48,
        "earningspersharediluted": 1.45,
        "weightedaveragenumberofsharesoutstandingbasic": 71814000,
        "weightedaveragenumberofdilutedsharesoutstanding": 73488000,
        "commonstockdividendspersharedeclared": 0.2
    }
]