[
    {
        "date": "2024-09-28",
        "symbol": "TER",
        "period": "Q3",
        "revenues": 1011686000,
        "costofgoodsandservicessold": 414358000,
        "grossprofit": 436513000,
        "sellinggeneralandadministrativeexpense": 157649000,
        "researchanddevelopmentexpenseexcludingacquiredinprocesscost": 117474000,
        "amortizationofintangibleassets": 4739000,
        "restructuringsettlementandimpairmentprovisions": -3793000,
        "operatingexpenses": 284448000,
        "operatingincomeloss": 152065000,
        "investmentincomeinterest": 5076000,
        "interestexpense": 808000,
        "othernonoperatingincomeexpense": 2651000,
        "incometaxexpensebenefit": -31135000,
        "netincomeloss": 145649000,
        "earningspersharebasic": 0.8999999999999997,
        "earningspersharediluted": 0.8799999999999998,
        "weightedaveragenumberofsharesoutstandingbasic": 157951000,
        "weightedaveragenumberofdilutedsharesoutstanding": 163357000,
        "othercomprehensiveincomelossforeigncurrencytransactionandtranslationadjustmentnetoftax": 37838000,
        "othercomprehensiveincomeunrealizedholdinggainlossonsecuritiesarisingduringperiodnetoftax": 2507000,
        "othercomprehensiveincomelossreclassificationadjustmentfromaociforsaleofsecuritiesnetoftax": 6000,
        "othercomprehensiveincomelossavailableforsalesecuritiesadjustmentnetoftax": 2501000,
        "othercomprehensiveincomelossamortizationadjustmentfromaocipensionandotherpostretirementbenefitplansfornetpriorservicecostcreditnetoftax": -3000,
        "othercomprehensiveincomelossnetoftax": 40076000,
        "comprehensiveincomenetoftax": 185725000,
        "othercomprehensiveincomeunrealizedholdinggainlossonsecuritiesarisingduringperiodtax": 609000,
        "othercomprehensiveincomelossreclassificationadjustmentfromaociforsaleofsecuritiestax": -2000
    },
    {
        "date": "2024-06-29",
        "symbol": "TER",
        "period": "Q2",
        "revenues": 596877000,
        "costofgoodsandservicessold": 250236000,
        "grossprofit": 425844000,
        "sellinggeneralandadministrativeexpense": 154470000,
        "researchanddevelopmentexpenseexcludingacquiredinprocesscost": 111816000,
        "amortizationofintangibleassets": 4664000,
        "restructuringsettlementandimpairmentprovisions": 2013000,
        "operatingexpenses": 215477000,
        "operatingincomeloss": 210367000,
        "investmentincomeinterest": 6715000,
        "interestexpense": 1529000,
        "othernonoperatingincomeexpense": 3850000,
        "incomelossfromcontinuingoperationsbeforeincometaxesextraordinaryitemsnoncontrollinginterest": 219403000,
        "incometaxexpensebenefit": 33130000,
        "netincomeloss": 186273000,
        "earningspersharebasic": 1.1900000000000002,
        "earningspersharediluted": 1.1400000000000001,
        "weightedaveragenumberofsharesoutstandingbasic": 155426000,
        "weightedaveragenumberofdilutedsharesoutstanding": 162909000,
        "othercomprehensiveincomelossforeigncurrencytransactionandtranslationadjustmentnetoftax": -3630000,
        "othercomprehensiveincomeunrealizedholdinggainlossonsecuritiesarisingduringperiodnetoftax": -720000,
        "othercomprehensiveincomelossreclassificationadjustmentfromaociforsaleofsecuritiesnetoftax": 14000,
        "othercomprehensiveincomelossavailableforsalesecuritiesadjustmentnetoftax": -734000,
        "othercomprehensiveincomelosscashflowhedgegainlossbeforereclassificationaftertax": 0,
        "othercomprehensiveincomelosscashflowhedgegainlossreclassificationaftertax": 0,
        "othercomprehensiveincomelosscashflowhedgegainlossafterreclassificationandtaxparent": 0,
        "othercomprehensiveincomelossamortizationadjustmentfromaocipensionandotherpostretirementbenefitplansfornetpriorservicecostcreditnetoftax": -1000,
        "othercomprehensiveincomelossnetoftax": -4365000,
        "comprehensiveincomenetoftax": 181908000,
        "othercomprehensiveincomeunrealizedholdinggainlossonsecuritiesarisingduringperiodtax": -183000,
        "othercomprehensiveincomelossreclassificationadjustmentfromaociforsaleofsecuritiestax": -4000,
        "othercomprehensiveincomelosscashflowhedgegainlossafterreclassificationtax": 0,
        "othercomprehensiveincomelosscashflowhedgegainlossreclassificationtax": 0
    },
    {
        "date": "2024-03-30",
        "symbol": "TER",
        "period": "Q1",
        "revenues": 458433000,
        "costofgoodsandservicessold": 200763000,
        "grossprofit": 339282000,
        "sellinggeneralandadministrativeexpense": 149188000,
        "researchanddevelopmentexpenseexcludingacquiredinprocesscost": 103199000,
        "amortizationofintangibleassets": 4697000,
        "restructuringsettlementandimpairmentprovisions": 4427000,
        "operatingexpenses": 261511000,
        "operatingincomeloss": 77771000,
        "investmentincomeinterest": 7867000,
        "interestexpense": 661000,
        "othernonoperatingincomeexpense": -12075000,
        "incomelossfromcontinuingoperationsbeforeincometaxesextraordinaryitemsnoncontrollinginterest": 72902000,
        "incometaxexpensebenefit": 8705000,
        "netincomeloss": 64197000,
        "earningspersharebasic": 0.42,
        "earningspersharediluted": 0.4,
        "weightedaveragenumberofsharesoutstandingbasic": 153047000,
        "weightedaveragenumberofdilutedsharesoutstanding": 162348000,
        "othercomprehensiveincomelossforeigncurrencytransactionandtranslationadjustmentnetoftax": -11457000,
        "othercomprehensiveincomeunrealizedholdinggainlossonsecuritiesarisingduringperiodnetoftax": -902000,
        "othercomprehensiveincomelossreclassificationadjustmentfromaociforsaleofsecuritiesnetoftax": -106000,
        "othercomprehensiveincomelossavailableforsalesecuritiesadjustmentnetoftax": -796000,
        "othercomprehensiveincomelosscashflowhedgegainlossbeforereclassificationaftertax": 1274000,
        "othercomprehensiveincomelosscashflowhedgegainlossreclassificationaftertax": 1780000,
        "othercomprehensiveincomelosscashflowhedgegainlossafterreclassificationandtaxparent": -506000,
        "othercomprehensiveincomelossamortizationadjustmentfromaocipensionandotherpostretirementbenefitplansfornetpriorservicecostcreditnetoftax": -2000,
        "othercomprehensiveincomelossnetoftax": -12761000,
        "comprehensiveincomenetoftax": 51436000,
        "othercomprehensiveincomeunrealizedholdinggainlossonsecuritiesarisingduringperiodtax": -221000,
        "othercomprehensiveincomelossreclassificationadjustmentfromaociforsaleofsecuritiestax": 30000,
        "othercomprehensiveincomelosscashflowhedgegainlossafterreclassificationtax": 358000,
        "othercomprehensiveincomelosscashflowhedgegainlossreclassificationtax": -500000
    },
    {
        "date": "2023-12-30",
        "symbol": "TER",
        "period": "Q4",
        "revenues": 530510000,
        "costofgoodsandservicessold": 227390000,
        "grossprofit": 379544000,
        "sellinggeneralandadministrativeexpense": 142336000,
        "researchanddevelopmentexpenseexcludingacquiredinprocesscost": 102208000,
        "amortizationofintangibleassets": 4651000,
        "restructuringsettlementandimpairmentprovisions": 6026000,
        "operatingexpenses": 255221000,
        "operatingincomeloss": 124323000,
        "investmentincomeinterest": 8862000,
        "interestexpense": 812000,
        "othernonoperatingincomeexpense": 7432000,
        "incomelossfromcontinuingoperationsbeforeincometaxesextraordinaryitemsnoncontrollinginterest": 139805000,
        "incometaxexpensebenefit": 22751000,
        "netincomeloss": 117054000,
        "earningspersharebasic": 0.77,
        "earningspersharediluted": 0.7200000000000002,
        "weightedaveragenumberofsharesoutstandingbasic": 154310000,
        "weightedaveragenumberofdilutedsharesoutstanding": 164304000,
        "othercomprehensiveincomelossforeigncurrencytransactionandtranslationadjustmentnetoftax": 19480000,
        "othercomprehensiveincomeunrealizedholdinggainlossonsecuritiesarisingduringperiodnetoftax": 3326000,
        "othercomprehensiveincomelossavailableforsalesecuritiesadjustmentnetoftax": 3337000,
        "othercomprehensiveincomelosscashflowhedgegainlossbeforereclassificationaftertax": -992000,
        "othercomprehensiveincomelosscashflowhedgegainlossreclassificationaftertax": 874000,
        "othercomprehensiveincomelosscashflowhedgegainlossafterreclassificationandtaxparent": -1866000,
        "othercomprehensiveincomelossamortizationadjustmentfromaocipensionandotherpostretirementbenefitplansfornetpriorservicecostcreditnetoftax": -1000,
        "othercomprehensiveincomelossnetoftax": 20950000,
        "comprehensiveincomenetoftax": 138004000,
        "othercomprehensiveincomeunrealizedholdinggainlossonsecuritiesarisingduringperiodtax": 976000,
        "othercomprehensiveincomelossreclassificationadjustmentfromaociforsaleofsecuritiestax": 3000,
        "othercomprehensiveincomelosscashflowhedgegainlossafterreclassificationtax": -279000,
        "othercomprehensiveincomelosscashflowhedgegainlossreclassificationtax": 245000
    },
    {
        "date": "2023-09-30",
        "symbol": "TER",
        "period": "Q3",
        "revenues": 1404928000,
        "costofgoodsandservicessold": 112448000,
        "grossprofit": 398292000,
        "sellinggeneralandadministrativeexpense": 138329000,
        "researchanddevelopmentexpenseexcludingacquiredinprocesscost": 104413000,
        "amortizationofintangibleassets": 4721000,
        "restructuringsettlementandimpairmentprovisions": 14127000,
        "operatingexpenses": 254319000,
        "operatingincomeloss": 143973000,
        "investmentincomeinterest": 6873000,
        "interestexpense": 963000,
        "othernonoperatingincomeexpense": -5602000,
        "incomelossfromcontinuingoperationsbeforeincometaxesextraordinaryitemsnoncontrollinginterest": 389861000,
        "incometaxexpensebenefit": 16164000,
        "netincomeloss": 128117000,
        "earningspersharebasic": 0.8300000000000001,
        "earningspersharediluted": 0.7799999999999998,
        "weightedaveragenumberofsharesoutstandingbasic": -155177191,
        "weightedaveragenumberofdilutedsharesoutstanding": -165364963,
        "othercomprehensiveincomelossforeigncurrencytransactionandtranslationadjustmentnetoftax": -14323000,
        "othercomprehensiveincomeunrealizedholdinggainlossonsecuritiesarisingduringperiodnetoftax": -2629000,
        "othercomprehensiveincomelossreclassificationadjustmentfromaociforsaleofsecuritiesnetoftax": 0,
        "othercomprehensiveincomelossavailableforsalesecuritiesadjustmentnetoftax": -2629000,
        "othercomprehensiveincomelosscashflowhedgegainlossbeforereclassificationaftertax": 2756000,
        "othercomprehensiveincomelosscashflowhedgegainlossreclassificationaftertax": 3091000,
        "othercomprehensiveincomelosscashflowhedgegainlossafterreclassificationandtaxparent": -501000,
        "othercomprehensiveincomelossamortizationadjustmentfromaocipensionandotherpostretirementbenefitplansfornetpriorservicecostcreditnetoftax": -3000,
        "othercomprehensiveincomelossnetoftax": 1943000,
        "comprehensiveincomenetoftax": 110661000,
        "othercomprehensiveincomeunrealizedholdinggainlossonsecuritiesarisingduringperiodtax": -731000,
        "othercomprehensiveincomelossreclassificationadjustmentfromaociforsaleofsecuritiestax": -1000,
        "othercomprehensiveincomelosscashflowhedgegainlossafterreclassificationtax": 728000,
        "othercomprehensiveincomelosscashflowhedgegainlossreclassificationtax": 13000
    },
    {
        "date": "2023-07-01",
        "symbol": "TER",
        "period": "Q2",
        "revenues": 71634000,
        "costofgoodsandservicessold": 281945000,
        "grossprofit": 402492000,
        "sellinggeneralandadministrativeexpense": 145695000,
        "researchanddevelopmentexpenseexcludingacquiredinprocesscost": 105706000,
        "amortizationofintangibleassets": 4825000,
        "restructuringsettlementandimpairmentprovisions": 465000,
        "operatingexpenses": 262584000,
        "operatingincomeloss": 139908000,
        "investmentincomeinterest": 6355000,
        "interestexpense": 1044000,
        "othernonoperatingincomeexpense": -817000,
        "incomelossfromcontinuingoperationsbeforeincometaxesextraordinaryitemsnoncontrollinginterest": 1144000,
        "incometaxexpensebenefit": 24352000,
        "netincomeloss": 120050000,
        "earningspersharebasic": 0.77,
        "earningspersharediluted": 0.73,
        "weightedaveragenumberofsharesoutstandingbasic": -572000,
        "weightedaveragenumberofdilutedsharesoutstanding": -778000,
        "othercomprehensiveincomelossforeigncurrencytransactionandtranslationadjustmentnetoftax": 2941000,
        "othercomprehensiveincomeunrealizedholdinggainlossonsecuritiesarisingduringperiodnetoftax": -568000,
        "othercomprehensiveincomelossreclassificationadjustmentfromaociforsaleofsecuritiesnetoftax": -28000,
        "othercomprehensiveincomelossavailableforsalesecuritiesadjustmentnetoftax": -540000,
        "othercomprehensiveincomelosscashflowhedgegainlossbeforereclassificationaftertax": 2800000,
        "othercomprehensiveincomelosscashflowhedgegainlossreclassificationaftertax": -324000,
        "othercomprehensiveincomelosscashflowhedgegainlossafterreclassificationandtaxparent": 3594000,
        "othercomprehensiveincomelossamortizationadjustmentfromaocipensionandotherpostretirementbenefitplansfornetpriorservicecostcreditnetoftax": -1000,
        "othercomprehensiveincomelossnetoftax": -1000,
        "comprehensiveincomenetoftax": 126044000,
        "othercomprehensiveincomeunrealizedholdinggainlossonsecuritiesarisingduringperiodtax": -180000,
        "othercomprehensiveincomelossreclassificationadjustmentfromaociforsaleofsecuritiestax": 8000,
        "othercomprehensiveincomelosscashflowhedgegainlossafterreclassificationtax": 921000,
        "othercomprehensiveincomelosscashflowhedgegainlossreclassificationtax": 90000
    },
    {
        "date": "2023-04-01",
        "symbol": "TER",
        "period": "Q1",
        "revenues": 89214000,
        "costofgoodsandservicessold": 261109000,
        "grossprofit": 356420000,
        "sellinggeneralandadministrativeexpense": 150955000,
        "researchanddevelopmentexpenseexcludingacquiredinprocesscost": 105762000,
        "amortizationofintangibleassets": 4802000,
        "restructuringsettlementandimpairmentprovisions": 659000,
        "operatingexpenses": 263556000,
        "operatingincomeloss": 92864000,
        "investmentincomeinterest": 5258000,
        "interestexpense": 987000,
        "othernonoperatingincomeexpense": -51000,
        "incomelossfromcontinuingoperationsbeforeincometaxesextraordinaryitemsnoncontrollinginterest": -5238000,
        "incometaxexpensebenefit": 13553000,
        "netincomeloss": 83531000,
        "earningspersharebasic": 0.54,
        "earningspersharediluted": 0.5,
        "weightedaveragenumberofsharesoutstandingbasic": 155904000,
        "weightedaveragenumberofdilutedsharesoutstanding": 166308000,
        "othercomprehensiveincomelossforeigncurrencytransactionandtranslationadjustmentnetoftax": 9309000,
        "othercomprehensiveincomeunrealizedholdinggainlossonsecuritiesarisingduringperiodnetoftax": 2294000,
        "othercomprehensiveincomelossreclassificationadjustmentfromaociforsaleofsecuritiesnetoftax": -5000,
        "othercomprehensiveincomelossavailableforsalesecuritiesadjustmentnetoftax": 2299000,
        "othercomprehensiveincomelosscashflowhedgegainlossbeforereclassificationaftertax": 900000,
        "othercomprehensiveincomelosscashflowhedgegainlossreclassificationaftertax": -1200000,
        "othercomprehensiveincomelosscashflowhedgegainlossafterreclassificationandtaxparent": 1796000,
        "othercomprehensiveincomelossamortizationadjustmentfromaocipensionandotherpostretirementbenefitplansfornetpriorservicecostcreditnetoftax": -2000,
        "othercomprehensiveincomelossnetoftax": -2000,
        "comprehensiveincomenetoftax": 96933000,
        "othercomprehensiveincomeunrealizedholdinggainlossonsecuritiesarisingduringperiodtax": 503000,
        "othercomprehensiveincomelossreclassificationadjustmentfromaociforsaleofsecuritiestax": 2000,
        "othercomprehensiveincomelosscashflowhedgegainlossafterreclassificationtax": 167000,
        "othercomprehensiveincomelosscashflowhedgegainlossreclassificationtax": 338000
    },
    {
        "date": "2022-12-30",
        "symbol": "TER",
        "period": "Q4",
        "revenues": -205186000,
        "costofgoodsandservicessold": 311386000,
        "grossprofit": 420450000,
        "sellinggeneralandadministrativeexpense": 142752000,
        "researchanddevelopmentexpenseexcludingacquiredinprocesscost": 108810000,
        "amortizationofintangibleassets": 4670000,
        "restructuringsettlementandimpairmentprovisions": 499000,
        "operatingexpenses": 253863000,
        "operatingincomeloss": 166587000,
        "investmentincomeinterest": 3407000,
        "interestexpense": 1015000,
        "othernonoperatingincomeexpense": 26258000,
        "incomelossfromcontinuingoperationsbeforeincometaxesextraordinaryitemsnoncontrollinginterest": 30135000,
        "incometaxexpensebenefit": 22936000,
        "netincomeloss": 172301000,
        "earningspersharebasic": 1.1099999999999994,
        "earningspersharediluted": 1.0499999999999998,
        "weightedaveragenumberofsharesoutstandingbasic": -891000,
        "weightedaveragenumberofdilutedsharesoutstanding": -1422000,
        "othercomprehensiveincomelossforeigncurrencytransactionandtranslationadjustmentnetoftax": 37227000,
        "othercomprehensiveincomeunrealizedholdinggainlossonsecuritiesarisingduringperiodnetoftax": 825000,
        "othercomprehensiveincomelossreclassificationadjustmentfromaociforsaleofsecuritiesnetoftax": 85000,
        "othercomprehensiveincomelossavailableforsalesecuritiesadjustmentnetoftax": 740000,
        "othercomprehensiveincomelossamortizationadjustmentfromaocipensionandotherpostretirementbenefitplansfornetpriorservicecostcreditnetoftax": -2000,
        "othercomprehensiveincomelossnetoftax": -2000,
        "comprehensiveincomenetoftax": 207212000,
        "othercomprehensiveincomeunrealizedholdinggainlossonsecuritiesarisingduringperiodtax": -6958000,
        "othercomprehensiveincomelossreclassificationadjustmentfromaociforsaleofsecuritiestax": -23000
    },
    {
        "date": "2022-10-01",
        "symbol": "TER",
        "period": "Q3",
        "revenues": 293311000,
        "costofgoodsandservicessold": 341694000,
        "grossprofit": 485379000,
        "sellinggeneralandadministrativeexpense": 135633000,
        "researchanddevelopmentexpenseexcludingacquiredinprocesscost": 111714000,
        "amortizationofintangibleassets": 4729000,
        "restructuringsettlementandimpairmentprovisions": -16142000,
        "operatingexpenses": 253872000,
        "operatingincomeloss": 231507000,
        "investmentincomeinterest": 1319000,
        "interestexpense": 779000,
        "othernonoperatingincomeexpense": -5850000,
        "incomelossfromcontinuingoperationsbeforeincometaxesextraordinaryitemsnoncontrollinginterest": -5284000,
        "incometaxexpensebenefit": 42712000,
        "netincomeloss": 183485000,
        "earningspersharebasic": 1.17,
        "earningspersharediluted": 1.1,
        "weightedaveragenumberofsharesoutstandingbasic": -1480000,
        "weightedaveragenumberofdilutedsharesoutstanding": -2211000,
        "othercomprehensiveincomelossforeigncurrencytransactionandtranslationadjustmentnetoftax": -28951000,
        "othercomprehensiveincomeunrealizedholdinggainlossonsecuritiesarisingduringperiodnetoftax": -3581000,
        "othercomprehensiveincomelossreclassificationadjustmentfromaociforsaleofsecuritiesnetoftax": -177000,
        "othercomprehensiveincomelossavailableforsalesecuritiesadjustmentnetoftax": -3404000,
        "othercomprehensiveincomelossamortizationadjustmentfromaocipensionandotherpostretirementbenefitplansfornetpriorservicecostcreditnetoftax": -2000,
        "othercomprehensiveincomelossnetoftax": -2000,
        "comprehensiveincomenetoftax": 151665000,
        "othercomprehensiveincomeunrealizedholdinggainlossonsecuritiesarisingduringperiodtax": 997000,
        "othercomprehensiveincomelossreclassificationadjustmentfromaociforsaleofsecuritiestax": -11000
    },
    {
        "date": "2022-07-02",
        "symbol": "TER",
        "period": "Q2",
        "revenues": -193000,
        "costofgoodsandservicessold": 334377000,
        "grossprofit": 506389000,
        "sellinggeneralandadministrativeexpense": 139533000,
        "researchanddevelopmentexpenseexcludingacquiredinprocesscost": 111951000,
        "amortizationofintangibleassets": 4871000,
        "restructuringsettlementandimpairmentprovisions": 2044000,
        "operatingexpenses": 258399000,
        "operatingincomeloss": 247990000,
        "investmentincomeinterest": 950000,
        "interestexpense": 913000,
        "othernonoperatingincomeexpense": -9435000,
        "incomelossfromcontinuingoperationsbeforeincometaxesextraordinaryitemsnoncontrollinginterest": -12220000,
        "incometaxexpensebenefit": 40805000,
        "netincomeloss": 197787000,
        "earningspersharebasic": 1.2400000000000002,
        "earningspersharediluted": 1.15,
        "weightedaveragenumberofsharesoutstandingbasic": -1243000,
        "weightedaveragenumberofdilutedsharesoutstanding": -2208000,
        "othercomprehensiveincomelossforeigncurrencytransactionandtranslationadjustmentnetoftax": -29231000,
        "othercomprehensiveincomeunrealizedholdinggainlossonsecuritiesarisingduringperiodnetoftax": -4522000,
        "othercomprehensiveincomelossreclassificationadjustmentfromaociforsaleofsecuritiesnetoftax": -274000,
        "othercomprehensiveincomelossavailableforsalesecuritiesadjustmentnetoftax": -4248000,
        "othercomprehensiveincomelossamortizationadjustmentfromaocipensionandotherpostretirementbenefitplansfornetpriorservicecostcreditnetoftax": -1000,
        "othercomprehensiveincomelossnetoftax": -1000,
        "comprehensiveincomenetoftax": 164307000,
        "othercomprehensiveincomeunrealizedholdinggainlossonsecuritiesarisingduringperiodtax": 3906000,
        "othercomprehensiveincomelossreclassificationadjustmentfromaociforsaleofsecuritiestax": 77000
    },
    {
        "date": "2022-04-02",
        "symbol": "TER",
        "period": "Q1",
        "revenues": 625875000,
        "costofgoodsandservicessold": 243016000,
        "grossprofit": 454933000,
        "sellinggeneralandadministrativeexpense": 140185000,
        "researchanddevelopmentexpenseexcludingacquiredinprocesscost": 108116000,
        "amortizationofintangibleassets": 5063000,
        "restructuringsettlementandimpairmentprovisions": 15714000,
        "operatingexpenses": 269078000,
        "operatingincomeloss": 185855000,
        "investmentincomeinterest": 703000,
        "interestexpense": 1012000,
        "othernonoperatingincomeexpense": -5187000,
        "incomelossfromcontinuingoperationsbeforeincometaxesextraordinaryitemsnoncontrollinginterest": 180359000,
        "incometaxexpensebenefit": 18431000,
        "netincomeloss": 161928000,
        "earningspersharebasic": 1,
        "earningspersharediluted": 0.92,
        "weightedaveragenumberofsharesoutstandingbasic": 162048000,
        "weightedaveragenumberofdilutedsharesoutstanding": 175575000,
        "othercomprehensiveincomelossforeigncurrencytransactionandtranslationadjustmentnetoftax": -8076000,
        "othercomprehensiveincomeunrealizedholdinggainlossonsecuritiesarisingduringperiodnetoftax": -5388000,
        "othercomprehensiveincomelossreclassificationadjustmentfromaociforsaleofsecuritiesnetoftax": 65000,
        "othercomprehensiveincomelossavailableforsalesecuritiesadjustmentnetoftax": -5453000,
        "othercomprehensiveincomelossamortizationadjustmentfromaocipensionandotherpostretirementbenefitplansfornetpriorservicecostcreditnetoftax": -2000,
        "othercomprehensiveincomelossnetoftax": -13531000,
        "comprehensiveincomenetoftax": 148397000,
        "othercomprehensiveincomeunrealizedholdinggainlossonsecuritiesarisingduringperiodtax": -1333000,
        "othercomprehensiveincomelossreclassificationadjustmentfromaociforsaleofsecuritiestax": -18000
    },
    {
        "date": "2021-12-30",
        "symbol": "TER",
        "period": "Q4",
        "revenues": 758674000,
        "costofgoodsandservicessold": 310247000,
        "grossprofit": 527048000,
        "sellinggeneralandadministrativeexpense": 142747000,
        "researchanddevelopmentexpenseexcludingacquiredinprocesscost": 109965000,
        "amortizationofintangibleassets": 5163000,
        "restructuringsettlementandimpairmentprovisions": 12738000,
        "operatingexpenses": 270613000,
        "operatingincomeloss": 256435000,
        "investmentincomeinterest": 561000,
        "interestexpense": 2466000,
        "othernonoperatingincomeexpense": 651000,
        "incomelossfromcontinuingoperationsbeforeincometaxesextraordinaryitemsnoncontrollinginterest": 255181000,
        "incometaxexpensebenefit": 31141000,
        "netincomeloss": 224040000,
        "earningspersharebasic": 1.3800000000000008,
        "earningspersharediluted": 1.2700000000000002,
        "weightedaveragenumberofsharesoutstandingbasic": -730000,
        "weightedaveragenumberofdilutedsharesoutstanding": -1867000,
        "othercomprehensiveincomelossforeigncurrencytransactionandtranslationadjustmentnetoftax": -9535000,
        "othercomprehensiveincomeunrealizedholdinggainlossonsecuritiesarisingduringperiodnetoftax": -303000,
        "othercomprehensiveincomelossreclassificationadjustmentfromaociforsaleofsecuritiesnetoftax": 325000,
        "othercomprehensiveincomelossavailableforsalesecuritiesadjustmentnetoftax": -628000,
        "othercomprehensiveincomelossamortizationadjustmentfromaocipensionandotherpostretirementbenefitplansfornetpriorservicecostcreditnetoftax": -2000,
        "othercomprehensiveincomelossnetoftax": -10165000,
        "comprehensiveincomenetoftax": 213875000,
        "othercomprehensiveincomeunrealizedholdinggainlossonsecuritiesarisingduringperiodtax": -62000,
        "othercomprehensiveincomelossreclassificationadjustmentfromaociforsaleofsecuritiestax": -91000
    },
    {
        "date": "2021-10-02",
        "symbol": "TER",
        "period": "Q3",
        "revenues": 825448000,
        "costofgoodsandservicessold": 333230000,
        "grossprofit": 571001000,
        "sellinggeneralandadministrativeexpense": 134828000,
        "researchanddevelopmentexpenseexcludingacquiredinprocesscost": 107221000,
        "amortizationofintangibleassets": 5355000,
        "restructuringsettlementandimpairmentprovisions": 1197000,
        "operatingexpenses": 248601000,
        "operatingincomeloss": 322400000,
        "investmentincomeinterest": 625000,
        "interestexpense": 3785000,
        "othernonoperatingincomeexpense": -21485000,
        "incomelossfromcontinuingoperationsbeforeincometaxesextraordinaryitemsnoncontrollinginterest": 297755000,
        "incometaxexpensebenefit": 41037000,
        "netincomeloss": 256718000,
        "earningspersharebasic": 1.5599999999999996,
        "earningspersharediluted": 1.41,
        "weightedaveragenumberofsharesoutstandingbasic": -553000,
        "weightedaveragenumberofdilutedsharesoutstanding": -1753000,
        "othercomprehensiveincomelossforeigncurrencytransactionandtranslationadjustmentnetoftax": -10698000,
        "othercomprehensiveincomeunrealizedholdinggainlossonsecuritiesarisingduringperiodnetoftax": -176000,
        "othercomprehensiveincomelossreclassificationadjustmentfromaociforsaleofsecuritiesnetoftax": 229000,
        "othercomprehensiveincomelossavailableforsalesecuritiesadjustmentnetoftax": -405000,
        "othercomprehensiveincomelossamortizationadjustmentfromaocipensionandotherpostretirementbenefitplansfornetpriorservicecostcreditnetoftax": -2000,
        "othercomprehensiveincomelossnetoftax": -11105000,
        "comprehensiveincomenetoftax": 245613000,
        "othercomprehensiveincomeunrealizedholdinggainlossonsecuritiesarisingduringperiodtax": -44000,
        "othercomprehensiveincomelossreclassificationadjustmentfromaociforsaleofsecuritiestax": -65000
    },
    {
        "date": "2021-07-03",
        "symbol": "TER",
        "period": "Q2",
        "revenues": 951945000,
        "costofgoodsandservicessold": 388845000,
        "grossprofit": 646989000,
        "sellinggeneralandadministrativeexpense": 140187000,
        "researchanddevelopmentexpenseexcludingacquiredinprocesscost": 110021000,
        "amortizationofintangibleassets": 5402000,
        "restructuringsettlementandimpairmentprovisions": 2507000,
        "operatingexpenses": 258117000,
        "operatingincomeloss": 388872000,
        "investmentincomeinterest": 633000,
        "interestexpense": 5565000,
        "othernonoperatingincomeexpense": 86000,
        "incomelossfromcontinuingoperationsbeforeincometaxesextraordinaryitemsnoncontrollinginterest": 384026000,
        "incometaxexpensebenefit": 55707000,
        "netincomeloss": 328319000,
        "earningspersharebasic": 1.98,
        "earningspersharediluted": 1.76,
        "weightedaveragenumberofsharesoutstandingbasic": -248000,
        "weightedaveragenumberofdilutedsharesoutstanding": -495000,
        "commonstockdividendspersharecashpaid": 0.1,
        "othercomprehensiveincomelossforeigncurrencytransactionandtranslationadjustmentnetoftax": 5149000,
        "othercomprehensiveincomeunrealizedholdinggainlossonsecuritiesarisingduringperiodnetoftax": 1494000,
        "othercomprehensiveincomelossreclassificationadjustmentfromaociforsaleofsecuritiesnetoftax": -3000,
        "othercomprehensiveincomelossavailableforsalesecuritiesadjustmentnetoftax": 1497000,
        "othercomprehensiveincomelossamortizationadjustmentfromaocipensionandotherpostretirementbenefitplansfornetpriorservicecostcreditnetoftax": -1000,
        "othercomprehensiveincomelossnetoftax": 6645000,
        "comprehensiveincomenetoftax": 334964000,
        "othercomprehensiveincomeunrealizedholdinggainlossonsecuritiesarisingduringperiodtax": -1380000,
        "othercomprehensiveincomelossreclassificationadjustmentfromaociforsaleofsecuritiestax": -244000
    },
    {
        "date": "2021-04-03",
        "symbol": "TER",
        "period": "Q1",
        "revenues": 660508000,
        "costofgoodsandservicessold": 267784000,
        "grossprofit": 461618000,
        "sellinggeneralandadministrativeexpense": 129797000,
        "researchanddevelopmentexpenseexcludingacquiredinprocesscost": 100402000,
        "amortizationofintangibleassets": 5536000,
        "restructuringsettlementandimpairmentprovisions": -7130000,
        "operatingexpenses": 228605000,
        "operatingincomeloss": 233013000,
        "investmentincomeinterest": 808000,
        "interestexpense": 6004000,
        "othernonoperatingincomeexpense": -3824000,
        "incomelossfromcontinuingoperationsbeforeincometaxesextraordinaryitemsnoncontrollinginterest": 223993000,
        "incometaxexpensebenefit": 18481000,
        "netincomeloss": 205512000,
        "earningspersharebasic": 1.23,
        "earningspersharediluted": 1.09,
        "weightedaveragenumberofsharesoutstandingbasic": 166491000,
        "weightedaveragenumberofdilutedsharesoutstanding": 187740000,
        "commonstockdividendspersharecashpaid": 0.1,
        "othercomprehensiveincomelossforeigncurrencytransactionandtranslationadjustmentnetoftax": -21123000,
        "othercomprehensiveincomeunrealizedholdinggainlossonsecuritiesarisingduringperiodnetoftax": -3270000,
        "othercomprehensiveincomelossreclassificationadjustmentfromaociforsaleofsecuritiesnetoftax": 444000,
        "othercomprehensiveincomelossavailableforsalesecuritiesadjustmentnetoftax": -3714000,
        "othercomprehensiveincomelossamortizationadjustmentfromaocipensionandotherpostretirementbenefitplansfornetpriorservicecostcreditnetoftax": -2000,
        "othercomprehensiveincomelossnetoftax": -24839000,
        "comprehensiveincomenetoftax": 180673000,
        "othercomprehensiveincomeunrealizedholdinggainlossonsecuritiesarisingduringperiodtax": 908000,
        "othercomprehensiveincomelossreclassificationadjustmentfromaociforsaleofsecuritiestax": 123000
    },
    {
        "date": "2020-12-30",
        "symbol": "TER",
        "period": "Q4",
        "revenues": 647625000,
        "costofgoodsandservicessold": 274574000,
        "grossprofit": 449790000,
        "sellinggeneralandadministrativeexpense": 124281000,
        "researchanddevelopmentexpenseexcludingacquiredinprocesscost": 100794000,
        "amortizationofintangibleassets": 5751000,
        "restructuringsettlementandimpairmentprovisions": -15117000,
        "operatingexpenses": 215709000,
        "operatingincomeloss": 234081000,
        "investmentincomeinterest": 793000,
        "interestexpense": 6351000,
        "othernonoperatingincomeexpense": -5597000,
        "incomelossfromcontinuingoperationsbeforeincometaxesextraordinaryitemsnoncontrollinginterest": 222926000,
        "incometaxexpensebenefit": 26594000,
        "netincomeloss": 196332000,
        "earningspersharebasic": 1.1799999999999997,
        "earningspersharediluted": 1.0500000000000005,
        "weightedaveragenumberofsharesoutstandingbasic": -11000,
        "weightedaveragenumberofdilutedsharesoutstanding": 1265000,
        "othercomprehensiveincomelossforeigncurrencytransactionandtranslationadjustmentnetoftax": 24772000,
        "othercomprehensiveincomeunrealizedholdinggainlossonsecuritiesarisingduringperiodnetoftax": 674000,
        "othercomprehensiveincomelossreclassificationadjustmentfromaociforsaleofsecuritiesnetoftax": 177000,
        "othercomprehensiveincomelossavailableforsalesecuritiesadjustmentnetoftax": 497000,
        "othercomprehensiveincomelossamortizationadjustmentfromaocipensionandotherpostretirementbenefitplansfornetpriorservicecostcreditnetoftax": -1000,
        "othercomprehensiveincomelossnetoftax": 25268000,
        "comprehensiveincomenetoftax": 221600000,
        "othercomprehensiveincomeunrealizedholdinggainlossonsecuritiesarisingduringperiodtax": 219000,
        "othercomprehensiveincomelossreclassificationadjustmentfromaociforsaleofsecuritiestax": -1280000
    },
    {
        "date": "2020-09-26",
        "symbol": "TER",
        "period": "Q3",
        "revenues": 697745000,
        "costofgoodsandservicessold": 300174000,
        "grossprofit": 458928000,
        "sellinggeneralandadministrativeexpense": 115841000,
        "researchanddevelopmentexpenseexcludingacquiredinprocesscost": 94909000,
        "amortizationofintangibleassets": 6220000,
        "restructuringsettlementandimpairmentprovisions": -27701000,
        "operatingexpenses": 189269000,
        "operatingincomeloss": 269659000,
        "investmentincomeinterest": 1070000,
        "interestexpense": 6237000,
        "othernonoperatingincomeexpense": -762000,
        "incomelossfromcontinuingoperationsbeforeincometaxesextraordinaryitemsnoncontrollinginterest": 263730000,
        "incometaxexpensebenefit": 41013000,
        "netincomeloss": 222717000,
        "earningspersharebasic": 1.3399999999999999,
        "earningspersharediluted": 1.2099999999999997,
        "weightedaveragenumberofsharesoutstandingbasic": -58000,
        "weightedaveragenumberofdilutedsharesoutstanding": 1280000,
        "othercomprehensiveincomelossforeigncurrencytransactionandtranslationadjustmentnetoftax": 17105000,
        "othercomprehensiveincomeunrealizedholdinggainlossonsecuritiesarisingduringperiodnetoftax": 335000,
        "othercomprehensiveincomelossreclassificationadjustmentfromaociforsaleofsecuritiesnetoftax": 689000,
        "othercomprehensiveincomelossavailableforsalesecuritiesadjustmentnetoftax": -354000,
        "othercomprehensiveincomelossamortizationadjustmentfromaocipensionandotherpostretirementbenefitplansfornetpriorservicecostcreditnetoftax": -3000,
        "othercomprehensiveincomelossnetoftax": 16748000,
        "comprehensiveincomenetoftax": 239465000,
        "othercomprehensiveincomeunrealizedholdinggainlossonsecuritiesarisingduringperiodtax": 139000,
        "othercomprehensiveincomelossreclassificationadjustmentfromaociforsaleofsecuritiestax": 1036000
    },
    {
        "date": "2020-06-27",
        "symbol": "TER",
        "period": "Q2",
        "revenues": 734630000,
        "costofgoodsandservicessold": 322732000,
        "grossprofit": 471473000,
        "sellinggeneralandadministrativeexpense": 113259000,
        "researchanddevelopmentexpenseexcludingacquiredinprocesscost": 94102000,
        "amortizationofintangibleassets": 8941000,
        "restructuringsettlementandimpairmentprovisions": 37222000,
        "operatingexpenses": 253524000,
        "operatingincomeloss": 217949000,
        "investmentincomeinterest": 1368000,
        "interestexpense": 6043000,
        "othernonoperatingincomeexpense": 4016000,
        "incomelossfromcontinuingoperationsbeforeincometaxesextraordinaryitemsnoncontrollinginterest": 217290000,
        "incometaxexpensebenefit": 28383000,
        "netincomeloss": 188907000,
        "earningspersharebasic": 1.1400000000000001,
        "earningspersharediluted": 1.05,
        "weightedaveragenumberofsharesoutstandingbasic": -400000,
        "weightedaveragenumberofdilutedsharesoutstanding": -239000,
        "commonstockdividendspersharedeclared": 0.1,
        "othercomprehensiveincomelossforeigncurrencytransactionandtranslationadjustmentnetoftax": 15805000,
        "othercomprehensiveincomeunrealizedholdinggainlossonsecuritiesarisingduringperiodnetoftax": 3793000,
        "othercomprehensiveincomelossreclassificationadjustmentfromaociforsaleofsecuritiesnetoftax": 984000,
        "othercomprehensiveincomelossavailableforsalesecuritiesadjustmentnetoftax": 2809000,
        "othercomprehensiveincomelossamortizationadjustmentfromaocipensionandotherpostretirementbenefitplansfornetpriorservicecostcreditnetoftax": -1000,
        "othercomprehensiveincomelossnetoftax": 18613000,
        "comprehensiveincomenetoftax": 207520000,
        "othercomprehensiveincomeunrealizedholdinggainlossonsecuritiesarisingduringperiodtax": 1084000,
        "othercomprehensiveincomelossreclassificationadjustmentfromaociforsaleofsecuritiestax": -276000
    },
    {
        "date": "2020-03-28",
        "symbol": "TER",
        "period": "Q1",
        "revenues": 610906000,
        "costofgoodsandservicessold": 259996000,
        "grossprofit": 405550000,
        "sellinggeneralandadministrativeexpense": 111388000,
        "researchanddevelopmentexpenseexcludingacquiredinprocesscost": 85159000,
        "amortizationofintangibleassets": 9891000,
        "restructuringsettlementandimpairmentprovisions": -7606000,
        "operatingexpenses": 198832000,
        "operatingincomeloss": 206718000,
        "investmentincomeinterest": 2751000,
        "interestexpense": 5551000,
        "othernonoperatingincomeexpense": -6849000,
        "incomelossfromcontinuingoperationsbeforeincometaxesextraordinaryitemsnoncontrollinginterest": 197069000,
        "incometaxexpensebenefit": 20878000,
        "netincomeloss": 176191000,
        "earningspersharebasic": 1.06,
        "earningspersharediluted": 0.97,
        "weightedaveragenumberofsharesoutstandingbasic": 166589000,
        "weightedaveragenumberofdilutedsharesoutstanding": 180736000,
        "commonstockdividendspersharedeclared": 0.1,
        "othercomprehensiveincomelossforeigncurrencytransactionandtranslationadjustmentnetoftax": -8779000,
        "othercomprehensiveincomeunrealizedholdinggainlossonsecuritiesarisingduringperiodnetoftax": 1037000,
        "othercomprehensiveincomelossreclassificationadjustmentfromaociforsaleofsecuritiesnetoftax": 515000,
        "othercomprehensiveincomelossavailableforsalesecuritiesadjustmentnetoftax": 522000,
        "othercomprehensiveincomelossamortizationadjustmentfromaocipensionandotherpostretirementbenefitplansfornetpriorservicecostcreditnetoftax": -2000,
        "othercomprehensiveincomelossnetoftax": -8259000,
        "comprehensiveincomenetoftax": 167932000,
        "othercomprehensiveincomeunrealizedholdinggainlossonsecuritiesarisingduringperiodtax": 187000,
        "othercomprehensiveincomelossreclassificationadjustmentfromaociforsaleofsecuritiestax": -145000
    },
    {
        "date": "2019-12-30",
        "symbol": "TER",
        "period": "Q4",
        "revenues": 449593000,
        "costofgoodsandservicessold": 185088000,
        "grossprofit": 383238000,
        "sellinggeneralandadministrativeexpense": 117094000,
        "researchanddevelopmentexpenseexcludingacquiredinprocesscost": 86795000,
        "amortizationofintangibleassets": 9783000,
        "restructuringsettlementandimpairmentprovisions": 2457000,
        "operatingexpenses": 211584000,
        "operatingincomeloss": 171654000,
        "investmentincomeinterest": 14266000,
        "interestexpense": 5950000,
        "othernonoperatingincomeexpense": -22965000,
        "incomelossfromcontinuingoperationsbeforeincometaxesextraordinaryitemsnoncontrollinginterest": 148883000,
        "incometaxexpensebenefit": 23810000,
        "netincomeloss": 125073000,
        "earningspersharebasic": 0.7400000000000001,
        "earningspersharediluted": 0.68,
        "weightedaveragenumberofsharesoutstandingbasic": -343989000,
        "weightedaveragenumberofdilutedsharesoutstanding": -356597000,
        "othercomprehensiveincomelossforeigncurrencytransactionandtranslationadjustmentnetoftax": 6028000,
        "othercomprehensiveincomeunrealizedholdinggainlossonsecuritiesarisingduringperiodnetoftax": -376000,
        "othercomprehensiveincomelossreclassificationadjustmentfromaociforsaleofsecuritiesnetoftax": 248000,
        "othercomprehensiveincomelossavailableforsalesecuritiesadjustmentnetoftax": -624000,
        "othercomprehensiveincomelossamortizationadjustmentfromaocipensionandotherpostretirementbenefitplansfornetpriorservicecostcreditnetoftax": -37000,
        "othercomprehensiveincomelossnetoftax": 2738000,
        "comprehensiveincomenetoftax": 130440000,
        "othercomprehensiveincomeunrealizedholdinggainlossonsecuritiesarisingduringperiodtax": -103000,
        "othercomprehensiveincomelossreclassificationadjustmentfromaociforsaleofsecuritiestax": -67000,
        "othercomprehensiveincomelossamortizationadjustmentfromaocipensionandotherpostretirementbenefitplansfornetpriorservicecostcredittax": -10000
    },
    {
        "date": "2019-09-28",
        "symbol": "TER",
        "period": "Q3",
        "revenues": 488170000,
        "costofgoodsandservicessold": 197196000,
        "grossprofit": 345038000,
        "sellinggeneralandadministrativeexpense": 109166000,
        "researchanddevelopmentexpenseexcludingacquiredinprocesscost": 77804000,
        "amortizationofintangibleassets": 9647000,
        "restructuringsettlementandimpairmentprovisions": -6500000,
        "operatingexpenses": 190117000,
        "operatingincomeloss": 154921000,
        "investmentincomeinterest": 5159000,
        "interestexpense": 5682000,
        "othernonoperatingincomeexpense": -2665000,
        "incomelossfromcontinuingoperationsbeforeincometaxesextraordinaryitemsnoncontrollinginterest": 151733000,
        "incometaxexpensebenefit": 15873000,
        "netincomeloss": 135860000,
        "earningspersharebasic": 0.8,
        "earningspersharediluted": 0.75,
        "weightedaveragenumberofsharesoutstandingbasic": 169641000,
        "weightedaveragenumberofdilutedsharesoutstanding": 180494000,
        "othercomprehensiveincomelossforeigncurrencytransactionandtranslationadjustmentnetoftax": -18002000,
        "othercomprehensiveincomeunrealizedholdinggainlossonsecuritiesarisingduringperiodnetoftax": 1754000,
        "othercomprehensiveincomelossreclassificationadjustmentfromaociforsaleofsecuritiesnetoftax": 345000,
        "othercomprehensiveincomelossavailableforsalesecuritiesadjustmentnetoftax": 1409000,
        "othercomprehensiveincomelossamortizationadjustmentfromaocipensionandotherpostretirementbenefitplansfornetpriorservicecostcreditnetoftax": -37000,
        "othercomprehensiveincomelossnetoftax": -16630000,
        "comprehensiveincomenetoftax": 119230000,
        "othercomprehensiveincomeunrealizedholdinggainlossonsecuritiesarisingduringperiodtax": 507000,
        "othercomprehensiveincomelossreclassificationadjustmentfromaociforsaleofsecuritiestax": -99000,
        "othercomprehensiveincomelossamortizationadjustmentfromaocipensionandotherpostretirementbenefitplansfornetpriorservicecostcredittax": -11000
    },
    {
        "date": "2019-06-29",
        "symbol": "TER",
        "period": "Q2",
        "revenues": 457511000,
        "costofgoodsandservicessold": 193299000,
        "grossprofit": 323918000,
        "sellinggeneralandadministrativeexpense": 108811000,
        "researchanddevelopmentexpenseexcludingacquiredinprocesscost": 81434000,
        "amortizationofintangibleassets": 10083000,
        "restructuringsettlementandimpairmentprovisions": -10404000,
        "operatingexpenses": 189924000,
        "operatingincomeloss": 133994000,
        "investmentincomeinterest": 5430000,
        "interestexpense": 5800000,
        "othernonoperatingincomeexpense": -2447000,
        "incomelossfromcontinuingoperationsbeforeincometaxesextraordinaryitemsnoncontrollinginterest": 131177000,
        "incometaxexpensebenefit": 33780000,
        "netincomeloss": 97397000,
        "earningspersharebasic": 0.57,
        "earningspersharediluted": 0.55,
        "weightedaveragenumberofsharesoutstandingbasic": 171241000,
        "weightedaveragenumberofdilutedsharesoutstanding": 178590000,
        "othercomprehensiveincomelossforeigncurrencytransactionandtranslationadjustmentnetoftax": 5642000,
        "othercomprehensiveincomeunrealizedholdinggainlossonsecuritiesarisingduringperiodnetoftax": 2537000,
        "othercomprehensiveincomelossreclassificationadjustmentfromaociforsaleofsecuritiesnetoftax": 27000,
        "othercomprehensiveincomelossavailableforsalesecuritiesadjustmentnetoftax": 2510000,
        "othercomprehensiveincomelossamortizationadjustmentfromaocipensionandotherpostretirementbenefitplansfornetpriorservicecostcreditnetoftax": -37000,
        "othercomprehensiveincomelossnetoftax": 8115000,
        "comprehensiveincomenetoftax": 105512000,
        "othercomprehensiveincomeunrealizedholdinggainlossonsecuritiesarisingduringperiodtax": 678000,
        "othercomprehensiveincomelossreclassificationadjustmentfromaociforsaleofsecuritiestax": -6000,
        "othercomprehensiveincomelossamortizationadjustmentfromaocipensionandotherpostretirementbenefitplansfornetpriorservicecostcredittax": -11000
    },
    {
        "date": "2019-03-30",
        "symbol": "TER",
        "period": "Q1",
        "revenues": 492400000,
        "costofgoodsandservicessold": 206464000,
        "grossprofit": 287635000,
        "sellinggeneralandadministrativeexpense": 102013000,
        "researchanddevelopmentexpenseexcludingacquiredinprocesscost": 76791000,
        "amortizationofintangibleassets": 10634000,
        "restructuringsettlementandimpairmentprovisions": 567000,
        "operatingexpenses": 194550000,
        "operatingincomeloss": 93085000,
        "investmentincomeinterest": -70000,
        "interestexpense": 5713000,
        "othernonoperatingincomeexpense": -1445000,
        "incomelossfromcontinuingoperationsbeforeincometaxesextraordinaryitemsnoncontrollinginterest": 93979000,
        "incometaxexpensebenefit": -15159000,
        "netincomeloss": 109138000,
        "earningspersharebasic": 0.63,
        "earningspersharediluted": 0.62,
        "weightedaveragenumberofsharesoutstandingbasic": 173532000,
        "weightedaveragenumberofdilutedsharesoutstanding": 176972000,
        "othercomprehensiveincomelossforeigncurrencytransactionandtranslationadjustmentnetoftax": -4659000,
        "othercomprehensiveincomeunrealizedholdinggainlossonsecuritiesarisingduringperiodnetoftax": 2100000,
        "othercomprehensiveincomelossreclassificationadjustmentfromaociforsaleofsecuritiesnetoftax": 70000,
        "othercomprehensiveincomelossavailableforsalesecuritiesadjustmentnetoftax": 2030000,
        "othercomprehensiveincomelossamortizationadjustmentfromaocipensionandotherpostretirementbenefitplansfornetpriorservicecostcreditnetoftax": -37000,
        "othercomprehensiveincomelossnetoftax": -37000,
        "comprehensiveincomenetoftax": 106472000,
        "othercomprehensiveincomeunrealizedholdinggainlossonsecuritiesarisingduringperiodtax": 577000,
        "othercomprehensiveincomelossreclassificationadjustmentfromaociforsaleofsecuritiestax": -20000,
        "othercomprehensiveincomelossamortizationadjustmentfromaocipensionandotherpostretirementbenefitplansfornetpriorservicecostcredittax": -11000
    },
    {
        "date": "2018-12-30",
        "symbol": "TER",
        "period": "Q4",
        "grossprofit": 309535000,
        "sellinggeneralandadministrativeexpense": 100555000,
        "researchanddevelopmentexpenseexcludingacquiredinprocesscost": 74706000,
        "amortizationofintangibleassets": 10558000,
        "restructuringsettlementandimpairmentprovisions": 2734000,
        "operatingexpenses": 197265000,
        "operatingincomeloss": 112270000,
        "investmentincomeinterest": -75000,
        "interestexpense": 13183000,
        "othernonoperatingincomeexpense": 2955000,
        "incomelossfromcontinuingoperationsbeforeincometaxesextraordinaryitemsnoncontrollinginterest": 111125000,
        "incometaxexpensebenefit": 7292000,
        "netincomeloss": 358667000,
        "earningspersharebasic": 1.9199999999999995,
        "earningspersharediluted": 1.8800000000000001,
        "weightedaveragenumberofsharesoutstandingbasic": -384057000,
        "weightedaveragenumberofdilutedsharesoutstanding": -396293000,
        "commonstockdividendspersharedeclared": 0.09000000000000002,
        "othercomprehensiveincomelossforeigncurrencytransactionandtranslationadjustmentnetoftax": -16874000,
        "othercomprehensiveincomeunrealizedholdinggainlossonsecuritiesarisingduringperiodnetoftax": 445000,
        "othercomprehensiveincomelossreclassificationadjustmentfromaociforsaleofsecuritiesnetoftax": -256000,
        "othercomprehensiveincomelossavailableforsalesecuritiesadjustmentnetoftax": 370000,
        "othercomprehensiveincomelossamortizationadjustmentfromaocipensionandotherpostretirementbenefitplansfornetpriorservicecostcreditnetoftax": -62000,
        "othercomprehensiveincomelossnetoftax": 11569000,
        "comprehensiveincomenetoftax": 127221000,
        "othercomprehensiveincomeunrealizedholdinggainlossonsecuritiesarisingduringperiodtax": 83000,
        "othercomprehensiveincomelossreclassificationadjustmentfromaociforsaleofsecuritiestax": -85000,
        "othercomprehensiveincomelossamortizationadjustmentfromaocipensionandotherpostretirementbenefitplansfornetpriorservicecostcredittax": -17000
    },
    {
        "date": "2018-09-29",
        "symbol": "TER",
        "period": "Q3",
        "revenuefromcontractwithcustomerexcludingassessedtax": 95854000,
        "costofgoodsandservicessold": 37816000,
        "grossprofit": 333693000,
        "sellinggeneralandadministrativeexpense": 100199000,
        "researchanddevelopmentexpenseexcludingacquiredinprocesscost": 77049000,
        "amortizationofintangibleassets": 11142000,
        "restructuringsettlementandimpairmentprovisions": 1716000,
        "operatingexpenses": 190100000,
        "operatingincomeloss": 143593000,
        "investmentincomeinterest": -57000,
        "interestexpense": 5557000,
        "othernonoperatingincomeexpense": -3405000,
        "incomelossfromcontinuingoperationsbeforeincometaxesextraordinaryitemsnoncontrollinginterest": 140844000,
        "incometaxexpensebenefit": 4771000,
        "netincomeloss": 33265000,
        "earningspersharebasic": 0.18,
        "earningspersharediluted": 0.17,
        "weightedaveragenumberofsharesoutstandingbasic": 185744000,
        "weightedaveragenumberofdilutedsharesoutstanding": 190505000,
        "commonstockdividendspersharedeclared": 0.09,
        "othercomprehensiveincomelossforeigncurrencytransactionandtranslationadjustmentnetoftax": 7213000,
        "othercomprehensiveincomeunrealizedholdinggainlossonsecuritiesarisingduringperiodnetoftax": -66000,
        "othercomprehensiveincomelossreclassificationadjustmentfromaociforsaleofsecuritiesnetoftax": 57000,
        "othercomprehensiveincomelossavailableforsalesecuritiesadjustmentnetoftax": -123000,
        "othercomprehensiveincomelossamortizationadjustmentfromaocipensionandotherpostretirementbenefitplansfornetpriorservicecostcreditnetoftax": -61000,
        "othercomprehensiveincomelossnetoftax": 7029000,
        "comprehensiveincomenetoftax": 127010000,
        "othercomprehensiveincomeunrealizedholdinggainlossonsecuritiesarisingduringperiodtax": -62000,
        "othercomprehensiveincomelossreclassificationadjustmentfromaociforsaleofsecuritiestax": 17000,
        "othercomprehensiveincomelossamortizationadjustmentfromaocipensionandotherpostretirementbenefitplansfornetpriorservicecostcredittax": -18000
    },
    {
        "date": "2018-06-30",
        "symbol": "TER",
        "period": "Q2",
        "revenuefromcontractwithcustomerexcludingassessedtax": 92878000,
        "costofgoodsandservicessold": 38818000,
        "grossprofit": 307334000,
        "sellinggeneralandadministrativeexpense": 99410000,
        "researchanddevelopmentexpenseexcludingacquiredinprocesscost": 75342000,
        "amortizationofintangibleassets": 9793000,
        "restructuringsettlementandimpairmentprovisions": 218000,
        "operatingexpenses": 186934000,
        "operatingincomeloss": 120400000,
        "investmentincomeinterest": -199000,
        "interestexpense": 5639000,
        "othernonoperatingincomeexpense": -176000,
        "incomelossfromcontinuingoperationsbeforeincometaxesextraordinaryitemsnoncontrollinginterest": 120012000,
        "incometaxexpensebenefit": -4569000,
        "netincomeloss": -17976000,
        "earningspersharebasic": -0.09,
        "earningspersharediluted": -0.09,
        "weightedaveragenumberofsharesoutstandingbasic": 190730000,
        "weightedaveragenumberofdilutedsharesoutstanding": 194909000,
        "commonstockdividendspersharedeclared": 0.09,
        "othercomprehensiveincomelossforeigncurrencytransactionandtranslationadjustmentnetoftax": -29322000,
        "othercomprehensiveincomeunrealizedholdinggainlossonsecuritiesarisingduringperiodnetoftax": 198000,
        "othercomprehensiveincomelossreclassificationadjustmentfromaociforsaleofsecuritiesnetoftax": 199000,
        "othercomprehensiveincomelossavailableforsalesecuritiesadjustmentnetoftax": -1000,
        "othercomprehensiveincomelossamortizationadjustmentfromaocipensionandotherpostretirementbenefitplansfornetpriorservicecostcreditnetoftax": -61000,
        "othercomprehensiveincomelossnetoftax": -29384000,
        "comprehensiveincomenetoftax": 71653000,
        "othercomprehensiveincomeunrealizedholdinggainlossonsecuritiesarisingduringperiodtax": -25000,
        "othercomprehensiveincomelossreclassificationadjustmentfromaociforsaleofsecuritiestax": 68000,
        "othercomprehensiveincomelossamortizationadjustmentfromaocipensionandotherpostretirementbenefitplansfornetpriorservicecostcredittax": -18000
    },
    {
        "date": "2018-03-31",
        "symbol": "TER",
        "period": "Q1",
        "salesrevenuegoodsnet": 403925000,
        "salesrevenueservicesnet": 83542000,
        "revenues": 373328000,
        "costofgoodssold": 180958000,
        "costofservices": 36677000,
        "costofrevenue": 189886000,
        "grossprofit": 269832000,
        "sellinggeneralandadministrativeexpense": 90505000,
        "researchanddevelopmentexpenseexcludingacquiredinprocesscost": 74408000,
        "amortizationofintangibleassets": 7698000,
        "restructuringsettlementandimpairmentprovisions": 3761000,
        "operatingexpenses": 172298000,
        "operatingincomeloss": 97534000,
        "investmentincomeinterest": 1668000,
        "interestexpense": 6890000,
        "othernonoperatingincomeexpense": -805000,
        "incomelossfromcontinuingoperationsbeforeincometaxesextraordinaryitemsnoncontrollinginterest": 95820000,
        "incometaxexpensebenefit": 4331000,
        "netincomeloss": 53596000,
        "earningspersharebasic": 0.27,
        "earningspersharediluted": 0.26,
        "weightedaveragenumberofsharesoutstandingbasic": 195255000,
        "weightedaveragenumberofdilutedsharesoutstanding": 203484000,
        "commonstockdividendspersharedeclared": 0.09,
        "othercomprehensiveincomelossforeigncurrencytransactionandtranslationadjustmentnetoftax": 10541000,
        "othercomprehensiveincomeunrealizedholdinggainlossonsecuritiesarisingduringperiodnetoftax": -2687000,
        "othercomprehensiveincomelossreclassificationadjustmentfromaociforsaleofsecuritiesnetoftax": 3125000,
        "othercomprehensiveincomelossavailableforsalesecuritiesadjustmentnetoftax": -1019000,
        "othercomprehensiveincomelossamortizationadjustmentfromaocipensionandotherpostretirementbenefitplansfornetpriorservicecostcreditnetoftax": -61000,
        "othercomprehensiveincomelossnetoftax": 10541000,
        "comprehensiveincomenetoftax": 96435000,
        "othercomprehensiveincomeunrealizedholdinggainlossonsecuritiesarisingduringperiodtax": -718000,
        "othercomprehensiveincomelossreclassificationadjustmentfromaociforsaleofsecuritiestax": -902000,
        "othercomprehensiveincomelossamortizationadjustmentfromaocipensionandotherpostretirementbenefitplansfornetpriorservicecostcredittax": -18000
    },
    {
        "date": "2017-09-30",
        "symbol": "TER",
        "period": "Q3",
        "salesrevenuegoodsnet": 412854000,
        "salesrevenueservicesnet": 90524000,
        "revenues": 396881000,
        "costofgoodssold": 169744000,
        "costofservices": 38848000,
        "costofrevenue": 208592000,
        "grossprofit": 294786000,
        "sellinggeneralandadministrativeexpense": 86244000,
        "researchanddevelopmentexpenseexcludingacquiredinprocesscost": 77190000,
        "amortizationofintangibleassets": 7028000,
        "restructuringsettlementandimpairmentprovisions": 375000,
        "operatingexpenses": 166055000,
        "operatingincomeloss": 128731000,
        "investmentincomeinterest": -87000,
        "interestexpense": 5372000,
        "othernonoperatingincomeexpense": -439000,
        "incomelossfromcontinuingoperationsbeforeincometaxesextraordinaryitemsnoncontrollinginterest": 116836000,
        "incometaxexpensebenefit": 24017000,
        "netincomeloss": 103420000,
        "earningspersharebasic": 0.52,
        "earningspersharediluted": 0.52,
        "weightedaveragenumberofsharesoutstandingbasic": 197485000,
        "weightedaveragenumberofdilutedsharesoutstanding": 200775000,
        "commonstockdividendspersharedeclared": 0.07,
        "othercomprehensiveincomelossforeigncurrencytransactionandtranslationadjustmentnetoftax": 9291000,
        "othercomprehensiveincomeunrealizedholdinggainlossonsecuritiesarisingduringperiodnetoftax": 950000,
        "othercomprehensiveincomelossreclassificationadjustmentfromaociforsaleofsecuritiesnetoftax": 87000,
        "othercomprehensiveincomelossavailableforsalesecuritiesadjustmentnetoftax": 863000,
        "othercomprehensiveincomelossamortizationadjustmentfromaocipensionandotherpostretirementbenefitplansfornetpriorservicecostcreditnetoftax": -68000,
        "othercomprehensiveincomelosspensionandotherpostretirementbenefitplansadjustmentnetoftax": 68000,
        "othercomprehensiveincomelossnetoftax": 10086000,
        "comprehensiveincomenetoftax": 113506000,
        "othercomprehensiveincomeunrealizedholdinggainlossonsecuritiesarisingduringperiodtax": 481000,
        "othercomprehensiveincomelossreclassificationadjustmentfromaociforsaleofsecuritiestax": 67000,
        "othercomprehensiveincomelossamortizationadjustmentfromaocipensionandotherpostretirementbenefitplansfornetpriorservicecostcredittax": -38000
    },
    {
        "date": "2017-07-01",
        "symbol": "TER",
        "period": "Q2",
        "salesrevenuegoodsnet": 610356000,
        "salesrevenueservicesnet": 86545000,
        "revenues": 593152000,
        "costofgoodssold": 267171000,
        "costofservices": 38511000,
        "costofrevenue": 305682000,
        "grossprofit": 391219000,
        "researchanddevelopmentexpenseexcludingacquiredinprocesscost": 81728000,
        "sellinggeneralandadministrativeexpense": 89131000,
        "amortizationofintangibleassets": 8166000,
        "restructuringsettlementandimpairmentprovisions": 132000,
        "operatingexpenses": 181313000,
        "operatingincomeloss": 209906000,
        "investmentincomeinterest": -83000,
        "interestexpense": 5509000,
        "othernonoperatingincomeexpense": -812000,
        "incomelossfromcontinuingoperationsbeforeincometaxesextraordinaryitemsnoncontrollinginterest": 211278000,
        "incometaxexpensebenefit": -800000,
        "netincomeloss": 174976000,
        "earningspersharebasic": 0.88,
        "earningspersharediluted": 0.87,
        "weightedaveragenumberofsharesoutstandingbasic": 198774000,
        "weightedaveragenumberofdilutedsharesoutstanding": 201529000,
        "commonstockdividendspersharedeclared": 0.07,
        "othercomprehensiveincomelossforeigncurrencytransactionandtranslationadjustmentnetoftax": 15981000,
        "othercomprehensiveincomeunrealizedholdinggainlossonsecuritiesarisingduringperiodnetoftax": 985000,
        "othercomprehensiveincomelossreclassificationadjustmentfromaociforsaleofsecuritiesnetoftax": 83000,
        "othercomprehensiveincomelossavailableforsalesecuritiesadjustmentnetoftax": 902000,
        "othercomprehensiveincomelossamortizationadjustmentfromaocipensionandotherpostretirementbenefitplansfornetpriorservicecostcreditnetoftax": -68000,
        "othercomprehensiveincomelosspensionandotherpostretirementbenefitplansadjustmentnetoftax": 68000,
        "othercomprehensiveincomelossnetoftax": 16815000,
        "comprehensiveincomenetoftax": 191791000,
        "othercomprehensiveincomeunrealizedholdinggainlossonsecuritiesarisingduringperiodtax": 765000,
        "othercomprehensiveincomelossreclassificationadjustmentfromaociforsaleofsecuritiestax": 42000,
        "othercomprehensiveincomelossamortizationadjustmentfromaocipensionandotherpostretirementbenefitplansfornetpriorservicecostcredittax": -38000
    },
    {
        "date": "2017-04-01",
        "symbol": "TER",
        "period": "Q1",
        "salesrevenuegoodsnet": 373204000,
        "salesrevenueservicesnet": 83709000,
        "revenues": 39845000,
        "costofgoodssold": 154966000,
        "costofservices": 37014000,
        "costofrevenue": 191980000,
        "grossprofit": 264933000,
        "researchanddevelopmentexpenseexcludingacquiredinprocesscost": 76182000,
        "sellinggeneralandadministrativeexpense": 84906000,
        "amortizationofintangibleassets": 7952000,
        "restructuringsettlementandimpairmentprovisions": 205000,
        "operatingexpenses": 171551000,
        "operatingincomeloss": 93382000,
        "investmentincomeinterest": -95000,
        "interestexpense": 5402000,
        "othernonoperatingincomeexpense": 516000,
        "incomelossfromcontinuingoperationsbeforeincometaxesextraordinaryitemsnoncontrollinginterest": -2759000,
        "incometaxexpensebenefit": -5200000,
        "netincomeloss": 85221000,
        "earningspersharebasic": 0.43,
        "earningspersharediluted": 0.42,
        "weightedaveragenumberofsharesoutstandingbasic": 200005000,
        "weightedaveragenumberofdilutedsharesoutstanding": 201936000,
        "commonstockdividendspersharedeclared": 0.07,
        "othercomprehensiveincomelossforeigncurrencytransactionandtranslationadjustmentnetoftax": 8963000,
        "othercomprehensiveincomeunrealizedholdinggainlossonsecuritiesarisingduringperiodnetoftax": 513000,
        "othercomprehensiveincomelossreclassificationadjustmentfromaociforsaleofsecuritiesnetoftax": 95000,
        "othercomprehensiveincomelossavailableforsalesecuritiesadjustmentnetoftax": 418000,
        "othercomprehensiveincomelossamortizationadjustmentfromaocipensionandotherpostretirementbenefitplansfornetpriorservicecostcreditnetoftax": -68000,
        "othercomprehensiveincomelossnetoftax": 8963000,
        "comprehensiveincomenetoftax": 94534000,
        "othercomprehensiveincomeunrealizedholdinggainlossonsecuritiesarisingduringperiodtax": 420000,
        "othercomprehensiveincomelossreclassificationadjustmentfromaociforsaleofsecuritiestax": 64000,
        "othercomprehensiveincomelossamortizationadjustmentfromaocipensionandotherpostretirementbenefitplansfornetpriorservicecostcredittax": -38000
    },
    {
        "date": "2016-10-01",
        "symbol": "TER",
        "period": "Q3",
        "salesrevenuegoodsnet": 334610000,
        "salesrevenueservicesnet": 75865000,
        "revenues": 73954000,
        "costofgoodssold": 148266000,
        "costofservices": 34850000,
        "costofrevenue": 183116000,
        "grossprofit": 227359000,
        "researchanddevelopmentexpenseexcludingacquiredinprocesscost": 71400000,
        "sellinggeneralandadministrativeexpense": 78794000,
        "amortizationofintangibleassets": 8487000,
        "restructuringsettlementandimpairmentprovisions": -1429000,
        "operatingexpenses": 170858000,
        "operatingincomeloss": 56501000,
        "investmentincomeinterest": -2161000,
        "interestexpense": 633000,
        "othernonoperatingincomeexpense": 919000,
        "incomelossfromcontinuingoperationsbeforeincometaxesextraordinaryitemsnoncontrollinginterest": 59680000,
        "incometaxexpensebenefit": -4113000,
        "netincomeloss": 63793000,
        "earningspersharebasic": 0.32000000000000006,
        "earningspersharediluted": 0.32000000000000006,
        "weightedaveragenumberofsharesoutstandingbasic": -204122000,
        "weightedaveragenumberofdilutedsharesoutstanding": -205583000,
        "commonstockdividendspersharedeclared": 0.06,
        "othercomprehensiveincomelossforeigncurrencytransactionandtranslationadjustmentnetoftax": 1842000,
        "othercomprehensiveincomeunrealizedholdinggainlossonsecuritiesarisingduringperiodnetoftax": -336000,
        "othercomprehensiveincomelossreclassificationadjustmentfromaociforsaleofsecuritiesnetoftax": 334000,
        "othercomprehensiveincomelossavailableforsalesecuritiesadjustmentnetoftax": -670000,
        "othercomprehensiveincomelossamortizationadjustmentfromaocipensionandotherpostretirementbenefitplansfornetpriorservicecostcreditnetoftax": -81000,
        "othercomprehensiveincomelossnetoftax": -458000,
        "comprehensiveincomenetoftax": 64884000,
        "othercomprehensiveincomeunrealizedholdinggainlossonsecuritiesarisingduringperiodtax": 50000,
        "othercomprehensiveincomelossreclassificationadjustmentfromaociforsaleofsecuritiestax": 150000,
        "othercomprehensiveincomelossamortizationadjustmentfromaocipensionandotherpostretirementbenefitplansfornetpriorservicecostcredittax": -46000
    },
    {
        "date": "2016-07-02",
        "symbol": "TER",
        "period": "Q2",
        "salesrevenuegoodsnet": 456832000,
        "salesrevenueservicesnet": 74960000,
        "revenues": 48940000,
        "costofgoodssold": 215795000,
        "costofservices": 33127000,
        "costofrevenue": 248922000,
        "grossprofit": 282870000,
        "researchanddevelopmentexpenseexcludingacquiredinprocesscost": 76109000,
        "sellinggeneralandadministrativeexpense": 81425000,
        "amortizationofintangibleassets": 16244000,
        "impairmentofintangibleassetsfinitelived": 83339000,
        "goodwillimpairmentloss": 254946000,
        "restructuringsettlementandimpairmentprovisions": 967000,
        "operatingexpenses": 514671000,
        "operatingincomeloss": -231801000,
        "investmentincomeinterest": 51000,
        "interestexpense": 691000,
        "othernonoperatingincomeexpense": 9000,
        "incomelossfromcontinuingoperationsbeforeincometaxesextraordinaryitemsnoncontrollinginterest": -230817000,
        "incometaxexpensebenefit": -7271000,
        "netincomeloss": -223546000,
        "earningspersharebasic": -1.1,
        "earningspersharediluted": -1.1,
        "weightedaveragenumberofsharesoutstandingbasic": 203018000,
        "weightedaveragenumberofdilutedsharesoutstanding": 203018000,
        "commonstockdividendspersharedeclared": 0.06,
        "othercomprehensiveincomelossforeigncurrencytransactionandtranslationadjustmentnetoftax": -5041000,
        "othercomprehensiveincomeunrealizedholdinggainlossonsecuritiesarisingduringperiodnetoftax": 2375000,
        "othercomprehensiveincomelossreclassificationadjustmentfromaociforsaleofsecuritiesnetoftax": 51000,
        "othercomprehensiveincomelossavailableforsalesecuritiesadjustmentnetoftax": 2324000,
        "othercomprehensiveincomelossamortizationadjustmentfromaocipensionandotherpostretirementbenefitplansfornetpriorservicecostcreditnetoftax": -83000,
        "othercomprehensiveincomedefinedbenefitplannetpriorservicecostscreditarisingduringperiodnetoftax": -59000,
        "othercomprehensiveincomelosspensionandotherpostretirementbenefitplansadjustmentnetoftax": 24000,
        "othercomprehensiveincomelossnetoftax": -2741000,
        "comprehensiveincomenetoftax": -226287000,
        "othercomprehensiveincomeunrealizedholdinggainlossonsecuritiesarisingduringperiodtax": 1102000,
        "othercomprehensiveincomelossreclassificationadjustmentfromaociforsaleofsecuritiestax": 13000,
        "othercomprehensiveincomelossamortizationadjustmentfromaocipensionandotherpostretirementbenefitplansfornetpriorservicecostcredittax": -47000,
        "othercomprehensiveincomelosspensionandotherpostretirementbenefitplansbenefitplanimprovementtaxeffect": 34000
    },
    {
        "date": "2016-04-02",
        "symbol": "TER",
        "period": "Q1",
        "salesrevenuegoodsnet": 358139000,
        "salesrevenueservicesnet": 72855000,
        "revenues": 16746000,
        "costofgoodssold": 167555000,
        "costofservices": 33107000,
        "costofrevenue": 200662000,
        "grossprofit": 230332000,
        "researchanddevelopmentexpenseexcludingacquiredinprocesscost": 73464000,
        "sellinggeneralandadministrativeexpense": 79174000,
        "amortizationofintangibleassets": 19994000,
        "restructuringsettlementandimpairmentprovisions": 414000,
        "operatingexpenses": 174219000,
        "operatingincomeloss": 56113000,
        "investmentincomeinterest": 1642000,
        "interestexpense": 710000,
        "othernonoperatingincomeexpense": 147000,
        "incomelossfromcontinuingoperationsbeforeincometaxesextraordinaryitemsnoncontrollinginterest": 57192000,
        "incometaxexpensebenefit": 7206000,
        "netincomeloss": 49986000,
        "earningspersharebasic": 0.24,
        "earningspersharediluted": 0.24,
        "weightedaveragenumberofsharesoutstandingbasic": 204271000,
        "weightedaveragenumberofdilutedsharesoutstanding": 205732000,
        "commonstockdividendspersharedeclared": 0.06,
        "othercomprehensiveincomelossforeigncurrencytransactionandtranslationadjustmentnetoftax": 10271000,
        "othercomprehensiveincomeunrealizedholdinggainlossonsecuritiesarisingduringperiodnetoftax": 3071000,
        "othercomprehensiveincomelossreclassificationadjustmentfromaociforsaleofsecuritiesnetoftax": 83000,
        "othercomprehensiveincomelossavailableforsalesecuritiesadjustmentnetoftax": 2988000,
        "othercomprehensiveincomelossamortizationadjustmentfromaocipensionandotherpostretirementbenefitplansfornetpriorservicecostcreditnetoftax": -80000,
        "othercomprehensiveincomelossnetoftax": 10271000,
        "comprehensiveincomenetoftax": 63165000,
        "othercomprehensiveincomeunrealizedholdinggainlossonsecuritiesarisingduringperiodtax": 1253000,
        "othercomprehensiveincomelossreclassificationadjustmentfromaociforsaleofsecuritiestax": -11000,
        "othercomprehensiveincomelossamortizationadjustmentfromaocipensionandotherpostretirementbenefitplansfornetpriorservicecostcredittax": -46000
    },
    {
        "date": "2015-12-30",
        "symbol": "TER",
        "period": "Q4",
        "salesrevenuegoodsnet": 244510000,
        "salesrevenueservicesnet": 73934000,
        "revenues": -33839000,
        "costofgoodssold": 120322000,
        "costofservices": 32096000,
        "costofrevenue": 152418000,
        "grossprofit": 166026000,
        "researchanddevelopmentexpenseexcludingacquiredinprocesscost": 70941000,
        "sellinggeneralandadministrativeexpense": 79718000,
        "amortizationofintangibleassets": 19912000,
        "operatingexpenses": 175775000,
        "operatingincomeloss": -9749000,
        "investmentincomeinterest": 2016000,
        "interestexpense": 762000,
        "othernonoperatingincomeexpense": -363000,
        "incometaxexpensebenefit": -8216000,
        "netincomeloss": -642000,
        "earningspersharebasic": 0.009999999999999926,
        "earningspersharediluted": -8.326672684688674e-17,
        "weightedaveragenumberofsharesoutstandingbasic": -429520000,
        "weightedaveragenumberofdilutedsharesoutstanding": -432723000,
        "commonstockdividendspersharedeclared": 0.06,
        "othercomprehensiveincomeunrealizedholdinggainlossonsecuritiesarisingduringperiodnetoftax": -2482000,
        "othercomprehensiveincomelossreclassificationadjustmentfromaociforsaleofsecuritiesnetoftax": -104000,
        "othercomprehensiveincomelossavailableforsalesecuritiesadjustmentnetoftax": -2378000,
        "othercomprehensiveincomelossamortizationadjustmentfromaocipensionandotherpostretirementbenefitplansfornetpriorservicecostcreditnetoftax": -73000,
        "othercomprehensiveincomelossnetoftax": -2667000,
        "comprehensiveincomenetoftax": -8852000,
        "othercomprehensiveincomeunrealizedholdinggainlossonsecuritiesarisingduringperiodtax": -2563000,
        "othercomprehensiveincomelossreclassificationadjustmentfromaociforsaleofsecuritiestax": 55000,
        "othercomprehensiveincomelossamortizationadjustmentfromaocipensionandotherpostretirementbenefitplansfornetpriorservicecostcredittax": -43000
    },
    {
        "date": "2015-10-03",
        "symbol": "TER",
        "period": "Q3",
        "salesrevenuegoodsnet": 386488000,
        "salesrevenueservicesnet": 79506000,
        "revenues": 16100000,
        "costofgoodssold": 170963000,
        "costofservices": 36405000,
        "costofrevenue": 207368000,
        "grossprofit": 258626000,
        "researchanddevelopmentexpenseexcludingacquiredinprocesscost": 74027000,
        "sellinggeneralandadministrativeexpense": 77481000,
        "amortizationofintangibleassets": 20053000,
        "restructuringsettlementandimpairmentprovisions": 923000,
        "operatingexpenses": 171822000,
        "operatingincomeloss": 86804000,
        "investmentincomeinterest": 1708000,
        "interestexpense": 508000,
        "othernonoperatingincomeexpense": -596000,
        "incomelossfromcontinuingoperationsbeforeincometaxesminorityinterestandincomelossfromequitymethodinvestments": -4800000,
        "incometaxexpensebenefit": 15955000,
        "netincomeloss": 71453000,
        "earningspersharebasic": 0.34,
        "earningspersharediluted": 0.34,
        "weightedaveragenumberofsharesoutstandingbasic": 210032000,
        "weightedaveragenumberofdilutedsharesoutstanding": 211736000,
        "commonstockdividendspersharedeclared": 0.06,
        "othercomprehensiveincomelossforeigncurrencytransactionandtranslationreclassificationadjustmentfromaocirealizeduponsaleorliquidationnetoftax": -3267000,
        "othercomprehensiveincomeunrealizedholdinggainlossonsecuritiesarisingduringperiodnetoftax": 283000,
        "othercomprehensiveincomelossreclassificationadjustmentfromaociforsaleofsecuritiesnetoftax": 247000,
        "othercomprehensiveincomelossavailableforsalesecuritiesadjustmentnetoftax": 36000,
        "othercomprehensiveincomelossamortizationadjustmentfromaocipensionandotherpostretirementbenefitplansfornetpriorservicecostcreditnetoftax": -74000,
        "othercomprehensiveincomelossnetoftax": 3229000,
        "comprehensiveincomenetoftax": 74682000,
        "othercomprehensiveincomeunrealizedholdinggainlossonsecuritiesarisingduringperiodtax": -48000,
        "othercomprehensiveincomelossreclassificationadjustmentfromaociforsaleofsecuritiestax": 126000,
        "othercomprehensiveincomelossamortizationadjustmentfromaocipensionandotherpostretirementbenefitplansfornetpriorservicecostcredittax": -42000
    },
    {
        "date": "2015-07-04",
        "symbol": "TER",
        "period": "Q2",
        "salesrevenuegoodsnet": 437243000,
        "salesrevenueservicesnet": 75496000,
        "revenues": 3723000,
        "costofgoodssold": 181491000,
        "costofservices": 32680000,
        "costofrevenue": 214171000,
        "grossprofit": 298568000,
        "researchanddevelopmentexpenseexcludingacquiredinprocesscost": 75832000,
        "sellinggeneralandadministrativeexpense": 77073000,
        "amortizationofintangibleassets": 15258000,
        "restructuringsettlementandimpairmentprovisions": 305000,
        "operatingexpenses": 167778000,
        "operatingincomeloss": 130790000,
        "investmentincomeinterest": 1674000,
        "interestexpense": 444000,
        "othernonoperatingincomeexpense": 116000,
        "incomelossfromcontinuingoperationsbeforeincometaxesminorityinterestandincomelossfromequitymethodinvestments": -1700000,
        "incometaxexpensebenefit": 29257000,
        "netincomeloss": 102879000,
        "earningspersharebasic": 0.48,
        "earningspersharediluted": 0.48,
        "weightedaveragenumberofsharesoutstandingbasic": 213845000,
        "weightedaveragenumberofdilutedsharesoutstanding": 215496000,
        "commonstockdividendspersharedeclared": 0.06,
        "othercomprehensiveincomelossforeigncurrencytransactionandtranslationreclassificationadjustmentfromaocirealizeduponsaleorliquidationnetoftax": 6267000,
        "othercomprehensiveincomeunrealizedholdinggainlossonsecuritiesarisingduringperiodnetoftax": -2675000,
        "othercomprehensiveincomelossreclassificationadjustmentfromaociforsaleofsecuritiesnetoftax": 231000,
        "othercomprehensiveincomelossavailableforsalesecuritiesadjustmentnetoftax": -2906000,
        "othercomprehensiveincomelossamortizationadjustmentfromaocipensionandotherpostretirementbenefitplansfornetpriorservicecostcreditnetoftax": -74000,
        "othercomprehensiveincomelossnetoftax": -9247000,
        "comprehensiveincomenetoftax": 93632000,
        "othercomprehensiveincomeunrealizedholdinggainlossonsecuritiesarisingduringperiodtax": 1648000,
        "othercomprehensiveincomelossreclassificationadjustmentfromaociforsaleofsecuritiestax": 40000,
        "othercomprehensiveincomelossamortizationadjustmentfromaocipensionandotherpostretirementbenefitplansfornetpriorservicecostcredittax": -42000
    },
    {
        "date": "2015-04-04",
        "symbol": "TER",
        "period": "Q1",
        "salesrevenuegoodsnet": 272325000,
        "salesrevenueservicesnet": 70076000,
        "revenues": 37436000,
        "costofgoodssold": 118996000,
        "costofservices": 30982000,
        "costofrevenue": 149978000,
        "grossprofit": 192423000,
        "researchanddevelopmentexpenseexcludingacquiredinprocesscost": 71450000,
        "sellinggeneralandadministrativeexpense": 72041000,
        "amortizationofintangibleassets": 13808000,
        "operatingexpenses": 157299000,
        "operatingincomeloss": 35124000,
        "investmentincomeinterest": 1816000,
        "interestexpense": 162000,
        "othernonoperatingincomeexpense": 5660000,
        "incomelossfromcontinuingoperationsbeforeincometaxesminorityinterestandincomelossfromequitymethodinvestments": 1005000,
        "incometaxexpensebenefit": 9651000,
        "netincomeloss": 32787000,
        "earningspersharebasic": 0.15,
        "earningspersharediluted": 0.15,
        "weightedaveragenumberofsharesoutstandingbasic": 217187000,
        "weightedaveragenumberofdilutedsharesoutstanding": 218812000,
        "commonstockdividendspersharedeclared": 0.06,
        "othercomprehensiveincomeunrealizedholdinggainlossonsecuritiesarisingduringperiodnetoftax": 1799000,
        "othercomprehensiveincomelossreclassificationadjustmentfromaociforsaleofsecuritiesnetoftax": 330000,
        "othercomprehensiveincomelossavailableforsalesecuritiesadjustmentnetoftax": 1469000,
        "othercomprehensiveincomelossamortizationadjustmentfromaocipensionandotherpostretirementbenefitplansfornetpriorservicecostcreditnetoftax": -74000,
        "othercomprehensiveincomelossnetoftax": -74000,
        "comprehensiveincomenetoftax": 34182000,
        "othercomprehensiveincomeunrealizedholdinggainlossonsecuritiesarisingduringperiodtax": -704000,
        "othercomprehensiveincomelossreclassificationadjustmentfromaociforsaleofsecuritiestax": 169000,
        "othercomprehensiveincomelossamortizationadjustmentfromaocipensionandotherpostretirementbenefitplansfornetpriorservicecostcredittax": -42000
    },
    {
        "date": "2014-09-27",
        "symbol": "TER",
        "period": "Q3",
        "salesrevenuegoodsnet": 402987000,
        "salesrevenueservicesnet": 75023000,
        "revenues": 43089000,
        "costofgoodssold": 182591000,
        "costofservices": 34298000,
        "costofrevenue": 216889000,
        "grossprofit": 261121000,
        "researchanddevelopmentexpenseexcludingacquiredinprocesscost": 71953000,
        "sellinggeneralandadministrativeexpense": 73064000,
        "amortizationofintangibleassets": 18271000,
        "restructuringsettlementandimpairmentprovisions": 225000,
        "operatingexpenses": 162883000,
        "operatingincomeloss": 98238000,
        "investmentincomeinterest": 1922000,
        "interestandotherincomeandexpense": 510000,
        "incomelossfromcontinuingoperationsbeforeincometaxesminorityinterestandincomelossfromequitymethodinvestments": 5779000,
        "incometaxexpensebenefit": 17721000,
        "netincomeloss": 82949000,
        "earningspersharebasic": 0.4,
        "earningspersharediluted": 0.38,
        "weightedaveragenumberofsharesoutstandingbasic": 207381000,
        "weightedaveragenumberofdilutedsharesoutstanding": 218333000,
        "commonstockdividendspersharedeclared": 0.06,
        "othercomprehensiveincomeunrealizedholdinggainlossonsecuritiesarisingduringperiodnetoftax": -138000,
        "othercomprehensiveincomelossreclassificationadjustmentfromaociforsaleofsecuritiesnetoftax": 638000,
        "othercomprehensiveincomelossavailableforsalesecuritiesadjustmentnetoftax": -776000,
        "othercomprehensiveincomelossamortizationadjustmentfromaocipensionandotherpostretirementbenefitplansfornetpriorservicecostcreditnetoftax": -74000,
        "othercomprehensiveincomelossnetoftax": -850000,
        "comprehensiveincomenetoftax": 82099000,
        "othercomprehensiveincomeunrealizedholdinggainlossonsecuritiesarisingduringperiodtax": -139000,
        "othercomprehensiveincomelossreclassificationadjustmentfromaociforsaleofsecuritiestax": 348000,
        "othercomprehensiveincomelossamortizationadjustmentfromaocipensionandotherpostretirementbenefitplansfornetpriorservicecostcredittax": -42000
    },
    {
        "date": "2014-06-28",
        "symbol": "TER",
        "period": "Q2",
        "salesrevenuegoodsnet": 452488000,
        "salesrevenueservicesnet": 73079000,
        "revenues": 68699000,
        "costofgoodssold": 202411000,
        "costofservices": 32743000,
        "costofrevenue": 235154000,
        "grossprofit": 290413000,
        "researchanddevelopmentexpenseexcludingacquiredinprocesscost": 73414000,
        "sellinggeneralandadministrativeexpense": 77489000,
        "amortizationofintangibleassets": 18271000,
        "operatingexpenses": 169746000,
        "operatingincomeloss": 120667000,
        "investmentincomeinterest": 1266000,
        "interestexpenseandother": 541000,
        "incomelossfromcontinuingoperationsbeforeincometaxesminorityinterestandincomelossfromequitymethodinvestments": 14229000,
        "incometaxexpensebenefit": 20187000,
        "netincomeloss": 101205000,
        "weightedaveragenumberofsharesoutstandingbasic": 549000,
        "weightedaveragenumberofdilutedsharesoutstanding": -9958000,
        "commonstockdividendspersharedeclared": 0,
        "othercomprehensiveincomeunrealizedholdinggainlossonsecuritiesarisingduringperiodnetoftax": 1165000,
        "othercomprehensiveincomelossreclassificationadjustmentfromaociforsaleofsecuritiesnetoftax": 272000,
        "othercomprehensiveincomelossavailableforsalesecuritiesadjustmentnetoftax": 893000,
        "othercomprehensiveincomelossamortizationadjustmentfromaocipensionandotherpostretirementbenefitplansfornetpriorservicecostcreditnetoftax": -74000,
        "othercomprehensiveincomelossnetoftax": 893000,
        "comprehensiveincomenetoftax": 102024000,
        "othercomprehensiveincomeunrealizedholdinggainlossonsecuritiesarisingduringperiodtax": 588000,
        "othercomprehensiveincomelossreclassificationadjustmentfromaociforsaleofsecuritiestax": -141000,
        "othercomprehensiveincomelossamortizationadjustmentfromaocipensionandotherpostretirementbenefitplansfornetpriorservicecostcredittax": -43000
    },
    {
        "date": "2014-03-29",
        "symbol": "TER",
        "period": "Q1",
        "salesrevenuegoodsnet": 255386000,
        "salesrevenueservicesnet": 65624000,
        "revenues": 21210000,
        "costofgoodssold": 124448000,
        "costofservices": 29515000,
        "costofrevenue": 153963000,
        "grossprofit": 167047000,
        "researchanddevelopmentexpenseexcludingacquiredinprocesscost": 67085000,
        "sellinggeneralandadministrativeexpense": 78003000,
        "amortizationofintangibleassets": 18271000,
        "operatingexpenses": 163359000,
        "operatingincomeloss": 3688000,
        "investmentincomeinterest": 1036000,
        "interestexpenseandother": 6597000,
        "incomelossfromcontinuingoperationsbeforeincometaxesminorityinterestandincomelossfromequitymethodinvestments": -25085000,
        "incometaxexpensebenefit": -2802000,
        "netincomeloss": 929000,
        "weightedaveragenumberofsharesoutstandingbasic": 193311000,
        "weightedaveragenumberofdilutedsharesoutstanding": 236484000,
        "commonstockdividendspersharedeclared": 0.06,
        "othercomprehensiveincomeunrealizedholdinggainlossonsecuritiesarisingduringperiodnetoftax": 1139000,
        "othercomprehensiveincomelossreclassificationadjustmentfromaociforsaleofsecuritiesnetoftax": 176000,
        "othercomprehensiveincomelossavailableforsalesecuritiesadjustmentnetoftax": 963000,
        "othercomprehensiveincomelossamortizationadjustmentfromaocipensionandotherpostretirementbenefitplansfornetpriorservicecostcreditnetoftax": -73000,
        "othercomprehensiveincomelossnetoftax": 963000,
        "comprehensiveincomenetoftax": 1819000,
        "othercomprehensiveincomeunrealizedholdinggainlossonsecuritiesarisingduringperiodtax": 654000,
        "othercomprehensiveincomelossreclassificationadjustmentfromaociforsaleofsecuritiestax": -102000,
        "othercomprehensiveincomelossamortizationadjustmentfromaocipensionandotherpostretirementbenefitplansfornetpriorservicecostcredittax": -42000
    },
    {
        "date": "2013-12-30",
        "symbol": "TER",
        "period": "Q4",
        "salesrevenuegoodsnet": 211710000,
        "salesrevenueservicesnet": 73591000,
        "revenues": -208217000,
        "costofgoodssold": 93461000,
        "costofservices": 31983000,
        "costofrevenue": 125444000,
        "grossprofit": 159857000,
        "researchanddevelopmentexpenseexcludingacquiredinprocesscost": 64613000,
        "sellinggeneralandadministrativeexpense": 69523000,
        "amortizationofintangibleassets": 18284000,
        "restructuringsettlementandimpairmentprovisions": 600000,
        "operatingexpenses": 153020000,
        "operatingincomeloss": 6837000,
        "investmentincomeinterest": 1206000,
        "interestexpenseandother": -27396000,
        "incomelossfromcontinuingoperationsbeforeincometaxesminorityinterestandincomelossfromequitymethodinvestments": 148904000,
        "incometaxexpensebenefit": -1619000,
        "netincomeloss": 22343000,
        "earningspersharebasic": 0.12000000000000002,
        "earningspersharediluted": 0.09999999999999995,
        "weightedaveragenumberofsharesoutstandingbasic": -380790000,
        "weightedaveragenumberofdilutedsharesoutstanding": -469895000,
        "othercomprehensiveincomeunrealizedholdinggainlossonsecuritiesarisingduringperiodnetoftax": -79000,
        "othercomprehensiveincomelossavailableforsalesecuritiesadjustmentnetoftax": 94000,
        "othercomprehensiveincomelossnetoftax": 421000,
        "comprehensiveincomenetoftax": 22488000
    },
    {
        "date": "2013-09-28",
        "symbol": "TER",
        "period": "Q3",
        "salesrevenuegoodsnet": 365825000,
        "salesrevenueservicesnet": 67551000,
        "revenues": 93132000,
        "costofgoodssold": 150365000,
        "costofservices": 28717000,
        "costofrevenue": 179082000,
        "grossprofit": 254294000,
        "researchanddevelopmentexpenseexcludingacquiredinprocesscost": 68918000,
        "sellinggeneralandadministrativeexpense": 72917000,
        "amortizationofintangibleassets": 18064000,
        "restructuringsettlementandimpairmentprovisions": 889000,
        "operatingexpenses": 160788000,
        "operatingincomeloss": 93506000,
        "investmentincomeinterest": 948000,
        "interestexpenseandother": 6902000,
        "incomelossfromcontinuingoperationsbeforeincometaxesminorityinterestandincomelossfromequitymethodinvestments": 27575000,
        "incometaxexpensebenefit": 18093000,
        "netincomeloss": 69459000,
        "earningspersharebasic": 0.36,
        "earningspersharediluted": 0.29,
        "weightedaveragenumberofsharesoutstandingbasic": 191307000,
        "weightedaveragenumberofdilutedsharesoutstanding": 235828000,
        "othercomprehensiveincomeunrealizedholdinggainlossonsecuritiesarisingduringperiodnetoftax": 887000,
        "othercomprehensiveincomelossreclassificationadjustmentfromaociforsaleofsecuritiesnetoftax": 202000,
        "othercomprehensiveincomelossavailableforsalesecuritiesadjustmentnetoftax": 685000,
        "othercomprehensiveincomelossamortizationadjustmentfromaocipensionandotherpostretirementbenefitplansfornetpriorservicecostcreditnetoftax": -109000,
        "othercomprehensiveincomelossnetoftax": 576000,
        "comprehensiveincomenetoftax": 70035000
    },
    {
        "date": "2013-06-29",
        "symbol": "TER",
        "period": "Q2",
        "salesrevenuegoodsnet": 363087000,
        "salesrevenueservicesnet": 65802000,
        "revenues": 99386000,
        "costofgoodssold": 158411000,
        "costofservices": 29245000,
        "costofrevenue": 187656000,
        "grossprofit": 241233000,
        "researchanddevelopmentexpenseexcludingacquiredinprocesscost": 67773000,
        "sellinggeneralandadministrativeexpense": 69230000,
        "amortizationofintangibleassets": 18063000,
        "restructuringsettlementandimpairmentprovisions": 259000,
        "operatingexpenses": 155325000,
        "operatingincomeloss": 85908000,
        "investmentincomeinterest": 903000,
        "interestexpenseandother": 6454000,
        "incomelossfromcontinuingoperationsbeforeincometaxesminorityinterestandincomelossfromequitymethodinvestments": 23913000,
        "incometaxexpensebenefit": 13801000,
        "netincomeloss": 66556000,
        "earningspersharebasic": 0.35,
        "earningspersharediluted": 0.28,
        "weightedaveragenumberofsharesoutstandingbasic": 190569000,
        "weightedaveragenumberofdilutedsharesoutstanding": 234909000,
        "othercomprehensiveincomeunrealizedholdinggainlossonsecuritiesarisingduringperiodnetoftax": -2268000,
        "othercomprehensiveincomelossreclassificationadjustmentfromaociforsaleofsecuritiesnetoftax": 143000,
        "othercomprehensiveincomelossavailableforsalesecuritiesadjustmentnetoftax": -2411000,
        "othercomprehensiveincomelossamortizationadjustmentfromaocipensionandotherpostretirementbenefitplansfornetpriorservicecostcreditnetoftax": -109000,
        "othercomprehensiveincomelossnetoftax": -2520000,
        "comprehensiveincomenetoftax": 64036000
    },
    {
        "date": "2013-03-30",
        "symbol": "TER",
        "period": "Q1",
        "salesrevenuegoodsnet": 214300000,
        "salesrevenueservicesnet": 66067000,
        "revenues": 35263000,
        "costofgoodssold": 96793000,
        "costofservices": 30157000,
        "costofrevenue": 126950000,
        "grossprofit": 153417000,
        "researchanddevelopmentexpenseexcludingacquiredinprocesscost": 62751000,
        "sellinggeneralandadministrativeexpense": 67890000,
        "amortizationofintangibleassets": 18036000,
        "restructuringsettlementandimpairmentprovisions": 332000,
        "operatingexpenses": 149009000,
        "operatingincomeloss": 4408000,
        "investmentincomeinterest": 1072000,
        "interestexpenseandother": 6906000,
        "incomelossfromcontinuingoperationsbeforeincometaxesminorityinterestandincomelossfromequitymethodinvestments": 1530000,
        "incometaxexpensebenefit": 6700000,
        "netincomeloss": 6589000,
        "earningspersharebasic": 0.03,
        "earningspersharediluted": 0.03,
        "weightedaveragenumberofsharesoutstandingbasic": 189686000,
        "weightedaveragenumberofdilutedsharesoutstanding": 234757000,
        "othercomprehensiveincomeunrealizedholdinggainlossonsecuritiesarisingduringperiodnetoftax": 363000,
        "othercomprehensiveincomelossreclassificationadjustmentforsaleofsecuritiesincludedinnetincomenetoftax": -275000,
        "othercomprehensiveincomelossavailableforsalesecuritiesadjustmentnetoftax": 88000,
        "othercomprehensiveincomelossamortizationpensionandotherpostretirementbenefitplansnetpriorservicecostrecognizedinnetperiodicpensioncostnetoftax": 109000,
        "othercomprehensiveincomelossnetoftax": -21000,
        "comprehensiveincomenetoftax": 6568000
    },
    {
        "date": "2012-12-30",
        "symbol": "TER",
        "period": "Q4",
        "salesrevenuegoodsnet": 179063000,
        "salesrevenueservicesnet": 69341000,
        "revenues": 106199000,
        "costofgoodssold": 92600000,
        "costofservices": 30399000,
        "costofrevenue": 122999000,
        "grossprofit": 125405000,
        "researchanddevelopmentexpenseexcludingacquiredinprocesscost": 61660000,
        "sellinggeneralandadministrativeexpense": 70436000,
        "amortizationofintangibleassets": 18221000,
        "operatingexpenses": 150000000,
        "operatingincomeloss": -24595000,
        "investmentincomeinterest": 1256000,
        "interestexpense": 6946000,
        "incomelossfromcontinuingoperationsbeforeincometaxesminorityinterestandincomelossfromequitymethodinvestments": 269302000,
        "incometaxexpensebenefit": -13742000,
        "incomelossfromcontinuingoperations": -16543000,
        "netincomeloss": -16543000,
        "incomelossfromcontinuingoperationsperbasicshare": -0.09000000000000002,
        "incomelossfromcontinuingoperationsperdilutedshare": -0.09000000000000005,
        "earningspersharebasic": -0.09000000000000002,
        "earningspersharediluted": -0.09000000000000005,
        "weightedaveragenumberofsharesoutstandingbasic": -372897000,
        "weightedaveragenumberofdilutedsharesoutstanding": -459763000,
        "othercomprehensiveincomeunrealizedholdinggainlossonsecuritiesarisingduringperiodnetoftax": -349000,
        "comprehensiveincomenetoftax": -17065000
    },
    {
        "date": "2012-09-29",
        "symbol": "TER",
        "period": "Q3",
        "salesrevenuegoodsnet": 393037000,
        "salesrevenueservicesnet": 70357000,
        "revenues": 33844000,
        "costofgoodssold": 169782000,
        "costofservices": 33412000,
        "costofrevenue": 203194000,
        "grossprofit": 260200000,
        "researchanddevelopmentexpenseexcludingacquiredinprocesscost": 63055000,
        "sellinggeneralandadministrativeexpense": 69921000,
        "amortizationofintangibleassets": 18429000,
        "restructuringsettlementandimpairmentprovisions": 683000,
        "operatingexpenses": 152088000,
        "operatingincomeloss": 108112000,
        "investmentincomeinterest": 1067000,
        "interestexpense": 6154000,
        "incomelossfromcontinuingoperationsbeforeincometaxesminorityinterestandincomelossfromequitymethodinvestments": -2642000,
        "incometaxexpensebenefit": 14384000,
        "incomelossfromcontinuingoperations": 88641000,
        "netincomeloss": 88641000,
        "incomelossfromcontinuingoperationsperbasicshare": 0.47,
        "incomelossfromcontinuingoperationsperdilutedshare": 0.39,
        "earningspersharebasic": 0.47,
        "earningspersharediluted": 0.39,
        "weightedaveragenumberofsharesoutstandingbasic": 187364000,
        "weightedaveragenumberofdilutedsharesoutstanding": 229210000,
        "othercomprehensiveincomeunrealizedholdinggainlossonsecuritiesarisingduringperiodnetoftax": 1259000,
        "othercomprehensiveincomelossreclassificationadjustmentforsaleofsecuritiesincludedinnetincomenetoftax": -93000,
        "othercomprehensiveincomelossavailableforsalesecuritiesadjustmentnetoftax": 1166000,
        "othercomprehensiveincomelossamortizationpensionandotherpostretirementbenefitplansnetpriorservicecostrecognizedinnetperiodicpensioncostnetoftax": 92000,
        "othercomprehensiveincomelossnetoftax": 1074000,
        "comprehensiveincomenetoftax": 89715000
    },
    {
        "date": "2012-06-30",
        "symbol": "TER",
        "period": "Q2",
        "salesrevenuegoodsnet": 480578000,
        "salesrevenueservicesnet": 67706000,
        "revenues": 71298000,
        "costofgoodssold": 206498000,
        "costofservices": 32280000,
        "costofrevenue": 238778000,
        "grossprofit": 309506000,
        "researchanddevelopmentexpenseexcludingacquiredinprocesscost": 66532000,
        "sellinggeneralandadministrativeexpense": 73366000,
        "amortizationofintangibleassets": 18429000,
        "restructuringchargescredits": 6262000,
        "operatingexpenses": 152065000,
        "operatingincomeloss": 157441000,
        "investmentincomeinterest": 874000,
        "interestexpense": 6323000,
        "incomelossfromcontinuingoperationsbeforeincometaxesminorityinterestandincomelossfromequitymethodinvestments": 11628000,
        "incometaxexpensebenefit": 40605000,
        "incomelossfromcontinuingoperations": 111387000,
        "netincomeloss": 111387000,
        "incomelossfromcontinuingoperationsperbasicshare": 0.6,
        "incomelossfromcontinuingoperationsperdilutedshare": 0.49,
        "earningspersharebasic": 0.6,
        "earningspersharediluted": 0.49,
        "weightedaveragenumberofsharesoutstandingbasic": 186573000,
        "weightedaveragenumberofdilutedsharesoutstanding": 229646000,
        "othercomprehensiveincomeunrealizedholdinggainlossonsecuritiesarisingduringperiodnetoftax": 452000,
        "othercomprehensiveincomelossreclassificationadjustmentforsaleofsecuritiesincludedinnetincomenetoftax": -24000,
        "othercomprehensiveincomelossavailableforsalesecuritiesadjustmentnetoftax": 428000,
        "othercomprehensiveincomelossamortizationpensionandotherpostretirementbenefitplansnetpriorservicecostrecognizedinnetperiodicpensioncostnetoftax": 92000,
        "othercomprehensiveincomelossnetoftax": 336000,
        "comprehensiveincomenetoftax": 111723000
    },
    {
        "date": "2012-03-31",
        "symbol": "TER",
        "period": "Q1",
        "salesrevenuegoodsnet": 330891000,
        "salesrevenueservicesnet": 65777000,
        "revenues": 31328000,
        "costofgoodssold": 174001000,
        "costofservices": 31741000,
        "costofrevenue": 205742000,
        "grossprofit": 190926000,
        "researchanddevelopmentexpenseexcludingacquiredinprocesscost": 60135000,
        "sellinggeneralandadministrativeexpense": 67777000,
        "amortizationofintangibleassets": 18429000,
        "restructuringcharges": -1825000,
        "operatingexpenses": 144516000,
        "operatingincomeloss": 46410000,
        "investmentincomeinterest": 893000,
        "interestexpense": 6059000,
        "incomelossfromcontinuingoperationsbeforeincometaxesminorityinterestandincomelossfromequitymethodinvestments": -12312000,
        "incometaxexpensebenefit": 7680000,
        "incomelossfromcontinuingoperations": 33564000,
        "netincomeloss": 33564000,
        "incomelossfromcontinuingoperationsperbasicshare": 0.18,
        "incomelossfromcontinuingoperationsperdilutedshare": 0.15,
        "earningspersharebasic": 0.18,
        "earningspersharediluted": 0.15,
        "weightedaveragenumberofsharesoutstandingbasic": 185838000,
        "weightedaveragenumberofdilutedsharesoutstanding": 231153000,
        "othercomprehensiveincomeunrealizedholdinggainlossonsecuritiesarisingduringperiodnetoftax": 744000,
        "othercomprehensiveincomereclassificationadjustmentforsaleofsecuritiesincludedinnetincomenetoftax": 466000,
        "othercomprehensiveincomeavailableforsalesecuritiesadjustmentnetoftaxperiodincreasedecrease": 278000,
        "othercomprehensiveincomeamortizationofdefinedbenefitplannetpriorservicecostrecognizedinnetperiodicpensioncostnetoftax": -92000,
        "othercomprehensiveincomelossnetoftaxperiodincreasedecrease": 186000,
        "comprehensiveincomenetoftax": 33750000
    },
    {
        "date": "2011-10-01",
        "symbol": "TER",
        "period": "Q3",
        "salesrevenuegoodsnet": 274944000,
        "salesrevenueservicesnet": 69445000,
        "revenues": 102995000,
        "costofgoodssold": 138617000,
        "costofservices": 35927000,
        "costofrevenue": 174544000,
        "grossprofit": 169845000,
        "researchanddevelopmentexpenseexcludingacquiredinprocesscost": 46799000,
        "sellinggeneralandadministrativeexpense": 55304000,
        "amortizationofintangibleassets": 6754000,
        "restructuringcharges": 1465000,
        "operatingexpenses": 110322000,
        "operatingincomeloss": 59523000,
        "investmentincomeinterest": 3049000,
        "interestexpense": 6068000,
        "incomelossfromcontinuingoperationsbeforeincometaxesminorityinterestandincomelossfromequitymethodinvestments": 25238000,
        "incometaxexpensebenefit": 1759000,
        "incomelossfromcontinuingoperations": 54745000,
        "discontinuedoperationgainlossondisposalofdiscontinuedoperationnetoftax": 0,
        "netincomeloss": 54745000,
        "incomelossfromcontinuingoperationsperbasicshare": 0.29999999999999993,
        "incomelossfromcontinuingoperationsperdilutedshare": 0.25000000000000006,
        "earningspersharebasic": 0.30000000000000004,
        "earningspersharediluted": 0.24999999999999994,
        "weightedaveragenumberofsharesoutstandingbasic": 19000,
        "weightedaveragenumberofdilutedsharesoutstanding": -3125000
    },
    {
        "date": "2011-07-02",
        "symbol": "TER",
        "period": "Q2",
        "salesrevenuegoodsnet": 341316000,
        "salesrevenueservicesnet": 69203000,
        "revenues": -251827000,
        "costofgoodssold": 159995000,
        "costofservices": 35438000,
        "costofrevenue": 195433000,
        "grossprofit": 215086000,
        "researchanddevelopmentexpenseexcludingacquiredinprocesscost": 47393000,
        "sellinggeneralandadministrativeexpense": 57481000,
        "amortizationofintangibleassets": 7291000,
        "restructuringcharges": 1279000,
        "operatingexpenses": 113444000,
        "operatingincomeloss": 101642000,
        "investmentincomeinterest": 1403000,
        "interestexpense": 5316000,
        "incomelossfromcontinuingoperationsbeforeincometaxesminorityinterestandincomelossfromequitymethodinvestments": -59297000,
        "incometaxexpensebenefit": 7839000,
        "incomelossfromcontinuingoperations": 89890000,
        "discontinuedoperationincomelossfromdiscontinuedoperationbeforeincometax": 0,
        "discontinuedoperationgainlossondisposalofdiscontinuedoperationnetoftax": -832000,
        "netincomeloss": 89058000,
        "incomelossfromcontinuingoperationsperbasicshare": 0.48,
        "incomelossfromcontinuingoperationsperdilutedshare": 0.39000000000000007,
        "earningspersharebasic": 0.48,
        "earningspersharediluted": 0.39000000000000007,
        "weightedaveragenumberofsharesoutstandingbasic": 324000,
        "weightedaveragenumberofdilutedsharesoutstanding": -814000,
        "discontinuedoperationtaxeffectofincomelossfromdisposalofdiscontinuedoperation": 0
    },
    {
        "date": "2011-04-02",
        "symbol": "TER",
        "period": "Q1",
        "salesrevenuegoodsnet": 315719000,
        "salesrevenueservicesnet": 61442000,
        "revenues": 377161000,
        "costofgoodssold": 153363000,
        "costofservices": 31389000,
        "costofrevenue": 184752000,
        "grossprofit": 192409000,
        "researchanddevelopmentexpenseexcludingacquiredinprocesscost": 47977000,
        "sellinggeneralandadministrativeexpense": 58229000,
        "amortizationofintangibleassets": 7291000,
        "restructuringcharges": 413000,
        "operatingexpenses": 113910000,
        "operatingincomeloss": 78499000,
        "investmentincomeinterest": 1287000,
        "interestexpense": 6176000,
        "incomelossfromcontinuingoperationsbeforeincometaxesminorityinterestandincomelossfromequitymethodinvestments": 73610000,
        "incometaxexpensebenefit": 5486000,
        "incomelossfromcontinuingoperations": 68124000,
        "discontinuedoperationincomelossfromdiscontinuedoperationbeforeincometax": 1278000,
        "discontinuedoperationtaxeffectofdiscontinuedoperation": -267000,
        "incomelossfromdiscontinuedoperationsnetoftax": 1545000,
        "discontinuedoperationgainlossondisposalofdiscontinuedoperationnetoftax": 25203000,
        "netincomeloss": 94872000,
        "incomelossfromcontinuingoperationsperbasicshare": 0.37,
        "incomelossfromcontinuingoperationsperdilutedshare": 0.29,
        "earningspersharebasic": 0.51,
        "earningspersharediluted": 0.41,
        "weightedaveragenumberofsharesoutstandingbasic": 184720000,
        "weightedaveragenumberofdilutedsharesoutstanding": 232080000,
        "discontinuedoperationtaxeffectofincomelossfromdisposalofdiscontinuedoperation": 4578000
    },
    {
        "date": "2010-10-02",
        "symbol": "TER",
        "period": "Q3",
        "salesrevenuegoodsnet": 436274000,
        "salesrevenueservicesnet": 65812000,
        "revenues": 502086000,
        "costofgoodssold": 191860000,
        "costofservices": 34451000,
        "costofrevenue": 226311000,
        "grossprofit": 275775000,
        "researchanddevelopmentexpenseexcludingacquiredinprocesscost": 50122000,
        "sellinggeneralandadministrativeexpense": 61109000,
        "amortizationofintangibleassets": 7291000,
        "restructuringcharges": -859000,
        "operatingexpenses": 117663000,
        "operatingincomeloss": 158112000,
        "investmentincomeinterest": 1466000,
        "interestexpense": 5562000,
        "incomelossfromcontinuingoperationsbeforeincometaxesminorityinterestandincomelossfromequitymethodinvestments": 154016000,
        "incometaxexpensebenefit": 6676000,
        "netincomeloss": 147340000,
        "earningspersharebasic": 0.81,
        "earningspersharediluted": 0.66,
        "weightedaveragenumberofsharesoutstandingbasic": 181239000,
        "weightedaveragenumberofdilutedsharesoutstanding": 229389000
    },
    {
        "date": "2010-07-03",
        "symbol": "TER",
        "period": "Q2",
        "salesrevenuegoodsnet": 391148000,
        "salesrevenueservicesnet": 63628000,
        "revenues": 454776000,
        "costofgoodssold": 167160000,
        "costofservices": 33313000,
        "costofrevenue": 200473000,
        "grossprofit": 254303000,
        "researchanddevelopmentexpenseexcludingacquiredinprocesscost": 50393000,
        "sellinggeneralandadministrativeexpense": 58343000,
        "amortizationofintangibleassets": 7313000,
        "restructuringcharges": 1700000,
        "operatingexpenses": 117749000,
        "operatingincomeloss": 136554000,
        "investmentincomeinterest": 3681000,
        "interestexpense": 8543000,
        "incomelossfromcontinuingoperationsbeforeincometaxesminorityinterestandincomelossfromequitymethodinvestments": 131692000,
        "incometaxexpensebenefit": 9543000,
        "netincomeloss": 122149000,
        "earningspersharebasic": 0.68,
        "earningspersharediluted": 0.55,
        "weightedaveragenumberofsharesoutstandingbasic": 179990000,
        "weightedaveragenumberofdilutedsharesoutstanding": 231541000
    }
]