[
    {
        "date": "2023-09-29",
        "symbol": "ZG",
        "period": "Q3",
        "revenuefromcontractwithcustomerexcludingassessedtax": 1452000000,
        "costofrevenue": 110000000,
        "grossprofit": 386000000,
        "sellingandmarketingexpense": 164000000,
        "researchanddevelopmentexpense": 142000000,
        "generalandadministrativeexpense": 131000000,
        "assetimpairmentchargesandrestructuringcharges": 1000000,
        "costsandexpenses": 439000000,
        "operatingincomeloss": -53000000,
        "othernonoperatingincome": 34000000,
        "interestexpensedebt": 10000000,
        "incomelossfromcontinuingoperationsbeforeincometaxesextraordinaryitemsnoncontrollinginterest": -28000000,
        "incomelossfromcontinuingoperations": -28000000,
        "netincomeloss": -28000000,
        "incomelossfromcontinuingoperationsperbasicshare": -0.12,
        "incomelossfromcontinuingoperationsperdilutedshare": -0.12,
        "earningspersharebasic": -0.12,
        "earningspersharediluted": -0.12,
        "weightedaveragenumberofsharesoutstandingbasic": -232494000,
        "weightedaveragenumberofdilutedsharesoutstanding": -232494000,
        "othercomprehensiveincomeavailableforsalesecuritiesadjustmentnetoftaxportionattributabletoparent": -2000000,
        "othercomprehensiveincomelossnetoftax": -2000000,
        "comprehensiveincomenetoftax": -30000000
    },
    {
        "date": "2023-06-29",
        "symbol": "ZG",
        "period": "Q2",
        "revenuefromcontractwithcustomerexcludingassessedtax": 11000000,
        "costofrevenue": 104000000,
        "grossprofit": 402000000,
        "sellingandmarketingexpense": 173000000,
        "researchanddevelopmentexpense": 140000000,
        "generalandadministrativeexpense": 153000000,
        "assetimpairmentchargesandrestructuringcharges": 2000000,
        "businesscombinationacquisitionrelatedcosts": 1000000,
        "costsandexpenses": 469000000,
        "operatingincomeloss": -67000000,
        "othernonoperatingincome": 42000000,
        "interestexpensedebt": 9000000,
        "incomelossfromcontinuingoperationsbeforeincometaxesextraordinaryitemsnoncontrollinginterest": -34000000,
        "incometaxexpensebenefit": 1000000,
        "incomelossfromcontinuingoperations": -35000000,
        "netincomeloss": -35000000,
        "incomelossfromcontinuingoperationsperbasicshare": -0.15,
        "incomelossfromcontinuingoperationsperdilutedshare": -0.15,
        "earningspersharebasic": -0.15,
        "earningspersharediluted": -0.15,
        "weightedaveragenumberofsharesoutstandingbasic": 233629000,
        "weightedaveragenumberofdilutedsharesoutstanding": 233629000,
        "othercomprehensiveincomeavailableforsalesecuritiesadjustmentnetoftaxportionattributabletoparent": -16000000,
        "othercomprehensiveincomelossnetoftax": -16000000,
        "comprehensiveincomenetoftax": -51000000
    },
    {
        "date": "2023-03-30",
        "symbol": "ZG",
        "period": "Q1",
        "revenuefromcontractwithcustomerexcludingassessedtax": 8000000,
        "costofrevenue": 92000000,
        "grossprofit": 377000000,
        "sellingandmarketingexpense": 156000000,
        "researchanddevelopmentexpense": 137000000,
        "generalandadministrativeexpense": 123000000,
        "assetimpairmentchargesandrestructuringcharges": 6000000,
        "costsandexpenses": 422000000,
        "operatingincomeloss": -45000000,
        "othernonoperatingincome": 32000000,
        "interestexpensedebt": 8000000,
        "incomelossfromcontinuingoperationsbeforeincometaxesextraordinaryitemsnoncontrollinginterest": -22000000,
        "incomelossfromcontinuingoperations": -22000000,
        "netincomeloss": -22000000,
        "incomelossfromcontinuingoperationsperbasicshare": -0.09,
        "incomelossfromcontinuingoperationsperdilutedshare": -0.09,
        "earningspersharebasic": -0.09,
        "earningspersharediluted": -0.09,
        "weightedaveragenumberofsharesoutstandingbasic": 234425000,
        "weightedaveragenumberofdilutedsharesoutstanding": 234425000,
        "othercomprehensiveincomeavailableforsalesecuritiesadjustmentnetoftaxportionattributabletoparent": 12000000,
        "othercomprehensiveincomelossnetoftax": 12000000,
        "comprehensiveincomenetoftax": -10000000
    },
    {
        "date": "2022-12-30",
        "symbol": "ZG",
        "period": "Q4",
        "revenuefromcontractwithcustomerexcludingassessedtax": 18000000,
        "costofrevenue": 3000000,
        "grossprofit": -3000000,
        "sellingandmarketingexpense": 2000000,
        "researchanddevelopmentexpense": 1000000,
        "generalandadministrativeexpense": 5000000,
        "costsandexpenses": 10000000,
        "operatingincomeloss": -13000000,
        "othernonoperatingincome": 26000000,
        "interestexpensedebt": 8000000,
        "incomelossfromcontinuingoperationsbeforeincometaxesextraordinaryitemsnoncontrollinginterest": -86000000,
        "incometaxexpensebenefit": 4000000,
        "netincomeloss": -72000000,
        "earningspersharebasic": -0.3,
        "earningspersharediluted": -0.3,
        "weightedaveragenumberofsharesoutstandingbasic": -1994000,
        "weightedaveragenumberofdilutedsharesoutstanding": -1994000,
        "othercomprehensiveincomelossnetoftax": 4000000,
        "comprehensiveincomenetoftax": -68000000
    },
    {
        "date": "2022-09-29",
        "symbol": "ZG",
        "period": "Q3",
        "revenuefromcontractwithcustomerexcludingassessedtax": 26000000,
        "costofrevenue": -16000000,
        "grossprofit": -59000000,
        "sellingandmarketingexpense": -30000000,
        "researchanddevelopmentexpense": -12000000,
        "generalandadministrativeexpense": -5000000,
        "equitysecuritieswithoutreadilydeterminablefairvalueimpairmentlossannualamount": -25000000,
        "costsandexpenses": -43000000,
        "operatingincomeloss": -16000000,
        "othernonoperatingincome": 15000000,
        "interestexpensedebt": 9000000,
        "incomelossfromcontinuingoperationsbeforeincometaxesextraordinaryitemsnoncontrollinginterest": -44000000,
        "incometaxexpensebenefit": 2000000,
        "netincomeloss": -53000000,
        "earningspersharebasic": -0.21,
        "earningspersharediluted": -0.21,
        "weightedaveragenumberofsharesoutstandingbasic": -248327000,
        "weightedaveragenumberofdilutedsharesoutstanding": -252969000,
        "othercomprehensiveincomelossnetoftax": -6000000,
        "comprehensiveincomenetoftax": -59000000
    },
    {
        "date": "2022-06-29",
        "symbol": "ZG",
        "period": "Q2",
        "revenuefromcontractwithcustomerexcludingassessedtax": 29000000,
        "costofrevenue": 17000000,
        "grossprofit": 12000000,
        "sellingandmarketingexpense": 18000000,
        "researchanddevelopmentexpense": 11000000,
        "generalandadministrativeexpense": 20000000,
        "equitysecuritieswithoutreadilydeterminablefairvalueimpairmentlossannualamount": 1000000,
        "costsandexpenses": 49000000,
        "operatingincomeloss": -37000000,
        "gainslossesonextinguishmentofdebt": -7000000,
        "othernonoperatingincome": 5000000,
        "interestexpensedebt": 8000000,
        "incomelossfromcontinuingoperationsbeforeincometaxesextraordinaryitemsnoncontrollinginterest": 17000000,
        "incometaxexpensebenefit": 6000000,
        "netincomeloss": 8000000,
        "earningspersharebasic": 0.03,
        "earningspersharediluted": 0.03,
        "weightedaveragenumberofsharesoutstandingbasic": 243942000,
        "weightedaveragenumberofdilutedsharesoutstanding": 245163000,
        "othercomprehensiveincomeavailableforsalesecuritiesadjustmentnetoftaxportionattributabletoparent": -12000000,
        "othercomprehensiveincomelossnetoftax": -12000000,
        "comprehensiveincomenetoftax": -4000000
    },
    {
        "date": "2022-03-30",
        "symbol": "ZG",
        "period": "Q1",
        "revenuefromcontractwithcustomerexcludingassessedtax": 46000000,
        "costofrevenue": 20000000,
        "grossprofit": 26000000,
        "sellingandmarketingexpense": 23000000,
        "researchanddevelopmentexpense": 10000000,
        "generalandadministrativeexpense": 18000000,
        "equitysecuritieswithoutreadilydeterminablefairvalueimpairmentlossannualamount": 38000000,
        "costsandexpenses": 53000000,
        "operatingincomeloss": -27000000,
        "gainslossesonextinguishmentofdebt": -14000000,
        "othernonoperatingincome": 1000000,
        "interestexpensedebt": 7000000,
        "incomelossfromcontinuingoperationsbeforeincometaxesextraordinaryitemsnoncontrollinginterest": 13000000,
        "incometaxexpensebenefit": -9000000,
        "netincomeloss": 16000000,
        "earningspersharebasic": 0.06,
        "earningspersharediluted": 0.06,
        "weightedaveragenumberofsharesoutstandingbasic": 248542000,
        "weightedaveragenumberofdilutedsharesoutstanding": 251963000,
        "othercomprehensiveincomeunrealizedholdinggainlossonsecuritiesarisingduringperiodnetoftax": -8000000,
        "othercomprehensiveincomelossnetoftax": -8000000,
        "comprehensiveincomenetoftax": 8000000
    },
    {
        "date": "2021-12-30",
        "symbol": "ZG",
        "period": "Q4",
        "revenuefromcontractwithcustomerexcludingassessedtax": 50821000,
        "costofrevenue": -1396621000,
        "sellingandmarketingexpense": 27741000,
        "researchanddevelopmentexpense": 6543000,
        "generalandadministrativeexpense": 19437000,
        "businesscombinationintegrationrelatedcosts": -7043000,
        "costsandexpenses": 36251000,
        "operatingincomeloss": -26805000,
        "gainslossesonextinguishmentofdebt": 0,
        "othernonoperatingincome": 409000,
        "interestexpensedebt": 28339000,
        "incomelossfromcontinuingoperationsbeforeincometaxesextraordinaryitemsnoncontrollinginterest": -231424000,
        "incometaxexpensebenefit": 1854000,
        "netincomeloss": -261208000,
        "earningspersharebasic": -1.0699999999999998,
        "earningspersharediluted": -1.0599999999999998,
        "weightedaveragenumberofsharesoutstandingbasic": -495523000,
        "weightedaveragenumberofdilutedsharesoutstanding": -524979000,
        "othercomprehensiveincomeunrealizedholdinggainlossonsecuritiesarisingduringperiodnetoftax": 7083000,
        "othercomprehensiveincomeavailableforsalesecuritiesadjustmentnetoftaxportionattributabletoparent": 7083000,
        "othercomprehensiveincomelossforeigncurrencytransactionandtranslationadjustmentnetoftax": 0,
        "othercomprehensiveincomelossnetoftax": 7083000,
        "comprehensiveincomenetoftax": -254125000
    },
    {
        "date": "2021-09-29",
        "symbol": "ZG",
        "period": "Q3",
        "revenuefromcontractwithcustomerexcludingassessedtax": 70290000,
        "costofrevenue": 21790000,
        "grossprofit": 48500000,
        "sellingandmarketingexpense": 28812000,
        "researchanddevelopmentexpense": 7556000,
        "generalandadministrativeexpense": 17761000,
        "businesscombinationintegrationrelatedcosts": 3235000,
        "costsandexpenses": 54129000,
        "operatingincomeloss": -5629000,
        "gainslossesonextinguishmentofdebt": 14785000,
        "othernonoperatingincome": 594000,
        "interestexpensedebt": 27898000,
        "incomelossfromcontinuingoperationsbeforeincometaxesextraordinaryitemsnoncontrollinginterest": -297096000,
        "incometaxexpensebenefit": -11011000,
        "netincomeloss": -328174000,
        "earningspersharebasic": -1.29,
        "earningspersharediluted": -1.29,
        "weightedaveragenumberofsharesoutstandingbasic": 254074000,
        "weightedaveragenumberofdilutedsharesoutstanding": 254074000,
        "othercomprehensiveincomeunrealizedholdinggainlossonsecuritiesarisingduringperiodnetoftax": -88000,
        "othercomprehensiveincomeavailableforsalesecuritiesadjustmentnetoftaxportionattributabletoparent": -88000,
        "othercomprehensiveincomelossforeigncurrencytransactionandtranslationadjustmentnetoftax": -66000,
        "othercomprehensiveincomelossnetoftax": -154000,
        "comprehensiveincomenetoftax": -328328000
    },
    {
        "date": "2021-06-29",
        "symbol": "ZG",
        "period": "Q2",
        "revenuefromcontractwithcustomerexcludingassessedtax": 777145000,
        "costofrevenue": 707522000,
        "grossprofit": 538395000,
        "sellingandmarketingexpense": 229434000,
        "researchanddevelopmentexpense": 128463000,
        "generalandadministrativeexpense": 115102000,
        "businesscombinationintegrationrelatedcosts": 3671000,
        "costsandexpenses": 476670000,
        "operatingincomeloss": 61725000,
        "gainslossesonextinguishmentofdebt": -931000,
        "othernonoperatingincome": 1587000,
        "interestexpensedebt": 39430000,
        "incomelossfromcontinuingoperationsbeforeincometaxesextraordinaryitemsnoncontrollinginterest": 22951000,
        "incometaxexpensebenefit": 13310000,
        "netincomeloss": 9641000,
        "earningspersharebasic": 0.04,
        "earningspersharediluted": 0.04,
        "weightedaveragenumberofsharesoutstandingbasic": 248152000,
        "weightedaveragenumberofdilutedsharesoutstanding": 261496000,
        "othercomprehensiveincomeunrealizedholdinggainlossonsecuritiesarisingduringperiodnetoftax": -178000,
        "othercomprehensiveincomeavailableforsalesecuritiesadjustmentnetoftaxportionattributabletoparent": -178000,
        "othercomprehensiveincomelossforeigncurrencytransactionandtranslationadjustmentnetoftax": 29000,
        "othercomprehensiveincomelossnetoftax": -149000,
        "comprehensiveincomenetoftax": 9492000
    },
    {
        "date": "2021-03-30",
        "symbol": "ZG",
        "period": "Q1",
        "revenuefromcontractwithcustomerexcludingassessedtax": 704152000,
        "costofrevenue": 640618000,
        "sellingandmarketingexpense": 193593000,
        "researchanddevelopmentexpense": 148856000,
        "generalandadministrativeexpense": 100551000,
        "businesscombinationintegrationrelatedcosts": 817000,
        "costsandexpenses": 1130847000,
        "operatingincomeloss": 87593000,
        "gainslossesonextinguishmentofdebt": -1403000,
        "othernonoperatingincome": 2439000,
        "interestexpensedebt": 39555000,
        "incomelossfromcontinuingoperationsbeforeincometaxesextraordinaryitemsnoncontrollinginterest": 49074000,
        "incometaxexpensebenefit": -2890000,
        "netincomeloss": 51964000,
        "earningspersharebasic": 0.21,
        "earningspersharediluted": 0.2,
        "weightedaveragenumberofsharesoutstandingbasic": 243234000,
        "weightedaveragenumberofdilutedsharesoutstanding": 259346000,
        "amortizationofintangibleassets": 20838000,
        "othercomprehensiveincomeunrealizedholdinggainlossonsecuritiesarisingduringperiodnetoftax": 261000,
        "othercomprehensiveincomeavailableforsalesecuritiesadjustmentnetoftaxportionattributabletoparent": 261000,
        "othercomprehensiveincomelossforeigncurrencytransactionandtranslationadjustmentnetoftax": 29000,
        "othercomprehensiveincomelossnetoftax": 290000,
        "comprehensiveincomenetoftax": 52254000
    },
    {
        "date": "2020-12-30",
        "symbol": "ZG",
        "period": "Q4",
        "revenuefromcontractwithcustomerexcludingassessedtax": 304145000,
        "costofrevenue": 277249000,
        "sellingandmarketingexpense": 161744000,
        "researchanddevelopmentexpense": 126997000,
        "generalandadministrativeexpense": 93431000,
        "costsandexpenses": 699600000,
        "operatingincomeloss": 89352000,
        "othernonoperatingincome": 2803000,
        "interestexpensedebt": 40575000,
        "incomelossfromcontinuingoperationsbeforeincometaxesextraordinaryitemsnoncontrollinginterest": 46637000,
        "incometaxexpensebenefit": 601000,
        "netincomeloss": 46036000,
        "amortizationofintangibleassets": 19977000,
        "othercomprehensiveincomeunrealizedholdinggainlossonsecuritiesarisingduringperiodnetoftax": -405000,
        "othercomprehensiveincomeavailableforsalesecuritiesadjustmentnetoftaxportionattributabletoparent": -405000,
        "othercomprehensiveincomelossforeigncurrencytransactionandtranslationadjustmentnetoftax": 108000,
        "othercomprehensiveincomelossnetoftax": -297000,
        "comprehensiveincomenetoftax": 45739000
    },
    {
        "date": "2020-09-29",
        "symbol": "ZG",
        "period": "Q3",
        "revenuefromcontractwithcustomerexcludingassessedtax": 187105000,
        "costofrevenue": 179804000,
        "sellingandmarketingexpense": 150826000,
        "researchanddevelopmentexpense": 127300000,
        "generalandadministrativeexpense": 85895000,
        "costsandexpenses": 580245000,
        "operatingincomeloss": 76447000,
        "othernonoperatingincome": 3018000,
        "interestexpensedebt": 39470000,
        "incomelossfromcontinuingoperationsbeforeincometaxesextraordinaryitemsnoncontrollinginterest": 39995000,
        "incometaxexpensebenefit": 425000,
        "netincomeloss": 39570000,
        "amortizationofintangibleassets": 19245000,
        "othercomprehensiveincomeunrealizedholdinggainlossonsecuritiesarisingduringperiodnetoftax": -1122000,
        "othercomprehensiveincomeavailableforsalesecuritiesadjustmentnetoftaxportionattributabletoparent": -1122000,
        "othercomprehensiveincomelossforeigncurrencytransactionandtranslationadjustmentnetoftax": 58000,
        "othercomprehensiveincomelossnetoftax": -1064000,
        "comprehensiveincomenetoftax": 38506000
    },
    {
        "date": "2020-06-29",
        "symbol": "ZG",
        "period": "Q2",
        "revenuefromcontractwithcustomerexcludingassessedtax": 454252000,
        "costofrevenue": 431788000,
        "sellingandmarketingexpense": 155598000,
        "researchanddevelopmentexpense": 128857000,
        "generalandadministrativeexpense": 85511000,
        "equitysecuritieswithoutreadilydeterminablefairvalueimpairmentlossannualamount": 0,
        "costsandexpenses": 831037000,
        "operatingincomeloss": -62685000,
        "othernonoperatingincome": 10115000,
        "interestexpensedebt": 37590000,
        "incomelossfromcontinuingoperationsbeforeincometaxesextraordinaryitemsnoncontrollinginterest": -83769000,
        "incometaxexpensebenefit": 679000,
        "netincomeloss": -84448000,
        "earningspersharebasicanddiluted": -0.3699999999999999,
        "weightedaveragenumberofshareoutstandingbasicanddiluted": 4396000,
        "amortizationofintangibleassets": 18857000,
        "othercomprehensiveincomeunrealizedholdinggainlossonsecuritiesarisingduringperiodnetoftax": -2806000,
        "othercomprehensiveincomeavailableforsalesecuritiesadjustmentnetoftaxportionattributabletoparent": -2868000,
        "othercomprehensiveincomelossforeigncurrencytransactionandtranslationadjustmentnetoftax": 107000,
        "othercomprehensiveincomelossnetoftax": -2761000,
        "comprehensiveincomenetoftax": -87209000
    },
    {
        "date": "2020-03-30",
        "symbol": "ZG",
        "period": "Q1",
        "revenuefromcontractwithcustomerexcludingassessedtax": 769873000,
        "costofrevenue": 732199000,
        "sellingandmarketingexpense": 204648000,
        "researchanddevelopmentexpense": 134918000,
        "generalandadministrativeexpense": 92285000,
        "equitysecuritieswithoutreadilydeterminablefairvalueimpairmentlossannualamount": 76800000,
        "costsandexpenses": 1270323000,
        "operatingincomeloss": -144502000,
        "othernonoperatingincome": 9593000,
        "interestexpensedebt": 37592000,
        "incomelossfromcontinuingoperationsbeforeincometaxesextraordinaryitemsnoncontrollinginterest": -172501000,
        "incometaxexpensebenefit": -9228000,
        "netincomeloss": -163273000,
        "earningspersharebasicanddiluted": -0.78,
        "weightedaveragenumberofshareoutstandingbasicanddiluted": 210674000,
        "amortizationofintangibleassets": 17184000,
        "othercomprehensiveincomeunrealizedholdinggainlossonsecuritiesarisingduringperiodnetoftax": 3602000,
        "othercomprehensiveincomelossreclassificationadjustmentfromaociforwritedownofsecuritiesnetoftax": 434000,
        "othercomprehensiveincomeavailableforsalesecuritiesadjustmentnetoftaxportionattributabletoparent": 4036000,
        "othercomprehensiveincomelossforeigncurrencytransactionandtranslationadjustmentnetoftax": -90000,
        "othercomprehensiveincomelossnetoftax": 3946000,
        "comprehensiveincomenetoftax": -159327000
    },
    {
        "date": "2019-12-30",
        "symbol": "ZG",
        "period": "Q4",
        "revenuefromcontractwithcustomerexcludingassessedtax": 358683000,
        "costofrevenue": 894239000,
        "sellingandmarketingexpense": 183761000,
        "researchanddevelopmentexpense": 125273000,
        "generalandadministrativeexpense": 99070000,
        "businesscombinationintegrationrelatedcosts": 0,
        "costsandexpenses": 1017721000,
        "operatingincomeloss": -73774000,
        "othernonoperatingincome": 12033000,
        "interestexpensedebt": 39927000,
        "incomelossfromcontinuingoperationsbeforeincometaxesextraordinaryitemsnoncontrollinginterest": -101668000,
        "netincomeloss": -101210000,
        "earningspersharebasicanddiluted": -0.4899999999999998,
        "weightedaveragenumberofshareoutstandingbasicanddiluted": -205759000,
        "amortizationofintangibleassets": 17046000,
        "othercomprehensiveincomeunrealizedholdinggainlossonsecuritiesarisingduringperiodnetoftax": -375000,
        "othercomprehensiveincomelossforeigncurrencytransactionandtranslationadjustmentnetoftax": -69000,
        "othercomprehensiveincomelossnetoftax": -444000,
        "comprehensiveincomenetoftax": -101654000
    },
    {
        "date": "2019-09-29",
        "symbol": "ZG",
        "period": "Q3",
        "netincomeloss": -64649000,
        "othercomprehensiveincomeunrealizedholdinggainlossonsecuritiesarisingduringperiodnetoftax": -143000,
        "othercomprehensiveincomelossforeigncurrencytransactionandtranslationadjustmentnetoftax": 31000,
        "othercomprehensiveincomelossnetoftax": -112000,
        "comprehensiveincomenetoftax": -64761000,
        "revenuefromcontractwithcustomerexcludingassessedtax": 384626000,
        "costofrevenue": 370796000,
        "sellingandmarketingexpense": 181347000,
        "researchanddevelopmentexpense": 123974000,
        "generalandadministrativeexpense": 88493000,
        "businesscombinationintegrationrelatedcosts": 5000,
        "costsandexpenses": 793654000,
        "operatingincomeloss": -48446000,
        "othernonoperatingincome": 8999000,
        "interestexpensedebt": 26502000,
        "incomelossfromcontinuingoperationsbeforeincometaxesextraordinaryitemsnoncontrollinginterest": -65949000,
        "incometaxexpensebenefit": -1300000,
        "earningspersharebasicanddiluted": -0.31,
        "weightedaveragenumberofshareoutstandingbasicanddiluted": 207002000,
        "amortizationofintangibleassets": 15835000
    },
    {
        "date": "2019-06-29",
        "symbol": "ZG",
        "period": "Q2",
        "netincomeloss": -71977000,
        "othercomprehensiveincomeunrealizedholdinggainlossonsecuritiesarisingduringperiodnetoftax": 751000,
        "othercomprehensiveincomelossforeigncurrencytransactionandtranslationadjustmentnetoftax": -52000,
        "othercomprehensiveincomelossnetoftax": 699000,
        "comprehensiveincomenetoftax": -71278000,
        "revenuefromcontractwithcustomerexcludingassessedtax": 323669000,
        "costofrevenue": 26059000,
        "sellingandmarketingexpense": 187433000,
        "researchanddevelopmentexpense": 120330000,
        "generalandadministrativeexpense": 82839000,
        "businesscombinationintegrationrelatedcosts": 293000,
        "costsandexpenses": 662116000,
        "operatingincomeloss": -62538000,
        "othernonoperatingincome": 9458000,
        "interestexpensedebt": 18897000,
        "incomelossfromcontinuingoperationsbeforeincometaxesextraordinaryitemsnoncontrollinginterest": -71977000,
        "incometaxexpensebenefit": 0,
        "earningspersharebasicanddiluted": -0.35000000000000003,
        "weightedaveragenumberofshareoutstandingbasicanddiluted": 623000,
        "amortizationofintangibleassets": 14656000
    },
    {
        "date": "2019-03-30",
        "symbol": "ZG",
        "period": "Q1",
        "netincomeloss": -67525000,
        "othercomprehensiveincomeunrealizedholdinggainlossonsecuritiesarisingduringperiodnetoftax": 1144000,
        "othercomprehensiveincomelossforeigncurrencytransactionandtranslationadjustmentnetoftax": -42000,
        "othercomprehensiveincomelossnetoftax": 1102000,
        "comprehensiveincomenetoftax": -66423000,
        "revenuefromcontractwithcustomerexcludingassessedtax": 298272000,
        "costofrevenue": 24251000,
        "sellingandmarketingexpense": 161587000,
        "researchanddevelopmentexpense": 107770000,
        "generalandadministrativeexpense": 95774000,
        "businesscombinationacquisitionrelatedcosts": 352000,
        "businesscombinationintegrationrelatedcosts": 352000,
        "costsandexpenses": 516831000,
        "operatingincomeloss": -62727000,
        "othernonoperatingincome": 9168000,
        "interestexpensedebt": 16466000,
        "incomelossfromcontinuingoperationsbeforeincometaxesextraordinaryitemsnoncontrollinginterest": -70025000,
        "incometaxexpensebenefit": -2500000,
        "earningspersharebasicanddiluted": -0.33,
        "weightedaveragenumberofshareoutstandingbasicanddiluted": 204514000,
        "amortizationofintangibleassets": 14400000
    },
    {
        "date": "2018-12-30",
        "symbol": "ZG",
        "period": "Q4",
        "netincomeloss": -95520000,
        "othercomprehensiveincomeunrealizedholdinggainlossonsecuritiesarisingduringperiodnetoftax": 681000,
        "othercomprehensiveincomelossnetoftax": 756000,
        "comprehensiveincomenetoftax": -96926000,
        "sellingandmarketingexpense": 139276000,
        "researchanddevelopmentexpense": 115604000,
        "generalandadministrativeexpense": 79953000,
        "businesscombinationacquisitionrelatedcosts": 268000,
        "costsandexpenses": 473065000,
        "operatingincomeloss": -107730000,
        "othernonoperatingincome": 5962000,
        "interestexpensedebt": 14400000,
        "incomelossfromcontinuingoperationsbeforeincometaxesextraordinaryitemsnoncontrollinginterest": -116095000,
        "incometaxexpensebenefit": -7502000,
        "earningspersharebasicanddiluted": -0.48,
        "amortizationofintangibleassets": 43244000
    },
    {
        "date": "2018-09-29",
        "symbol": "ZG",
        "period": "Q3",
        "netincomeloss": -492000,
        "othercomprehensiveincomeunrealizedholdinggainlossonsecuritiesarisingduringperiodnetoftax": -428000,
        "othercomprehensiveincomelossforeigncurrencytransactionandtranslationadjustmentnetoftax": 42000,
        "othercomprehensiveincomelossnetoftax": -386000,
        "comprehensiveincomenetoftax": -878000,
        "revenuefromcontractwithcustomerexcludingassessedtax": 332076000,
        "costofrevenue": 26386000,
        "sellingandmarketingexpense": 128734000,
        "researchanddevelopmentexpense": 105314000,
        "generalandadministrativeexpense": 70743000,
        "equitysecuritieswithoutreadilydeterminablefairvalueimpairmentlossannualamount": 10000000,
        "businesscombinationacquisitionrelatedcosts": 1405000,
        "businesscombinationintegrationrelatedcosts": 523000,
        "costsandexpenses": 353391000,
        "operatingincomeloss": -10297000,
        "othernonoperatingincome": 7773000,
        "interestexpensedebt": 12668000,
        "incomelossfromcontinuingoperationsbeforeincometaxesextraordinaryitemsnoncontrollinginterest": -15192000,
        "incometaxexpensebenefit": -14700000,
        "earningspersharebasicanddiluted": -0.01,
        "weightedaveragenumberofsharesoutstandingbasic": 202416000,
        "weightedaveragenumberofdilutedsharesoutstanding": 202416000,
        "amortizationofintangibleassets": 18165000
    },
    {
        "date": "2018-06-29",
        "symbol": "ZG",
        "period": "Q2",
        "netincomeloss": -2422000,
        "othercomprehensiveincomeunrealizedholdinggainlossonsecuritiesarisingduringperiodnetoftax": 223000,
        "othercomprehensiveincomelossforeigncurrencytransactionandtranslationadjustmentnetoftax": -44000,
        "othercomprehensiveincomelossnetoftax": 179000,
        "comprehensiveincomenetoftax": -2914000,
        "revenuefromcontractwithcustomerexcludingassessedtax": 325246000,
        "costofrevenue": 25527000,
        "sellingandmarketingexpense": 145177000,
        "researchanddevelopmentexpense": 95967000,
        "generalandadministrativeexpense": 55384000,
        "businesscombinationacquisitionrelatedcosts": 632000,
        "costsandexpenses": 322687000,
        "operatingincomeloss": 2559000,
        "othernonoperatingincome": 3089000,
        "interestexpensedebt": 7187000,
        "incomelossfromcontinuingoperationsbeforeincometaxesextraordinaryitemsnoncontrollinginterest": -1539000,
        "incometaxexpensebenefit": -12190000,
        "earningspersharebasicanddiluted": -0.01,
        "weightedaveragenumberofshareoutstandingbasicanddiluted": 194155000,
        "amortizationofintangibleassets": 8400000
    },
    {
        "date": "2018-03-30",
        "symbol": "ZG",
        "period": "Q1",
        "netincomeloss": -21424000,
        "othercomprehensiveincomeunrealizedholdinggainlossonsecuritiesarisingduringperiodnetoftax": -332000,
        "othercomprehensiveincomelossforeigncurrencytransactionandtranslationadjustmentnetoftax": -22000,
        "othercomprehensiveincomelossnetoftax": -354000,
        "comprehensiveincomenetoftax": -18945000,
        "revenues": 299879000,
        "costofrevenue": 23919000,
        "sellingandmarketingexpense": 139434000,
        "researchanddevelopmentexpense": 93933000,
        "generalandadministrativeexpense": 56073000,
        "businesscombinationacquisitionrelatedcosts": 27000,
        "costsandexpenses": 313386000,
        "operatingincomeloss": -13507000,
        "othernonoperatingincome": 2446000,
        "interestexpensedebt": 7000000,
        "incomelossfromcontinuingoperationsbeforeincometaxesextraordinaryitemsnoncontrollinginterest": -18134000,
        "incometaxexpensebenefit": 3290000,
        "earningspersharebasicanddiluted": -0.11,
        "weightedaveragenumberofshareoutstandingbasicanddiluted": 191464000,
        "amortizationofintangibleassets": 9500000
    },
    {
        "date": "2017-12-30",
        "symbol": "ZG",
        "period": "Q4",
        "revenues": 282330000,
        "costofrevenue": 22559000,
        "sellingandmarketingexpense": 103935000,
        "researchanddevelopmentexpense": -41798000,
        "generalandadministrativeexpense": 57778000,
        "businesscombinationacquisitionrelatedcosts": 97000,
        "costsandexpenses": 443556000,
        "operatingincomeloss": -161226000,
        "othernonoperatingincome": 1415000,
        "interestexpensedebt": 6900000,
        "incomelossfromcontinuingoperationsbeforeincometaxesextraordinaryitemsnoncontrollinginterest": -166802000,
        "netincomeloss": -77175000,
        "earningspersharebasicanddiluted": -0.41000000000000003,
        "amortizationofintangibleassets": 10000000,
        "othercomprehensiveincomeunrealizedholdinggainlossonsecuritiesarisingduringperiodnetoftax": -755000,
        "othercomprehensiveincomelossavailableforsalesecuritiesadjustmentnetoftax": -755000,
        "othercomprehensiveincomelossnetoftax": -755000,
        "comprehensiveincomenetoftax": -77930000
    },
    {
        "date": "2017-09-29",
        "symbol": "ZG",
        "period": "Q3",
        "revenues": 281839000,
        "costofrevenue": 22152000,
        "sellingandmarketingexpense": 107108000,
        "researchanddevelopmentexpense": 83389000,
        "generalandadministrativeexpense": 54226000,
        "businesscombinationacquisitionrelatedcosts": 218000,
        "costsandexpenses": 267093000,
        "operatingincomeloss": 14746000,
        "othernonoperatingincome": 1407000,
        "interestexpensedebt": 6800000,
        "incomelossfromcontinuingoperationsbeforeincometaxesextraordinaryitemsnoncontrollinginterest": 9247000,
        "incometaxexpensebenefit": 41000,
        "netincomeloss": 9206000,
        "earningspersharebasicanddiluted": 0.05,
        "weightedaveragenumberofsharesoutstandingbasic": 187692000,
        "weightedaveragenumberofdilutedsharesoutstanding": 196425000,
        "amortizationofintangibleassets": 10100000,
        "othercomprehensiveincomeunrealizedholdinggainlossonsecuritiesarisingduringperiodnetoftax": 99000,
        "othercomprehensiveincomelossavailableforsalesecuritiesadjustmentnetoftax": 99000,
        "othercomprehensiveincomelossnetoftax": 99000,
        "comprehensiveincomenetoftax": 9305000
    },
    {
        "date": "2017-06-29",
        "symbol": "ZG",
        "period": "Q2",
        "revenues": 266850000,
        "costofrevenue": 20260000,
        "sellingandmarketingexpense": 131218000,
        "researchanddevelopmentexpense": 78541000,
        "generalandadministrativeexpense": 53346000,
        "businesscombinationacquisitionrelatedcosts": 43000,
        "costsandexpenses": 283408000,
        "operatingincomeloss": -16558000,
        "othernonoperatingincome": 1610000,
        "interestexpensedebt": 6800000,
        "incomelossfromcontinuingoperationsbeforeincometaxesextraordinaryitemsnoncontrollinginterest": -21845000,
        "netincomeloss": -21845000,
        "earningspersharebasicanddiluted": -0.12,
        "weightedaveragenumberofshareoutstandingbasicanddiluted": 185439000,
        "amortizationofintangibleassets": 9800000,
        "othercomprehensiveincomeunrealizedholdinggainlossonsecuritiesarisingduringperiodnetoftax": -177000,
        "othercomprehensiveincomelossavailableforsalesecuritiesadjustmentnetoftax": -177000,
        "othercomprehensiveincomelossnetoftax": -177000,
        "comprehensiveincomenetoftax": -22022000
    },
    {
        "date": "2017-03-30",
        "symbol": "ZG",
        "period": "Q1",
        "revenues": 245775000,
        "costofrevenue": 20232000,
        "sellingandmarketingexpense": 105940000,
        "researchanddevelopmentexpense": 72868000,
        "generalandadministrativeexpense": 45466000,
        "businesscombinationacquisitionrelatedcosts": 105000,
        "costsandexpenses": 244611000,
        "operatingincomeloss": 1164000,
        "othernonoperatingincome": 953000,
        "interestexpensedebt": 6700000,
        "incomelossfromcontinuingoperationsbeforeincometaxesextraordinaryitemsnoncontrollinginterest": -4606000,
        "netincomeloss": -4606000,
        "earningspersharebasicanddiluted": -0.03,
        "weightedaveragenumberofshareoutstandingbasicanddiluted": 183158000,
        "amortizationofintangibleassets": 10100000,
        "othercomprehensiveincomeunrealizedholdinggainlossonsecuritiesarisingduringperiodnetoftax": -25000,
        "othercomprehensiveincomelossavailableforsalesecuritiesadjustmentnetoftax": -25000,
        "othercomprehensiveincomelossnetoftax": -25000,
        "comprehensiveincomenetoftax": -4631000
    },
    {
        "date": "2016-12-30",
        "symbol": "ZG",
        "period": "Q4",
        "revenues": 227612000,
        "costofrevenue": 19665000,
        "sellingandmarketingexpense": 90109000,
        "researchanddevelopmentexpense": 23691000,
        "generalandadministrativeexpense": 42536000,
        "businesscombinationacquisitionrelatedcosts": 533000,
        "costsandexpenses": 224900000,
        "operatingincomeloss": 2712000,
        "othernonoperatingincome": 716000,
        "interestexpensedebt": -3400000,
        "incomelossfromcontinuingoperationsbeforeincometaxesextraordinaryitemsnoncontrollinginterest": -21997000,
        "netincomeloss": -23491000,
        "earningspersharebasicanddiluted": -0.11999999999999988,
        "amortizationofintangibleassets": 10600000,
        "othercomprehensiveincomeunrealizedholdinggainlossonsecuritiesarisingduringperiodnetoftax": -454000,
        "othercomprehensiveincomelossavailableforsalesecuritiesadjustmentnetoftax": -440000,
        "othercomprehensiveincomelossnetoftax": -440000,
        "comprehensiveincomenetoftax": -23931000
    },
    {
        "date": "2016-09-29",
        "symbol": "ZG",
        "period": "Q3",
        "revenues": 224592000,
        "costofrevenue": 18254000,
        "sellingandmarketingexpense": 92794000,
        "researchanddevelopmentexpense": 69171000,
        "generalandadministrativeexpense": 37690000,
        "businesscombinationacquisitionrelatedcosts": 93000,
        "costsandexpenses": 216751000,
        "operatingincomeloss": 7841000,
        "othernonoperatingincome": 561000,
        "interestexpensedebt": 1600000,
        "incomelossfromcontinuingoperationsbeforeincometaxesextraordinaryitemsnoncontrollinginterest": 6807000,
        "netincomeloss": 6807000,
        "earningspersharebasicanddiluted": 0.039999999999999813,
        "amortizationofintangibleassets": 10300000,
        "othercomprehensiveincomeunrealizedholdinggainlossonsecuritiesarisingduringperiodnetoftax": -179000,
        "othercomprehensiveincomelossreclassificationadjustmentfromaociforsaleofsecuritiesnetoftax": 0,
        "othercomprehensiveincomelossavailableforsalesecuritiesadjustmentnetoftax": -179000,
        "othercomprehensiveincomelossnetoftax": -179000,
        "comprehensiveincomenetoftax": 6628000
    },
    {
        "date": "2016-06-29",
        "symbol": "ZG",
        "period": "Q2",
        "revenues": 208403000,
        "costofrevenue": 17220000,
        "sellingandmarketingexpense": 99256000,
        "researchanddevelopmentexpense": 67421000,
        "generalandadministrativeexpense": 179632000,
        "businesscombinationacquisitionrelatedcosts": 204000,
        "costsandexpenses": 363733000,
        "operatingincomeloss": -155330000,
        "othernonoperatingincome": 753000,
        "interestexpensedebt": 1500000,
        "incomelossfromcontinuingoperationsbeforeincometaxesextraordinaryitemsnoncontrollinginterest": -156149000,
        "incometaxexpensebenefit": 0,
        "netincomeloss": -156149000,
        "earningspersharebasicanddiluted": -0.8699999999999999,
        "weightedaveragenumberofshareoutstandingbasicanddiluted": 381000,
        "amortizationofintangibleassets": 8200000,
        "othercomprehensiveincomeunrealizedholdinggainlossonsecuritiesarisingduringperiodnetoftax": 202000,
        "othercomprehensiveincomelossreclassificationadjustmentfromaociforsaleofsecuritiesnetoftax": -6000,
        "othercomprehensiveincomelossavailableforsalesecuritiesadjustmentnetoftax": 208000,
        "othercomprehensiveincomelossnetoftax": 208000,
        "comprehensiveincomenetoftax": -155941000
    },
    {
        "date": "2016-03-30",
        "symbol": "ZG",
        "period": "Q1",
        "revenues": 185982000,
        "costofrevenue": 16452000,
        "sellingandmarketingexpense": 98760000,
        "researchanddevelopmentexpense": 64417000,
        "generalandadministrativeexpense": 53837000,
        "businesscombinationacquisitionrelatedcosts": 593000,
        "costsandexpenses": 234059000,
        "operatingincomeloss": -48077000,
        "othernonoperatingincome": 681000,
        "interestexpensedebt": 1600000,
        "incomelossfromcontinuingoperationsbeforeincometaxesextraordinaryitemsnoncontrollinginterest": -48969000,
        "incometaxexpensebenefit": -1364000,
        "netincomeloss": -47605000,
        "earningspersharebasicanddiluted": -0.27,
        "weightedaveragenumberofshareoutstandingbasicanddiluted": 178686000,
        "amortizationofintangibleassets": 10900000,
        "othercomprehensiveincomeunrealizedholdinggainlossonsecuritiesarisingduringperiodnetoftax": 641000,
        "othercomprehensiveincomelossreclassificationadjustmentfromaociforsaleofsecuritiesnetoftax": 1000,
        "othercomprehensiveincomelossavailableforsalesecuritiesadjustmentnetoftax": 640000,
        "othercomprehensiveincomelossnetoftax": 640000,
        "comprehensiveincomenetoftax": -46965000
    },
    {
        "date": "2015-12-30",
        "symbol": "ZG",
        "period": "Q4",
        "revenues": 169370000,
        "costofrevenue": 15105000,
        "sellingandmarketingexpense": 77817000,
        "researchanddevelopmentexpense": 21017000,
        "generalandadministrativeexpense": 45939000,
        "businesscombinationacquisitionrelatedcosts": 444000,
        "restructuringcharges": 26467000,
        "costsandexpenses": 195709000,
        "operatingincomeloss": -26339000,
        "othernonoperatingincome": 416000,
        "interestexpense": 1589000,
        "netincomeloss": -25720000,
        "earningspersharebasicanddiluted": 1.12,
        "weightedaveragenumberofshareoutstandingbasicanddiluted": -115175000,
        "amortizationofintangibleassets": 12900000,
        "othercomprehensiveincomeunrealizedholdinggainlossonsecuritiesarisingduringperiodnetoftax": -732000,
        "othercomprehensiveincomelossreclassificationadjustmentfromaociforsaleofsecuritiesnetoftax": 9000,
        "othercomprehensiveincomelossavailableforsalesecuritiesadjustmentnetoftax": -741000,
        "comprehensiveincomenetoftax": -26461000
    },
    {
        "date": "2015-09-29",
        "symbol": "ZG",
        "period": "Q3",
        "revenues": 176765000,
        "costofrevenue": 16453000,
        "sellingandmarketingexpense": 82044000,
        "researchanddevelopmentexpense": 53718000,
        "generalandadministrativeexpense": 42672000,
        "businesscombinationacquisitionrelatedcosts": 2000000,
        "restructuringcharges": 35000,
        "gainlossondispositionofbusinessexcludingimmaterialdivestitures": -4143000,
        "costsandexpenses": 204443000,
        "operatingincomeloss": -27678000,
        "othernonoperatingincome": 366000,
        "interestexpense": 1590000,
        "incomelossfromcontinuingoperationsbeforeincometaxesextraordinaryitemsnoncontrollinginterest": -28902000,
        "incometaxexpensebenefit": -2853000,
        "netincomeloss": -26049000,
        "earningspersharebasicanddiluted": -0.15,
        "weightedaveragenumberofshareoutstandingbasicanddiluted": 177098000,
        "amortizationofintangibleassets": 10200000,
        "othercomprehensiveincomeunrealizedholdinggainlossonsecuritiesarisingduringperiodnetoftax": 154000,
        "othercomprehensiveincomelossreclassificationadjustmentfromaociforsaleofsecuritiesnetoftax": 1000,
        "othercomprehensiveincomelossavailableforsalesecuritiesadjustmentnetoftax": 153000,
        "othercomprehensiveincomelossnetoftax": 153000,
        "comprehensiveincomenetoftax": -25896000
    },
    {
        "date": "2015-06-29",
        "symbol": "ZG",
        "period": "Q2",
        "revenues": 171269000,
        "costofrevenue": 17037000,
        "sellingandmarketingexpense": 87942000,
        "researchanddevelopmentexpense": 51740000,
        "generalandadministrativeexpense": 43810000,
        "businesscombinationacquisitionrelatedcosts": 1679000,
        "restructuringcharges": 34000,
        "costsandexpenses": 208860000,
        "operatingincomeloss": -37591000,
        "othernonoperatingincome": 450000,
        "interestexpense": 1580000,
        "netincomeloss": -38721000,
        "earningspersharebasicanddiluted": -0.66,
        "weightedaveragenumberofshareoutstandingbasicanddiluted": 58714000,
        "amortizationofintangibleassets": 11300000,
        "othercomprehensiveincomeunrealizedholdinggainlossonsecuritiesarisingduringperiodnetoftax": -19000,
        "othercomprehensiveincomelossreclassificationadjustmentfromaociforsaleofsecuritiesnetoftax": 3000,
        "othercomprehensiveincomelossavailableforsalesecuritiesadjustmentnetoftax": -22000,
        "othercomprehensiveincomelossnetoftax": -22000,
        "comprehensiveincomenetoftax": -38743000
    },
    {
        "date": "2015-03-30",
        "symbol": "ZG",
        "period": "Q1",
        "revenues": 127273000,
        "costofrevenue": 13019000,
        "sellingandmarketingexpense": 59286000,
        "researchanddevelopmentexpense": 37325000,
        "generalandadministrativeexpense": 38024000,
        "businesscombinationacquisitionrelatedcosts": 12477000,
        "restructuringcharges": 9015000,
        "costsandexpenses": 185196000,
        "operatingincomeloss": -57923000,
        "othernonoperatingincome": 269000,
        "interestexpense": 730000,
        "netincomeloss": -58384000,
        "earningspersharebasicanddiluted": -1.19,
        "weightedaveragenumberofshareoutstandingbasicanddiluted": 49130000,
        "amortizationofintangibleassets": 4900000,
        "othercomprehensiveincomeunrealizedholdinggainlossonsecuritiesarisingduringperiodnetoftax": 149000,
        "othercomprehensiveincomelossreclassificationadjustmentfromaociforsaleofsecuritiesnetoftax": 10000,
        "othercomprehensiveincomelossavailableforsalesecuritiesadjustmentnetoftax": 139000,
        "comprehensiveincomenetoftax": -58245000
    }
]