[
    {
        "date": "2024-09-29",
        "symbol": "RBLX",
        "period": "Q3",
        "revenuefromcontractwithcustomerexcludingassessedtax": 918953000,
        "costofgoodsandservicessold": 204998000,
        "exchangefees": 231536000,
        "infrastructureandtrustandsafetyexpenses": 244598000,
        "researchanddevelopmentexpense": 365424000,
        "generalandadministrativeexpense": 98733000,
        "sellingandmarketingexpense": 52592000,
        "costsandexpenses": 1197881000,
        "operatingincomeloss": -278928000,
        "interestincomeoperating": 46718000,
        "interestexpensenonoperating": 10032000,
        "otheroperatingincomeexpensenet": 2352000,
        "incomelossfromcontinuingoperationsbeforeincometaxesextraordinaryitemsnoncontrollinginterest": -240144000,
        "incometaxexpensebenefit": 303000,
        "profitloss": -240447000,
        "netincomelossattributabletononcontrollinginterest": -1123000,
        "netincomeloss": -239324000,
        "earningspersharebasic": -0.37,
        "earningspersharediluted": -0.37,
        "weightedaveragenumberofsharesoutstandingbasic": 650961000,
        "weightedaveragenumberofdilutedsharesoutstanding": 650961000,
        "othercomprehensiveincomelossforeigncurrencytransactionandtranslationadjustmentnetoftax": 1303000,
        "availableforsalemarketablesecuritieschangeinnetunrealizedholdinggainlossnetoftax": 21223000,
        "othercomprehensiveincomelossnetoftax": 22526000,
        "comprehensiveincomenetoftaxincludingportionattributabletononcontrollinginterest": -217921000,
        "othercomprehensiveincomeforeigncurrencytransactionandtranslationadjustmentnetoftaxportionattributabletononcontrollinginterest": -119000,
        "comprehensiveincomenetoftaxattributabletononcontrollinginterest": -1242000,
        "comprehensiveincomenetoftax": -216679000
    },
    {
        "date": "2024-06-29",
        "symbol": "RBLX",
        "period": "Q2",
        "revenuefromcontractwithcustomerexcludingassessedtax": 893543000,
        "costofgoodsandservicessold": 198557000,
        "exchangefees": 208270000,
        "infrastructureandtrustandsafetyexpenses": 221064000,
        "researchanddevelopmentexpense": 361684000,
        "generalandadministrativeexpense": 105627000,
        "sellingandmarketingexpense": 36290000,
        "costsandexpenses": 1131492000,
        "operatingincomeloss": -237949000,
        "interestincomeoperating": 44383000,
        "interestexpensenonoperating": 10204000,
        "otheroperatingincomeexpensenet": -3315000,
        "incomelossfromcontinuingoperationsbeforeincometaxesextraordinaryitemsnoncontrollinginterest": -207085000,
        "incometaxexpensebenefit": 110000,
        "profitloss": -207195000,
        "netincomelossattributabletononcontrollinginterest": -1312000,
        "netincomeloss": -205883000,
        "earningspersharebasic": -0.32,
        "earningspersharediluted": -0.32,
        "weightedaveragenumberofsharesoutstandingbasic": 642814000,
        "weightedaveragenumberofdilutedsharesoutstanding": 642814000,
        "othercomprehensiveincomelossforeigncurrencytransactionandtranslationadjustmentnetoftax": 57000,
        "availableforsalemarketablesecuritieschangeinnetunrealizedholdinggainlossnetoftax": -676000,
        "othercomprehensiveincomelossnetoftax": -619000,
        "comprehensiveincomenetoftaxincludingportionattributabletononcontrollinginterest": -207814000,
        "othercomprehensiveincomeforeigncurrencytransactionandtranslationadjustmentnetoftaxportionattributabletononcontrollinginterest": 21000,
        "comprehensiveincomenetoftaxattributabletononcontrollinginterest": -1291000,
        "comprehensiveincomenetoftax": -206523000
    },
    {
        "date": "2024-03-30",
        "symbol": "RBLX",
        "period": "Q1",
        "revenuefromcontractwithcustomerexcludingassessedtax": 801300000,
        "costofgoodsandservicessold": 178866000,
        "exchangefees": 202405000,
        "infrastructureandtrustandsafetyexpenses": 226934000,
        "researchanddevelopmentexpense": 362065000,
        "generalandadministrativeexpense": 97824000,
        "sellingandmarketingexpense": 35534000,
        "costsandexpenses": 1103628000,
        "operatingincomeloss": -302328000,
        "interestincomeoperating": 42170000,
        "interestexpense": 10363000,
        "otheroperatingincomeexpensenet": -346000,
        "incomelossfromcontinuingoperationsbeforeincometaxesextraordinaryitemsnoncontrollinginterest": -270867000,
        "incometaxexpensebenefit": 1053000,
        "profitloss": -271920000,
        "netincomelossattributabletononcontrollinginterest": -1316000,
        "netincomeloss": -270604000,
        "earningspersharebasic": -0.43,
        "earningspersharediluted": -0.43,
        "weightedaveragenumberofsharesoutstandingbasic": 635020000,
        "weightedaveragenumberofdilutedsharesoutstanding": 635020000,
        "othercomprehensiveincomelossforeigncurrencytransactionandtranslationadjustmentnetoftax": -678000,
        "availableforsalemarketablesecuritieschangeinnetunrealizedholdinggainlossnetoftax": -6381000,
        "othercomprehensiveincomelossnetoftax": -7059000,
        "comprehensiveincomenetoftaxincludingportionattributabletononcontrollinginterest": -278979000,
        "othercomprehensiveincomeforeigncurrencytransactionandtranslationadjustmentnetoftaxportionattributabletononcontrollinginterest": 66000,
        "comprehensiveincomenetoftaxattributabletononcontrollinginterest": -1250000,
        "comprehensiveincomenetoftax": -277729000
    },
    {
        "date": "2023-12-30",
        "symbol": "RBLX",
        "period": "Q4",
        "revenuefromcontractwithcustomerexcludingassessedtax": 749939000,
        "costofgoodsandservicessold": 171664000,
        "exchangefees": 221750000,
        "infrastructureandtrustandsafetyexpenses": 223310000,
        "researchanddevelopmentexpense": 341129000,
        "generalandadministrativeexpense": 98776000,
        "sellingandmarketingexpense": 48503000,
        "costsandexpenses": 1105132000,
        "operatingincomeloss": -355193000,
        "interestincomeoperating": 39530000,
        "interestexpense": 10298000,
        "otheroperatingincomeexpensenet": 898000,
        "incomelossfromcontinuingoperationsbeforeincometaxesextraordinaryitemsnoncontrollinginterest": -325063000,
        "incometaxexpensebenefit": 277000,
        "profitloss": -593653000,
        "netincomelossattributabletononcontrollinginterest": -1642000,
        "netincomeloss": -323698000,
        "earningspersharebasic": -0.5200000000000002,
        "earningspersharediluted": -0.5200000000000002,
        "weightedaveragenumberofsharesoutstandingbasic": 616445000,
        "weightedaveragenumberofdilutedsharesoutstanding": 616445000,
        "othercomprehensiveincomelossforeigncurrencytransactionandtranslationadjustmentnetoftax": 788000,
        "availableforsalemarketablesecuritieschangeinnetunrealizedholdinggainlossnetoftax": 16537000,
        "othercomprehensiveincomelossnetoftax": 16716000,
        "comprehensiveincomenetoftaxincludingportionattributabletononcontrollinginterest": -308015000,
        "othercomprehensiveincomeforeigncurrencytransactionandtranslationadjustmentnetoftaxportionattributabletononcontrollinginterest": -90000,
        "comprehensiveincomenetoftaxattributabletononcontrollinginterest": -1732000,
        "comprehensiveincomenetoftax": -306283000
    },
    {
        "date": "2023-09-29",
        "symbol": "RBLX",
        "period": "Q3",
        "revenuefromcontractwithcustomerexcludingassessedtax": 713225000,
        "costofgoodsandservicessold": 163581000,
        "exchangefees": 170719000,
        "infrastructureandtrustandsafetyexpenses": 218968000,
        "researchanddevelopmentexpense": 321613000,
        "generalandadministrativeexpense": 97508000,
        "sellingandmarketingexpense": 40874000,
        "costsandexpenses": 1013263000,
        "operatingincomeloss": -300038000,
        "interestincomeoperating": 36442000,
        "interestexpense": 10268000,
        "otheroperatingincomeexpensenet": -4262000,
        "incomelossfromcontinuingoperationsbeforeincometaxesextraordinaryitemsnoncontrollinginterest": -278126000,
        "incometaxexpensebenefit": 682000,
        "profitloss": -278808000,
        "netincomelossattributabletononcontrollinginterest": -1650000,
        "netincomeloss": -277158000,
        "earningspersharebasic": -0.45,
        "earningspersharediluted": -0.45,
        "weightedaveragenumberofsharesoutstandingbasic": 619350000,
        "weightedaveragenumberofdilutedsharesoutstanding": 619350000,
        "othercomprehensiveincomelossforeigncurrencytransactionandtranslationadjustmentnetoftax": -506000,
        "availableforsalemarketablesecuritieschangeinnetunrealizedholdinggainlossnetoftax": -1263000,
        "othercomprehensiveincomelossnetoftax": -1769000,
        "comprehensiveincomenetoftaxincludingportionattributabletononcontrollinginterest": -280577000,
        "othercomprehensiveincomeforeigncurrencytransactionandtranslationadjustmentnetoftaxportionattributabletononcontrollinginterest": 15000,
        "comprehensiveincomenetoftaxattributabletononcontrollinginterest": -1635000,
        "comprehensiveincomenetoftax": -278942000
    },
    {
        "date": "2023-06-29",
        "symbol": "RBLX",
        "period": "Q2",
        "revenuefromcontractwithcustomerexcludingassessedtax": 680766000,
        "costofgoodsandservicessold": 162029000,
        "exchangefees": 165843000,
        "infrastructureandtrustandsafetyexpenses": 225039000,
        "researchanddevelopmentexpense": 315319000,
        "generalandadministrativeexpense": 96197000,
        "sellingandmarketingexpense": 30328000,
        "costsandexpenses": 994755000,
        "operatingincomeloss": -313989000,
        "interestincomeoperating": 34764000,
        "interestexpense": 10129000,
        "otheroperatingincomeexpensenet": 3277000,
        "incomelossfromcontinuingoperationsbeforeincometaxesextraordinaryitemsnoncontrollinginterest": -286077000,
        "incometaxexpensebenefit": -1236000,
        "profitloss": -284841000,
        "netincomelossattributabletononcontrollinginterest": -2064000,
        "netincomeloss": -282777000,
        "earningspersharebasic": -0.46,
        "earningspersharediluted": -0.46,
        "weightedaveragenumberofsharesoutstandingbasic": 612689000,
        "weightedaveragenumberofdilutedsharesoutstanding": 612689000,
        "othercomprehensiveincomelossforeigncurrencytransactionandtranslationadjustmentnetoftax": 875000,
        "availableforsalemarketablesecuritieschangeinnetunrealizedholdinggainlossnetoftax": -14605000,
        "othercomprehensiveincomelossnetoftax": -13730000,
        "comprehensiveincomenetoftaxincludingportionattributabletononcontrollinginterest": -298571000,
        "othercomprehensiveincomeforeigncurrencytransactionandtranslationadjustmentnetoftaxportionattributabletononcontrollinginterest": 427000,
        "comprehensiveincomenetoftaxattributabletononcontrollinginterest": -1637000,
        "comprehensiveincomenetoftax": -296934000
    },
    {
        "date": "2023-03-30",
        "symbol": "RBLX",
        "period": "Q1",
        "revenuefromcontractwithcustomerexcludingassessedtax": 655344000,
        "costofgoodsandservicessold": 151841000,
        "exchangefees": 182440000,
        "infrastructureandtrustandsafetyexpenses": 211044000,
        "researchanddevelopmentexpense": 275537000,
        "generalandadministrativeexpense": 97574000,
        "sellingandmarketingexpense": 26755000,
        "costsandexpenses": 945191000,
        "operatingincomeloss": -289847000,
        "interestincomeoperating": 31082000,
        "interestexpense": 10012000,
        "otheroperatingincomeexpensenet": -440000,
        "incomelossfromcontinuingoperationsbeforeincometaxesextraordinaryitemsnoncontrollinginterest": -269217000,
        "incometaxexpensebenefit": 731000,
        "profitloss": -1635000,
        "netincomelossattributabletononcontrollinginterest": -1635000,
        "netincomeloss": -268313000,
        "earningspersharebasic": -0.44,
        "earningspersharediluted": -0.44,
        "weightedaveragenumberofsharesoutstandingbasic": 606637000,
        "weightedaveragenumberofdilutedsharesoutstanding": 606637000,
        "othercomprehensiveincomelossforeigncurrencytransactionandtranslationadjustmentnetoftax": -68000,
        "availableforsalemarketablesecuritieschangeinnetunrealizedholdinggainlossnetoftax": -575000,
        "othercomprehensiveincomelossnetoftax": -34000,
        "comprehensiveincomenetoftaxincludingportionattributabletononcontrollinginterest": -270591000,
        "othercomprehensiveincomeforeigncurrencytransactionandtranslationadjustmentnetoftaxportionattributabletononcontrollinginterest": -34000,
        "comprehensiveincomenetoftaxattributabletononcontrollinginterest": -1669000,
        "comprehensiveincomenetoftax": -268922000
    },
    {
        "date": "2022-09-29",
        "symbol": "RBLX",
        "period": "Q3",
        "revenuefromcontractwithcustomerexcludingassessedtax": 517707000,
        "costofgoodsandservicessold": 126437000,
        "exchangefees": 151470000,
        "infrastructureandtrustandsafetyexpenses": 190986000,
        "researchanddevelopmentexpense": 235551000,
        "generalandadministrativeexpense": 81165000,
        "sellingandmarketingexpense": 32105000,
        "costsandexpenses": 817714000,
        "operatingincomeloss": -300007000,
        "interestincomeoperating": 12764000,
        "interestexpense": 10005000,
        "otheroperatingincomeexpensenet": -4302000,
        "incomelossfromcontinuingoperationsbeforeincometaxesextraordinaryitemsnoncontrollinginterest": -301550000,
        "incometaxexpensebenefit": 352000,
        "profitloss": -301902000,
        "netincomelossattributabletononcontrollinginterest": -4104000,
        "netincomeloss": -297798000,
        "earningspersharebasic": -0.5,
        "earningspersharediluted": -0.5,
        "weightedaveragenumberofsharesoutstandingbasic": 597779000,
        "weightedaveragenumberofdilutedsharesoutstanding": 597779000,
        "othercomprehensiveincomelossforeigncurrencytransactionandtranslationadjustmentnetoftax": 1064000,
        "othercomprehensiveincomelossnetoftax": 1064000,
        "comprehensiveincomenetoftaxincludingportionattributabletononcontrollinginterest": -300838000,
        "othercomprehensiveincomeforeigncurrencytransactionandtranslationadjustmentnetoftaxportionattributabletononcontrollinginterest": 475000,
        "comprehensiveincomenetoftaxattributabletononcontrollinginterest": -3629000,
        "comprehensiveincomenetoftax": -297209000
    },
    {
        "date": "2022-06-29",
        "symbol": "RBLX",
        "period": "Q2",
        "revenuefromcontractwithcustomerexcludingassessedtax": 591207000,
        "costofgoodsandservicessold": 9400000,
        "exchangefees": 143148000,
        "infrastructureandtrustandsafetyexpenses": 158235000,
        "researchanddevelopmentexpense": 211757000,
        "generalandadministrativeexpense": 78676000,
        "sellingandmarketingexpense": 26501000,
        "costsandexpenses": 761474000,
        "operatingincomeloss": -170267000,
        "interestincomeoperating": 4197000,
        "interestexpense": 9891000,
        "otheroperatingincomeexpensenet": -3051000,
        "incomelossfromcontinuingoperationsbeforeincometaxesextraordinaryitemsnoncontrollinginterest": -179012000,
        "incometaxexpensebenefit": -278000,
        "profitloss": -2294000,
        "netincomelossattributabletononcontrollinginterest": -2294000,
        "netincomeloss": -176440000,
        "earningspersharebasic": -0.3,
        "earningspersharediluted": -0.3,
        "weightedaveragenumberofsharesoutstandingbasic": 593928000,
        "weightedaveragenumberofdilutedsharesoutstanding": 593928000,
        "othercomprehensiveincomelossforeigncurrencytransactionandtranslationadjustmentnetoftax": 425000,
        "othercomprehensiveincomelossnetoftax": 863000,
        "comprehensiveincomenetoftaxincludingportionattributabletononcontrollinginterest": -177871000,
        "othercomprehensiveincomeforeigncurrencytransactionandtranslationadjustmentnetoftaxportionattributabletononcontrollinginterest": 425000,
        "comprehensiveincomenetoftaxattributabletononcontrollinginterest": -1869000,
        "comprehensiveincomenetoftax": -176002000
    },
    {
        "date": "2022-03-30",
        "symbol": "RBLX",
        "period": "Q1",
        "revenuefromcontractwithcustomerexcludingassessedtax": 537134000,
        "costofgoodsandservicessold": -19600000,
        "exchangefees": 147122000,
        "infrastructureandtrustandsafetyexpenses": 141355000,
        "researchanddevelopmentexpense": 177762000,
        "generalandadministrativeexpense": 57772000,
        "sellingandmarketingexpense": 29102000,
        "costsandexpenses": 688745000,
        "operatingincomeloss": -151611000,
        "interestincomeoperating": 245000,
        "interestexpense": 9999000,
        "otheroperatingincomeexpensenet": -379000,
        "incomelossfromcontinuingoperationsbeforeincometaxesextraordinaryitemsnoncontrollinginterest": -161744000,
        "incometaxexpensebenefit": 276000,
        "profitloss": -1818000,
        "netincomelossattributabletononcontrollinginterest": -1818000,
        "netincomeloss": -160202000,
        "earningspersharebasic": -0.27,
        "earningspersharediluted": -0.27,
        "weightedaveragenumberofsharesoutstandingbasic": 588521000,
        "weightedaveragenumberofdilutedsharesoutstanding": 588521000,
        "othercomprehensiveincomelossforeigncurrencytransactionandtranslationadjustmentnetoftax": 86000,
        "othercomprehensiveincomelossnetoftax": -6000,
        "comprehensiveincomenetoftaxincludingportionattributabletononcontrollinginterest": -162026000,
        "othercomprehensiveincomeforeigncurrencytransactionandtranslationadjustmentnetoftaxportionattributabletononcontrollinginterest": 86000,
        "comprehensiveincomenetoftaxattributabletononcontrollinginterest": -1732000,
        "comprehensiveincomenetoftax": -160294000
    },
    {
        "date": "2021-09-29",
        "symbol": "RBLX",
        "period": "Q3",
        "revenues": 509336000,
        "costofrevenue": 130015000,
        "exchangefees": 129952000,
        "infrastructureandtrustandsafetyexpenses": 117387000,
        "researchanddevelopmentexpense": 138245000,
        "generalandadministrativeexpense": 51584000,
        "sellingandmarketingexpense": 19599000,
        "costsandexpenses": 586782000,
        "operatingincomeloss": -77446000,
        "interestincomeexpensenet": 28000,
        "otheroperatingincomeexpensenet": -770000,
        "incomelossfromcontinuingoperationsbeforeincometaxesextraordinaryitemsnoncontrollinginterest": -78188000,
        "incometaxexpensebenefit": -998000,
        "profitloss": -77190000,
        "netincomelossattributabletononcontrollinginterest": -3188000,
        "netincomeloss": -74002000,
        "earningspersharebasic": -0.13,
        "earningspersharediluted": -0.13,
        "weightedaveragenumberofsharesoutstandingbasic": 575932000,
        "weightedaveragenumberofdilutedsharesoutstanding": 575932000,
        "othercomprehensiveincomelossforeigncurrencytransactionandtranslationadjustmentnetoftax": -4000,
        "othercomprehensiveincomelossnetoftax": -4000,
        "comprehensiveincomenetoftaxincludingportionattributabletononcontrollinginterest": -77194000,
        "othercomprehensiveincomeforeigncurrencytransactionandtranslationadjustmentnetoftaxportionattributabletononcontrollinginterest": -2000,
        "comprehensiveincomenetoftaxattributabletononcontrollinginterest": -3190000,
        "comprehensiveincomenetoftax": -74004000
    },
    {
        "date": "2021-06-29",
        "symbol": "RBLX",
        "period": "Q2",
        "revenues": 454100000,
        "costofrevenue": 116930000,
        "exchangefees": 129714000,
        "infrastructureandtrustandsafetyexpenses": 108986000,
        "researchanddevelopmentexpense": 124748000,
        "generalandadministrativeexpense": 97678000,
        "sellingandmarketingexpense": 18990000,
        "costsandexpenses": 597046000,
        "operatingincomeloss": -142946000,
        "interestincomeexpensenet": 26000,
        "otheroperatingincomeexpensenet": 10000,
        "incomelossfromcontinuingoperationsbeforeincometaxesextraordinaryitemsnoncontrollinginterest": -142910000,
        "incometaxexpensebenefit": 20000,
        "profitloss": -142930000,
        "netincomelossattributabletononcontrollinginterest": -2796000,
        "netincomeloss": -140134000,
        "earningspersharebasic": -0.25,
        "earningspersharediluted": -0.25,
        "weightedaveragenumberofsharesoutstandingbasic": 571300000,
        "weightedaveragenumberofdilutedsharesoutstanding": 571300000,
        "othercomprehensiveincomelossforeigncurrencytransactionandtranslationadjustmentnetoftax": 48000,
        "othercomprehensiveincomelossnetoftax": 48000,
        "comprehensiveincomenetoftaxincludingportionattributabletononcontrollinginterest": -142882000,
        "othercomprehensiveincomeforeigncurrencytransactionandtranslationadjustmentnetoftaxportionattributabletononcontrollinginterest": 24000,
        "comprehensiveincomenetoftaxattributabletononcontrollinginterest": -2772000,
        "comprehensiveincomenetoftax": -140110000
    },
    {
        "date": "2021-03-30",
        "symbol": "RBLX",
        "period": "Q1",
        "revenues": 386976000,
        "costofrevenue": 97937000,
        "exchangefees": 118938000,
        "infrastructureandtrustamondsafetyexpenses": 94136000,
        "researchanddevelopmentexpense": 96644000,
        "generalandadministrativeexpense": 94375000,
        "sellingandmarketingexpense": 20002000,
        "costsandexpenses": 522032000,
        "operatingincomeloss": -135056000,
        "interestincomeexpensenet": 5000,
        "otheroperatingincomeexpensenet": -1050000,
        "incomelossfromcontinuingoperationsbeforeincometaxesextraordinaryitemsnoncontrollinginterest": -136101000,
        "incometaxexpensebenefit": 2000,
        "profitloss": -1886000,
        "netincomelossattributabletononcontrollinginterest": -1886000,
        "netincomeloss": -134217000,
        "earningspersharebasicanddiluted": -0.46,
        "weightedaveragenumberofshareoutstandingbasicanddiluted": 291074000,
        "comprehensiveincomenetoftaxincludingportionattributabletononcontrollinginterest": -136103000,
        "comprehensiveincomenetoftaxattributabletononcontrollinginterest": -1886000,
        "comprehensiveincomenetoftax": -134217000
    }
]