[
    {
        "date": "2024-09-29",
        "symbol": "MDLZ",
        "period": "Q3",
        "revenues": 9204000000,
        "costofgoodsandservicessold": 6205000000,
        "grossprofit": 2999000000,
        "sellinggeneralandadministrativeexpense": 1630000000,
        "restructuringsettlementandimpairmentprovisions": 176000000,
        "amortizationofintangibleassets": 40000000,
        "operatingincomeloss": 1153000000,
        "netperiodicdefinedbenefitsexpensereversalofexpenseexcludingservicecostcomponent": -25000000,
        "othernonoperatingincomeexpense": -46000000,
        "incomelossfromcontinuingoperationsbeforeincometaxesminorityinterestandincomelossfromequitymethodinvestments": 1132000000,
        "incometaxexpensebenefit": 326000000,
        "incomelossfromequitymethodinvestments": 54000000,
        "profitloss": 856000000,
        "netincomelossattributabletononcontrollinginterest": 3000000,
        "netincomeloss": 853000000,
        "earningspersharebasic": 0.6299999999999999,
        "earningspersharediluted": 0.6300000000000001,
        "othercomprehensiveincomelossforeigncurrencytransactionandtranslationadjustmentnetoftax": 0,
        "othercomprehensiveincomelosspensionandotherpostretirementbenefitplansadjustmentnetoftax": 52000000,
        "othercomprehensiveincomelosscashflowhedgegainlossafterreclassificationandtax": -2000000,
        "othercomprehensiveincomelossnetoftax": -54000000,
        "comprehensiveincomenetoftaxincludingportionattributabletononcontrollinginterest": 802000000,
        "comprehensiveincomenetoftax": 789000000
    },
    {
        "date": "2024-06-29",
        "symbol": "MDLZ",
        "period": "Q2",
        "revenues": 8343000000,
        "costofgoodsandservicessold": 5546000000,
        "grossprofit": 2797000000,
        "sellinggeneralandadministrativeexpense": 1891000000,
        "restructuringsettlementandimpairmentprovisions": 15000000,
        "amortizationofintangibleassets": 37000000,
        "operatingincomeloss": 854000000,
        "netperiodicdefinedbenefitsexpensereversalofexpenseexcludingservicecostcomponent": -28000000,
        "othernonoperatingincomeexpense": -32000000,
        "incomelossfromcontinuingoperationsbeforeincometaxesminorityinterestandincomelossfromequitymethodinvestments": 850000000,
        "incometaxexpensebenefit": 295000000,
        "equitymethodinvestmentrealizedgainlossontransaction": 0,
        "incomelossfromequitymethodinvestments": 48000000,
        "profitloss": 603000000,
        "netincomelossattributabletononcontrollinginterest": 2000000,
        "netincomeloss": 601000000,
        "earningspersharebasic": 0.44999999999999996,
        "earningspersharediluted": 0.44999999999999996,
        "othercomprehensiveincomelossforeigncurrencytransactionandtranslationadjustmentnetoftax": -389000000,
        "othercomprehensiveincomelosspensionandotherpostretirementbenefitplansadjustmentnetoftax": -8000000,
        "othercomprehensiveincomelosscashflowhedgegainlossafterreclassificationandtax": -4000000,
        "othercomprehensiveincomelossnetoftax": -385000000,
        "comprehensiveincomenetoftaxincludingportionattributabletononcontrollinginterest": 218000000,
        "comprehensiveincomenetoftaxattributabletononcontrollinginterest": 0,
        "comprehensiveincomenetoftax": 218000000
    },
    {
        "date": "2024-03-30",
        "symbol": "MDLZ",
        "period": "Q1",
        "revenues": 9290000000,
        "costofgoodsandservicessold": 4540000000,
        "grossprofit": 4750000000,
        "sellinggeneralandadministrativeexpense": 1938000000,
        "restructuringsettlementandimpairmentprovisions": 47000000,
        "amortizationofintangibleassets": 38000000,
        "operatingincomeloss": 2727000000,
        "netperiodicdefinedbenefitsexpensereversalofexpenseexcludingservicecostcomponent": -23000000,
        "othernonoperatingincomeexpense": -68000000,
        "incomelossfromcontinuingoperationsbeforeincometaxesminorityinterestandincomelossfromequitymethodinvestments": 2682000000,
        "incometaxexpensebenefit": 632000000,
        "equitymethodinvestmentrealizedgainlossontransaction": -665000000,
        "incomelossfromequitymethodinvestments": 31000000,
        "profitloss": 1416000000,
        "netincomelossattributabletononcontrollinginterest": 4000000,
        "netincomeloss": 1412000000,
        "earningspersharebasic": 1.05,
        "earningspersharediluted": 1.04,
        "othercomprehensiveincomelossforeigncurrencytransactionandtranslationadjustmentnetoftax": -222000000,
        "othercomprehensiveincomelosspensionandotherpostretirementbenefitplansadjustmentnetoftax": -38000000,
        "othercomprehensiveincomelosscashflowhedgegainlossafterreclassificationandtax": -8000000,
        "othercomprehensiveincomelossnetoftax": -192000000,
        "comprehensiveincomenetoftaxincludingportionattributabletononcontrollinginterest": 1224000000,
        "comprehensiveincomenetoftaxattributabletononcontrollinginterest": -2000000,
        "comprehensiveincomenetoftax": 1226000000
    },
    {
        "date": "2023-09-29",
        "symbol": "MDLZ",
        "period": "Q3",
        "revenues": 9029000000,
        "costofgoodsandservicessold": 5535000000,
        "grossprofit": 3494000000,
        "sellinggeneralandadministrativeexpense": 2019000000,
        "restructuringsettlementandimpairmentprovisions": 58000000,
        "amortizationofintangibleassets": 38000000,
        "operatingincomeloss": 1379000000,
        "netperiodicdefinedbenefitsexpensereversalofexpenseexcludingservicecostcomponent": -19000000,
        "othernonoperatingincomeexpense": -66000000,
        "marketablesecuritiesgainlossexcludingotherthantemporaryimpairments": -1000000,
        "incomelossfromcontinuingoperationsbeforeincometaxesminorityinterestandincomelossfromequitymethodinvestments": 1331000000,
        "incometaxexpensebenefit": 354000000,
        "equitymethodinvestmentrealizedgainlossontransaction": 1000000,
        "incomelossfromequitymethodinvestments": 10000000,
        "profitloss": 988000000,
        "netincomelossattributabletononcontrollinginterest": 4000000,
        "netincomeloss": 984000000,
        "earningspersharebasic": 0.72,
        "earningspersharediluted": 0.72,
        "othercomprehensiveincomelossforeigncurrencytransactionandtranslationadjustmentnetoftax": -570000000,
        "othercomprehensiveincomelosspensionandotherpostretirementbenefitplansadjustmentnetoftax": -32000000,
        "othercomprehensiveincomelosscashflowhedgegainlossafterreclassificationandtax": 10000000,
        "othercomprehensiveincomelossnetoftax": -528000000,
        "comprehensiveincomenetoftaxincludingportionattributabletononcontrollinginterest": 460000000,
        "comprehensiveincomenetoftaxattributabletononcontrollinginterest": -2000000,
        "comprehensiveincomenetoftax": 462000000
    },
    {
        "date": "2023-06-29",
        "symbol": "MDLZ",
        "period": "Q2",
        "revenues": 8507000000,
        "costofgoodsandservicessold": 5153000000,
        "grossprofit": 3354000000,
        "sellinggeneralandadministrativeexpense": 1869000000,
        "restructuringsettlementandimpairmentprovisions": 23000000,
        "amortizationofintangibleassets": 37000000,
        "operatingincomeloss": 1425000000,
        "netperiodicdefinedbenefitsexpensereversalofexpenseexcludingservicecostcomponent": -22000000,
        "othernonoperatingincomeexpense": -97000000,
        "marketablesecuritiesgainlossexcludingotherthantemporaryimpairments": -189000000,
        "incomelossfromcontinuingoperationsbeforeincometaxesminorityinterestandincomelossfromequitymethodinvestments": 1161000000,
        "incometaxexpensebenefit": 268000000,
        "equitymethodinvestmentrealizedgainlossontransaction": -23000000,
        "incomelossfromequitymethodinvestments": 71000000,
        "profitloss": 941000000,
        "netincomelossattributabletononcontrollinginterest": -3000000,
        "netincomeloss": 944000000,
        "earningspersharebasic": 0.69,
        "earningspersharediluted": 0.69,
        "othercomprehensiveincomelossforeigncurrencytransactionandtranslationadjustmentnetoftax": 146000000,
        "othercomprehensiveincomelosspensionandotherpostretirementbenefitplansadjustmentnetoftax": 22000000,
        "othercomprehensiveincomelosscashflowhedgegainlossafterreclassificationandtax": -28000000,
        "othercomprehensiveincomelossnetoftax": 96000000,
        "comprehensiveincomenetoftaxincludingportionattributabletononcontrollinginterest": 1037000000,
        "comprehensiveincomenetoftaxattributabletononcontrollinginterest": -11000000,
        "comprehensiveincomenetoftax": 1048000000
    },
    {
        "date": "2022-12-30",
        "symbol": "MDLZ",
        "period": "Q4",
        "revenues": 504000000,
        "costofgoodsandservicessold": 10327000000,
        "grossprofit": 2501000000,
        "sellinggeneralandadministrativeexpense": 3819000000,
        "restructuringsettlementandimpairmentprovisions": 74000000,
        "amortizationofintangibleassets": 36000000,
        "operatingincomeloss": 432000000,
        "netperiodicdefinedbenefitsexpensereversalofexpenseexcludingservicecostcomponent": -24000000,
        "othernonoperatingincomeexpense": -274000000,
        "incomelossfromcontinuingoperationsbeforeincometaxesminorityinterestandincomelossfromequitymethodinvestments": 772000000,
        "incometaxexpensebenefit": 270000000,
        "equitymethodinvestmentrealizedgainlossontransaction": -3000000,
        "incomelossfromequitymethodinvestments": 85000000,
        "profitloss": 2976000000,
        "netincomelossattributabletononcontrollinginterest": 1000000,
        "netincomeloss": 856000000,
        "earningspersharebasic": 0.42000000000000004,
        "earningspersharediluted": 0.4199999999999998,
        "othercomprehensiveincomelossforeigncurrencytransactionandtranslationadjustmentnetoftax": 291000000,
        "othercomprehensiveincomelosspensionandotherpostretirementbenefitplansadjustmentnetoftax": 43000000,
        "othercomprehensiveincomelosscashflowhedgegainlossafterreclassificationandtax": 49000000,
        "othercomprehensiveincomelossnetoftax": 49000000,
        "comprehensiveincomenetoftaxincludingportionattributabletononcontrollinginterest": 881000000,
        "comprehensiveincomenetoftaxattributabletononcontrollinginterest": 14000000,
        "comprehensiveincomenetoftax": 867000000
    },
    {
        "date": "2022-09-29",
        "symbol": "MDLZ",
        "period": "Q3",
        "revenues": 444000000,
        "costofgoodsandservicessold": 5150000000,
        "grossprofit": 2613000000,
        "sellinggeneralandadministrativeexpense": 1884000000,
        "restructuringsettlementandimpairmentprovisions": 18000000,
        "amortizationofintangibleassets": 32000000,
        "operatingincomeloss": 465000000,
        "netperiodicdefinedbenefitsexpensereversalofexpenseexcludingservicecostcomponent": -30000000,
        "othernonoperatingincomeexpense": -71000000,
        "incomelossfromcontinuingoperationsbeforeincometaxesminorityinterestandincomelossfromequitymethodinvestments": 638000000,
        "incometaxexpensebenefit": 184000000,
        "equitymethodinvestmentrealizedgainlossontransaction": -6000000,
        "incomelossfromequitymethodinvestments": 85000000,
        "profitloss": 1000000,
        "netincomelossattributabletononcontrollinginterest": 1000000,
        "netincomeloss": 532000000,
        "earningspersharebasic": 0.39,
        "earningspersharediluted": 0.39,
        "othercomprehensiveincomelossforeigncurrencytransactionandtranslationadjustmentnetoftax": -667000000,
        "othercomprehensiveincomelosspensionandotherpostretirementbenefitplansadjustmentnetoftax": -57000000,
        "othercomprehensiveincomelosscashflowhedgegainlossafterreclassificationandtax": 5000000,
        "othercomprehensiveincomelossnetoftax": 5000000,
        "comprehensiveincomenetoftaxincludingportionattributabletononcontrollinginterest": -72000000,
        "comprehensiveincomenetoftaxattributabletononcontrollinginterest": -11000000,
        "comprehensiveincomenetoftax": -61000000
    },
    {
        "date": "2022-06-29",
        "symbol": "MDLZ",
        "period": "Q2",
        "revenues": 470000000,
        "costofgoodsandservicessold": 4633000000,
        "grossprofit": 2641000000,
        "sellinggeneralandadministrativeexpense": 1676000000,
        "restructuringsettlementandimpairmentprovisions": 6000000,
        "amortizationofintangibleassets": 32000000,
        "operatingincomeloss": 454000000,
        "netperiodicdefinedbenefitsexpensereversalofexpenseexcludingservicecostcomponent": -30000000,
        "othernonoperatingincomeexpense": -98000000,
        "incomelossfromcontinuingoperationsbeforeincometaxesminorityinterestandincomelossfromequitymethodinvestments": 859000000,
        "incometaxexpensebenefit": 201000000,
        "equitymethodinvestmentrealizedgainlossontransaction": -8000000,
        "incomelossfromequitymethodinvestments": 98000000,
        "profitloss": 1000000,
        "netincomelossattributabletononcontrollinginterest": 1000000,
        "netincomeloss": 747000000,
        "earningspersharebasic": 0.54,
        "earningspersharediluted": 0.54,
        "othercomprehensiveincomelossforeigncurrencytransactionandtranslationadjustmentnetoftax": -399000000,
        "othercomprehensiveincomelosspensionandotherpostretirementbenefitplansadjustmentnetoftax": -167000000,
        "othercomprehensiveincomelosscashflowhedgegainlossafterreclassificationandtax": 8000000,
        "othercomprehensiveincomelossnetoftax": 8000000,
        "comprehensiveincomenetoftaxincludingportionattributabletononcontrollinginterest": 524000000,
        "comprehensiveincomenetoftaxattributabletononcontrollinginterest": -10000000,
        "comprehensiveincomenetoftax": 534000000
    },
    {
        "date": "2022-03-30",
        "symbol": "MDLZ",
        "period": "Q1",
        "revenues": 472000000,
        "costofgoodsandservicessold": 74000000,
        "grossprofit": 2983000000,
        "sellinggeneralandadministrativeexpense": 5000000,
        "restructuringsettlementandimpairmentprovisions": 164000000,
        "amortizationofintangibleassets": 32000000,
        "operatingincomeloss": 418000000,
        "netperiodicdefinedbenefitsexpensereversalofexpenseexcludingservicecostcomponent": -33000000,
        "othernonoperatingincomeexpense": 20000000,
        "incomelossfromcontinuingoperationsbeforeincometaxesminorityinterestandincomelossfromequitymethodinvestments": 959000000,
        "incometaxexpensebenefit": 210000000,
        "equitymethodinvestmentrealizedgainlossontransaction": -5000000,
        "incomelossfromequitymethodinvestments": 117000000,
        "profitloss": 6000000,
        "netincomelossattributabletononcontrollinginterest": 6000000,
        "netincomeloss": 855000000,
        "earningspersharebasic": 0.62,
        "earningspersharediluted": 0.61,
        "othercomprehensiveincomelossforeigncurrencytransactionandtranslationadjustmentnetoftax": 50000000,
        "othercomprehensiveincomelosspensionandotherpostretirementbenefitplansadjustmentnetoftax": -93000000,
        "othercomprehensiveincomelosscashflowhedgegainlossafterreclassificationandtax": 52000000,
        "othercomprehensiveincomelossnetoftax": 52000000,
        "comprehensiveincomenetoftaxincludingportionattributabletononcontrollinginterest": 1056000000,
        "comprehensiveincomenetoftaxattributabletononcontrollinginterest": 2000000,
        "comprehensiveincomenetoftax": 1054000000
    },
    {
        "date": "2021-12-30",
        "symbol": "MDLZ",
        "period": "Q4",
        "revenues": 508000000,
        "costofgoodsandservicessold": 4825000000,
        "grossprofit": 2383000000,
        "sellinggeneralandadministrativeexpense": 1670000000,
        "restructuringsettlementandimpairmentprovisions": -74000000,
        "amortizationofintangibleassets": 32000000,
        "operatingincomeloss": 439000000,
        "netperiodicdefinedbenefitsexpensereversalofexpenseexcludingservicecostcomponent": -28000000,
        "othernonoperatingincomeexpense": -89000000,
        "incomelossfromcontinuingoperationsbeforeincometaxesminorityinterestandincomelossfromequitymethodinvestments": 1143000000,
        "incometaxexpensebenefit": 238000000,
        "equitymethodinvestmentrealizedgainlossontransaction": -3000000,
        "incomelossfromequitymethodinvestments": 103000000,
        "profitloss": 2602000000,
        "netincomelossattributabletononcontrollinginterest": 2000000,
        "netincomeloss": -679000000,
        "earningspersharebasic": 0.7100000000000001,
        "earningspersharediluted": 0.7100000000000001,
        "othercomprehensiveincomelossforeigncurrencytransactionandtranslationadjustmentnetoftax": -82000000,
        "othercomprehensiveincomelosspensionandotherpostretirementbenefitplansadjustmentnetoftax": -357000000,
        "othercomprehensiveincomelosscashflowhedgegainlossafterreclassificationandtax": 1000000,
        "othercomprehensiveincomelossnetoftax": 1000000,
        "comprehensiveincomenetoftaxincludingportionattributabletononcontrollinginterest": 1281000000,
        "comprehensiveincomenetoftaxattributabletononcontrollinginterest": -2000000,
        "comprehensiveincomenetoftax": 1283000000
    },
    {
        "date": "2021-09-29",
        "symbol": "MDLZ",
        "period": "Q3",
        "revenues": 483000000,
        "costofgoodsandservicessold": 4358000000,
        "grossprofit": 2824000000,
        "sellinggeneralandadministrativeexpense": 1436000000,
        "restructuringsettlementandimpairmentprovisions": 62000000,
        "amortizationofintangibleassets": 32000000,
        "operatingincomeloss": 363000000,
        "netperiodicdefinedbenefitsexpensereversalofexpenseexcludingservicecostcomponent": -37000000,
        "othernonoperatingincomeexpense": -82000000,
        "incomelossfromcontinuingoperationsbeforeincometaxesminorityinterestandincomelossfromequitymethodinvestments": 1249000000,
        "incometaxexpensebenefit": 342000000,
        "equitymethodinvestmentrealizedgainlossontransaction": 250000000,
        "incomelossfromequitymethodinvestments": 105000000,
        "profitloss": 4000000,
        "netincomelossattributabletononcontrollinginterest": 4000000,
        "netincomeloss": 1258000000,
        "earningspersharebasic": 0.9,
        "earningspersharediluted": 0.89,
        "othercomprehensiveincomelossforeigncurrencytransactionandtranslationadjustmentnetoftax": -397000000,
        "othercomprehensiveincomelosspensionandotherpostretirementbenefitplansadjustmentnetoftax": -67000000,
        "othercomprehensiveincomelosscashflowhedgegainlossafterreclassificationandtax": -7000000,
        "othercomprehensiveincomelossnetoftax": -7000000,
        "comprehensiveincomenetoftaxincludingportionattributabletononcontrollinginterest": 925000000,
        "comprehensiveincomenetoftaxattributabletononcontrollinginterest": -1000000,
        "comprehensiveincomenetoftax": 926000000
    },
    {
        "date": "2021-06-29",
        "symbol": "MDLZ",
        "period": "Q2",
        "revenues": 6642000000,
        "costofgoodsandservicessold": 4011000000,
        "grossprofit": 2631000000,
        "sellinggeneralandadministrativeexpense": 1593000000,
        "restructuringsettlementandimpairmentprovisions": 134000000,
        "businesscombinationstepacquisitionequityinterestinacquireeremeasurementgain": 0,
        "amortizationofintangibleassets": 32000000,
        "operatingincomeloss": 872000000,
        "netperiodicdefinedbenefitsexpensereversalofexpenseexcludingservicecostcomponent": -54000000,
        "othernonoperatingincomeexpense": -58000000,
        "incomelossfromcontinuingoperationsbeforeincometaxesminorityinterestandincomelossfromequitymethodinvestments": 868000000,
        "incometaxexpensebenefit": 398000000,
        "equitymethodinvestmentrealizedgainlossontransaction": 502000000,
        "incomelossfromequitymethodinvestments": 107000000,
        "profitloss": 1079000000,
        "netincomelossattributabletononcontrollinginterest": 1000000,
        "netincomeloss": 1078000000,
        "earningspersharebasic": 0.7699999999999999,
        "earningspersharediluted": 0.7599999999999999,
        "othercomprehensiveincomelossforeigncurrencytransactionandtranslationadjustmentnetoftax": 157000000,
        "othercomprehensiveincomelosspensionandotherpostretirementbenefitplansadjustmentnetoftax": -2000000,
        "othercomprehensiveincomelosscashflowhedgegainlossafterreclassificationandtax": 17000000,
        "othercomprehensiveincomelossnetoftax": 176000000,
        "comprehensiveincomenetoftaxincludingportionattributabletononcontrollinginterest": 1255000000,
        "comprehensiveincomenetoftaxattributabletononcontrollinginterest": 3000000,
        "comprehensiveincomenetoftax": 1252000000
    },
    {
        "date": "2021-03-30",
        "symbol": "MDLZ",
        "period": "Q1",
        "revenues": 7238000000,
        "costofgoodsandservicessold": 4272000000,
        "grossprofit": 2966000000,
        "sellinggeneralandadministrativeexpense": 1564000000,
        "restructuringsettlementandimpairmentprovisions": 90000000,
        "businesscombinationstepacquisitionequityinterestinacquireeremeasurementgain": 9000000,
        "amortizationofintangibleassets": 38000000,
        "operatingincomeloss": 1283000000,
        "netperiodicdefinedbenefitsexpensereversalofexpenseexcludingservicecostcomponent": -44000000,
        "othernonoperatingincomeexpense": -218000000,
        "incomelossfromcontinuingoperationsbeforeincometaxesminorityinterestandincomelossfromequitymethodinvestments": 1109000000,
        "incometaxexpensebenefit": 212000000,
        "equitymethodinvestmentrealizedgainlossontransaction": -7000000,
        "incomelossfromequitymethodinvestments": 78000000,
        "profitloss": 968000000,
        "netincomelossattributabletononcontrollinginterest": 7000000,
        "netincomeloss": 961000000,
        "earningspersharebasic": 0.68,
        "earningspersharediluted": 0.68,
        "othercomprehensiveincomelossforeigncurrencytransactionandtranslationadjustmentnetoftax": -136000000,
        "othercomprehensiveincomelosspensionandotherpostretirementbenefitplansadjustmentnetoftax": -69000000,
        "othercomprehensiveincomelosscashflowhedgegainlossafterreclassificationandtax": 2000000,
        "othercomprehensiveincomelossnetoftax": -65000000,
        "comprehensiveincomenetoftaxincludingportionattributabletononcontrollinginterest": 903000000,
        "comprehensiveincomenetoftaxattributabletononcontrollinginterest": -2000000,
        "comprehensiveincomenetoftax": 905000000
    },
    {
        "date": "2020-12-30",
        "symbol": "MDLZ",
        "period": "Q4",
        "revenues": 7298000000,
        "costofgoodsandservicessold": 4426000000,
        "grossprofit": 2872000000,
        "sellinggeneralandadministrativeexpense": 1624000000,
        "restructuringsettlementandimpairmentprovisions": 48000000,
        "amortizationofintangibleassets": 51000000,
        "operatingincomeloss": 1149000000,
        "netperiodicdefinedbenefitsexpensereversalofexpenseexcludingservicecostcomponent": -36000000,
        "othernonoperatingincomeexpense": -244000000,
        "incomelossfromcontinuingoperationsbeforeincometaxesminorityinterestandincomelossfromequitymethodinvestments": 941000000,
        "incometaxexpensebenefit": 344000000,
        "equitymethodinvestmentrealizedgainlossontransaction": 452000000,
        "incomelossfromequitymethodinvestments": 93000000,
        "profitloss": 1142000000,
        "netincomelossattributabletononcontrollinginterest": 3000000,
        "netincomeloss": 1139000000,
        "earningspersharebasic": 0.7899999999999998,
        "earningspersharediluted": 0.79,
        "othercomprehensiveincomelossforeigncurrencytransactionandtranslationadjustmentnetoftax": 895000000,
        "othercomprehensiveincomelosspensionandotherpostretirementbenefitplansadjustmentnetoftax": 200000000,
        "othercomprehensiveincomelosscashflowhedgegainlossafterreclassificationandtax": -5000000,
        "othercomprehensiveincomelossnetoftax": 690000000,
        "comprehensiveincomenetoftaxincludingportionattributabletononcontrollinginterest": 1832000000,
        "comprehensiveincomenetoftaxattributabletononcontrollinginterest": 9000000,
        "comprehensiveincomenetoftax": 1823000000
    },
    {
        "date": "2020-09-29",
        "symbol": "MDLZ",
        "period": "Q3",
        "revenues": 6665000000,
        "costofgoodsandservicessold": 3873000000,
        "grossprofit": 2792000000,
        "sellinggeneralandadministrativeexpense": 1484000000,
        "restructuringsettlementandimpairmentprovisions": 123000000,
        "amortizationofintangibleassets": 50000000,
        "operatingincomeloss": 1135000000,
        "netperiodicdefinedbenefitsexpensereversalofexpenseexcludingservicecostcomponent": -38000000,
        "othernonoperatingincomeexpense": -89000000,
        "incomelossfromcontinuingoperationsbeforeincometaxesminorityinterestandincomelossfromequitymethodinvestments": 1084000000,
        "incometaxexpensebenefit": 391000000,
        "equitymethodinvestmentrealizedgainlossontransaction": 345000000,
        "incomelossfromequitymethodinvestments": 84000000,
        "profitloss": 1122000000,
        "netincomelossattributabletononcontrollinginterest": 3000000,
        "netincomeloss": 1119000000,
        "earningspersharebasic": 0.78,
        "earningspersharediluted": 0.78,
        "othercomprehensiveincomelossforeigncurrencytransactionandtranslationadjustmentnetoftax": 213000000,
        "othercomprehensiveincomelosspensionandotherpostretirementbenefitplansadjustmentnetoftax": 37000000,
        "othercomprehensiveincomelosscashflowhedgegainlossafterreclassificationandtax": -4000000,
        "othercomprehensiveincomelossnetoftax": 172000000,
        "comprehensiveincomenetoftaxincludingportionattributabletononcontrollinginterest": 1294000000,
        "comprehensiveincomenetoftaxattributabletononcontrollinginterest": 11000000,
        "comprehensiveincomenetoftax": 1283000000
    },
    {
        "date": "2020-06-29",
        "symbol": "MDLZ",
        "period": "Q2",
        "profitloss": 545000000,
        "othercomprehensiveincomelossforeigncurrencytransactionandtranslationadjustmentnetoftax": 81000000,
        "othercomprehensiveincomelosspensionandotherpostretirementbenefitplansadjustmentnetoftax": -5000000,
        "othercomprehensiveincomelosscashflowhedgegainlossafterreclassificationandtax": 1000000,
        "othercomprehensiveincomelossnetoftax": 87000000,
        "comprehensiveincomenetoftaxincludingportionattributabletononcontrollinginterest": 632000000,
        "comprehensiveincomenetoftaxattributabletononcontrollinginterest": 5000000,
        "comprehensiveincomenetoftax": 627000000,
        "revenues": 5911000000,
        "costofgoodsandservicessold": 3580000000,
        "grossprofit": 2331000000,
        "sellinggeneralandadministrativeexpense": 1453000000,
        "restructuringsettlementandimpairmentprovisions": 115000000,
        "amortizationofintangibleassets": 50000000,
        "operatingincomeloss": 713000000,
        "netperiodicdefinedbenefitsexpensereversalofexpenseexcludingservicecostcomponent": -31000000,
        "othernonoperatingincomeexpense": -85000000,
        "incomelossfromcontinuingoperationsbeforeincometaxesminorityinterestandincomelossfromequitymethodinvestments": 659000000,
        "incometaxexpensebenefit": 341000000,
        "equitymethodinvestmentrealizedgainlossontransaction": 121000000,
        "incomelossfromequitymethodinvestments": 106000000,
        "netincomelossattributabletononcontrollinginterest": 1000000,
        "netincomeloss": 544000000,
        "earningspersharebasic": 0.38,
        "earningspersharediluted": 0.38
    },
    {
        "date": "2020-03-30",
        "symbol": "MDLZ",
        "period": "Q1",
        "profitloss": 760000000,
        "othercomprehensiveincomelossforeigncurrencytransactionandtranslationadjustmentnetoftax": -1511000000,
        "othercomprehensiveincomelosspensionandotherpostretirementbenefitplansadjustmentnetoftax": -79000000,
        "othercomprehensiveincomelosscashflowhedgegainlossafterreclassificationandtax": 60000000,
        "othercomprehensiveincomelossnetoftax": -1372000000,
        "comprehensiveincomenetoftaxincludingportionattributabletononcontrollinginterest": -612000000,
        "comprehensiveincomenetoftaxattributabletononcontrollinginterest": 2000000,
        "comprehensiveincomenetoftax": -614000000,
        "revenues": 6707000000,
        "costofgoodsandservicessold": 4256000000,
        "grossprofit": 2451000000,
        "sellinggeneralandadministrativeexpense": 1537000000,
        "restructuringsettlementandimpairmentprovisions": 15000000,
        "amortizationofintangibleassets": 43000000,
        "operatingincomeloss": 856000000,
        "netperiodicdefinedbenefitsexpensereversalofexpenseexcludingservicecostcomponent": -33000000,
        "othernonoperatingincomeexpense": -190000000,
        "incomelossfromcontinuingoperationsbeforeincometaxesminorityinterestandincomelossfromequitymethodinvestments": 699000000,
        "incometaxexpensebenefit": 148000000,
        "equitymethodinvestmentrealizedgainlossontransaction": 71000000,
        "incomelossfromequitymethodinvestments": 138000000,
        "netincomelossattributabletononcontrollinginterest": 7000000,
        "netincomeloss": 753000000,
        "earningspersharebasic": 0.53,
        "earningspersharediluted": 0.52
    },
    {
        "date": "2019-12-30",
        "symbol": "MDLZ",
        "period": "Q4",
        "profitloss": 729000000,
        "othercomprehensiveincomelossforeigncurrencytransactionandtranslationadjustmentnetoftax": 456000000,
        "othercomprehensiveincomelosspensionandotherpostretirementbenefitplansadjustmentnetoftax": 34000000,
        "othercomprehensiveincomelossnetoftax": 465000000,
        "comprehensiveincomenetoftaxincludingportionattributabletononcontrollinginterest": 1194000000,
        "comprehensiveincomenetoftaxattributabletononcontrollinginterest": 9000000,
        "comprehensiveincomenetoftax": 1185000000,
        "revenues": 6913000000,
        "costofgoodsandservicessold": 4154000000,
        "grossprofit": 2759000000,
        "sellinggeneralandadministrativeexpense": 1750000000,
        "restructuringsettlementandimpairmentprovisions": 59000000,
        "amortizationofintangibleassets": 44000000,
        "operatingincomeloss": 906000000,
        "netperiodicdefinedbenefitsexpensereversalofexpenseexcludingservicecostcomponent": -18000000,
        "nonoperatingincomeexpense": -70000000,
        "incomelossfromcontinuingoperationsbeforeincometaxesminorityinterestandincomelossfromequitymethodinvestments": 854000000,
        "incometaxexpensebenefit": 230000000,
        "incomelossfromequitymethodinvestments": 105000000,
        "netincomelossattributabletononcontrollinginterest": 3000000,
        "netincomeloss": 726000000,
        "earningspersharebasic": 0.5100000000000001,
        "earningspersharediluted": 0.5000000000000001
    },
    {
        "date": "2019-09-29",
        "symbol": "MDLZ",
        "period": "Q3",
        "profitloss": 1428000000,
        "othercomprehensiveincomelossforeigncurrencytransactionandtranslationadjustmentnetoftax": -314000000,
        "othercomprehensiveincomelosspensionandotherpostretirementbenefitplansadjustmentnetoftax": -86000000,
        "othercomprehensiveincomelossnetoftax": -185000000,
        "comprehensiveincomenetoftaxincludingportionattributabletononcontrollinginterest": 1243000000,
        "comprehensiveincomenetoftaxattributabletononcontrollinginterest": -4000000,
        "comprehensiveincomenetoftax": 1247000000,
        "revenues": 6355000000,
        "costofgoodsandservicessold": 3839000000,
        "grossprofit": 2516000000,
        "sellinggeneralandadministrativeexpense": 1466000000,
        "restructuringsettlementandimpairmentprovisions": 134000000,
        "amortizationofintangibleassets": 43000000,
        "operatingincomeloss": 876000000,
        "netperiodicdefinedbenefitsexpensereversalofexpenseexcludingservicecostcomponent": -13000000,
        "nonoperatingincomeexpense": -205000000,
        "incomelossfromcontinuingoperationsbeforeincometaxesminorityinterestandincomelossfromequitymethodinvestments": 684000000,
        "incometaxexpensebenefit": -633000000,
        "equitymethodinvestmentrealizedgainlossontransaction": 0,
        "incomelossfromequitymethodinvestments": 111000000,
        "netincomelossattributabletononcontrollinginterest": 5000000,
        "netincomeloss": 1423000000,
        "earningspersharebasic": 0.9799999999999999,
        "earningspersharediluted": 0.9699999999999999
    },
    {
        "date": "2019-06-29",
        "symbol": "MDLZ",
        "period": "Q2",
        "profitloss": 808000000,
        "othercomprehensiveincomelossforeigncurrencytransactionandtranslationadjustmentnetoftax": -33000000,
        "othercomprehensiveincomelosspensionandotherpostretirementbenefitplansadjustmentnetoftax": -54000000,
        "othercomprehensiveincomelossderivativesqualifyingashedgesnetoftax": -62000000,
        "othercomprehensiveincomelossnetoftax": -41000000,
        "comprehensiveincomenetoftaxincludingportionattributabletononcontrollinginterest": 767000000,
        "comprehensiveincomenetoftaxattributabletononcontrollinginterest": 3000000,
        "comprehensiveincomenetoftax": 764000000,
        "revenues": 6062000000,
        "costofgoodsandservicessold": 3593000000,
        "grossprofit": 2469000000,
        "sellinggeneralandadministrativeexpense": 1427000000,
        "restructuringsettlementandimpairmentprovisions": 15000000,
        "gainlossonsaleofbusiness": 41000000,
        "amortizationofintangibleassets": 43000000,
        "operatingincomeloss": 1025000000,
        "netperiodicdefinedbenefitsexpensereversalofexpenseexcludingservicecostcomponent": -12000000,
        "nonoperatingincomeexpense": -101000000,
        "incomelossfromcontinuingoperationsbeforeincometaxesminorityinterestandincomelossfromequitymethodinvestments": 936000000,
        "incometaxexpensebenefit": 216000000,
        "equitymethodinvestmentrealizedgainlossontransaction": -25000000,
        "incomelossfromequitymethodinvestments": 113000000,
        "netincomelossattributabletononcontrollinginterest": 1000000,
        "netincomeloss": 807000000,
        "earningspersharebasic": 0.56,
        "earningspersharediluted": 0.55
    },
    {
        "date": "2019-03-30",
        "symbol": "MDLZ",
        "period": "Q1",
        "profitloss": 920000000,
        "othercomprehensiveincomelossforeigncurrencytransactionandtranslationadjustmentnetoftax": 190000000,
        "othercomprehensiveincomelosspensionandotherpostretirementbenefitplansadjustmentnetoftax": -10000000,
        "othercomprehensiveincomelossderivativesqualifyingashedgesnetoftax": -69000000,
        "othercomprehensiveincomelossnetoftax": 131000000,
        "comprehensiveincomenetoftaxincludingportionattributabletononcontrollinginterest": 1051000000,
        "comprehensiveincomenetoftaxattributabletononcontrollinginterest": 5000000,
        "comprehensiveincomenetoftax": 1046000000,
        "revenues": 6538000000,
        "costofgoodsandservicessold": 3945000000,
        "grossprofit": 2593000000,
        "sellinggeneralandadministrativeexpense": 1493000000,
        "restructuringsettlementandimpairmentprovisions": 20000000,
        "amortizationofintangibleassets": 44000000,
        "operatingincomeloss": 1036000000,
        "netperiodicdefinedbenefitsexpensereversalofexpenseexcludingservicecostcomponent": -17000000,
        "nonoperatingincomeexpense": -80000000,
        "incomelossfromcontinuingoperationsbeforeincometaxesminorityinterestandincomelossfromequitymethodinvestments": 973000000,
        "incometaxexpensebenefit": 189000000,
        "equitymethodinvestmentrealizedgainlossontransaction": 23000000,
        "incomelossfromequitymethodinvestments": 113000000,
        "netincomelossattributabletononcontrollinginterest": 6000000,
        "netincomeloss": 914000000,
        "earningspersharebasic": 0.63,
        "earningspersharediluted": 0.63
    },
    {
        "date": "2018-12-30",
        "symbol": "MDLZ",
        "period": "Q4",
        "profitloss": 826000000,
        "othercomprehensiveincomelossforeigncurrencytransactionandtranslationadjustmentnetoftax": -6000000,
        "othercomprehensiveincomelosspensionandotherpostretirementbenefitplansadjustmentnetoftax": -75000000,
        "othercomprehensiveincomelossnetoftax": 10000000,
        "comprehensiveincomenetoftaxincludingportionattributabletononcontrollinginterest": 836000000,
        "comprehensiveincomenetoftax": 835000000,
        "revenues": 6773000000,
        "grossprofit": 2549000000,
        "sellinggeneralandadministrativeexpense": 1536000000,
        "restructuringsettlementandimpairmentprovisions": 99000000,
        "amortizationofintangibleassets": 44000000,
        "operatingincomeloss": 870000000,
        "netperiodicdefinedbenefitsexpensereversalofexpenseexcludingservicecostcomponent": -3000000,
        "nonoperatingincomeexpense": -106000000,
        "incomelossfromcontinuingoperationsbeforeincometaxesminorityinterestandincomelossfromequitymethodinvestments": 767000000,
        "incometaxexpensebenefit": 111000000,
        "incomelossfromequitymethodinvestments": 149000000,
        "netincomelossattributabletononcontrollinginterest": 3000000,
        "netincomeloss": 823000000,
        "earningspersharebasic": 0.57,
        "earningspersharediluted": 0.5599999999999999
    },
    {
        "date": "2018-09-29",
        "symbol": "MDLZ",
        "period": "Q3",
        "profitloss": 1306000000,
        "othercomprehensiveincomelossforeigncurrencytransactionandtranslationadjustmentnetoftax": -192000000,
        "othercomprehensiveincomelosspensionandotherpostretirementbenefitplansadjustmentnetoftax": -47000000,
        "othercomprehensiveincomelossderivativesqualifyingashedgesnetoftax": 25000000,
        "othercomprehensiveincomelossnetoftax": 214000000,
        "comprehensiveincomenetoftaxincludingportionattributabletononcontrollinginterest": 1180000000,
        "comprehensiveincomenetoftaxattributabletononcontrollinginterest": 0,
        "comprehensiveincomenetoftax": 1180000000,
        "revenues": 10725000000,
        "grossprofit": 2414000000,
        "sellinggeneralandadministrativeexpense": 3401000000,
        "restructuringsettlementandimpairmentprovisions": 125000000,
        "amortizationofintangibleassets": 44000000,
        "operatingincomeloss": 1313000000,
        "netperiodicdefinedbenefitsexpensereversalofexpenseexcludingservicecostcomponent": -19000000,
        "nonoperatingincomeexpense": -86000000,
        "incomelossfromcontinuingoperationsbeforeincometaxesminorityinterestandincomelossfromequitymethodinvestments": 670000000,
        "incometaxexpensebenefit": 343000000,
        "incomelossfromequitymethodinvestments": 299000000,
        "netincomelossattributabletononcontrollinginterest": 3000000,
        "netincomeloss": 1297000000,
        "earningspersharebasic": 0.88,
        "earningspersharediluted": 0.88,
        "commonstockdividendspersharedeclared": 0.26
    },
    {
        "date": "2018-06-29",
        "symbol": "MDLZ",
        "period": "Q2",
        "profitloss": 325000000,
        "othercomprehensiveincomelossforeigncurrencytransactionandtranslationadjustmentnetoftax": -874000000,
        "othercomprehensiveincomelosspensionandotherpostretirementbenefitplansadjustmentnetoftax": -168000000,
        "othercomprehensiveincomelossderivativesqualifyingashedgesnetoftax": 26000000,
        "othercomprehensiveincomelossnetoftax": -874000000,
        "comprehensiveincomenetoftaxincludingportionattributabletononcontrollinginterest": -355000000,
        "comprehensiveincomenetoftaxattributabletononcontrollinginterest": -10000000,
        "comprehensiveincomenetoftax": -345000000,
        "revenues": 1675000000,
        "costofgoodssold": -7000000,
        "grossprofit": 2540000000,
        "sellinggeneralandadministrativeexpense": 11000000,
        "restructuringsettlementandimpairmentprovisions": 111000000,
        "amortizationofintangibleassets": 44000000,
        "operatingincomeloss": -95000000,
        "netperiodicdefinedbenefitsexpensereversalofexpenseexcludingservicecostcomponent": -15000000,
        "nonoperatingincomeexpense": -248000000,
        "incomelossfromcontinuingoperationsbeforeincometaxesminorityinterestandincomelossfromequitymethodinvestments": 248000000,
        "incometaxexpensebenefit": 12000000,
        "incomelossfromequitymethodinvestments": 6000000,
        "netincomelossattributabletononcontrollinginterest": 2000000,
        "netincomeloss": 323000000,
        "earningspersharebasic": 0.22,
        "earningspersharediluted": 0.22,
        "commonstockdividendspersharedeclared": 0.22
    },
    {
        "date": "2018-03-30",
        "symbol": "MDLZ",
        "period": "Q1",
        "profitloss": 938000000,
        "othercomprehensiveincomelossforeigncurrencytransactionandtranslationadjustmentnetoftax": 207000000,
        "othercomprehensiveincomelosspensionandotherpostretirementbenefitplansadjustmentnetoftax": 6000000,
        "othercomprehensiveincomelossderivativesqualifyingashedgesnetoftax": -46000000,
        "othercomprehensiveincomelossnetoftax": 15000000,
        "comprehensiveincomenetoftaxincludingportionattributabletononcontrollinginterest": 1099000000,
        "comprehensiveincomenetoftaxattributabletononcontrollinginterest": 21000000,
        "comprehensiveincomenetoftax": 1078000000,
        "revenues": 6765000000,
        "costofgoodssold": 3916000000,
        "grossprofit": 2849000000,
        "sellinggeneralandadministrativeexpense": 1527000000,
        "restructuringsettlementandimpairmentprovisions": 54000000,
        "amortizationofintangibleassets": 44000000,
        "operatingincomeloss": 1224000000,
        "netperiodicdefinedbenefitsexpensereversalofexpenseexcludingservicecostcomponent": -13000000,
        "nonoperatingincomeexpense": -80000000,
        "incomelossfromcontinuingoperationsbeforeincometaxesminorityinterestandincomelossfromequitymethodinvestments": 1157000000,
        "incometaxexpensebenefit": 307000000,
        "incomelossfromequitymethodinvestments": 94000000,
        "netincomelossattributabletononcontrollinginterest": 6000000,
        "netincomeloss": 938000000,
        "earningspersharebasic": 0.63,
        "earningspersharediluted": 0.62,
        "commonstockdividendspersharedeclared": 0.22
    },
    {
        "date": "2017-12-30",
        "symbol": "MDLZ",
        "period": "Q4",
        "revenues": -3734000000,
        "costofgoodssold": -2000000,
        "grossprofit": 2664000000,
        "sellinggeneralandadministrativeexpense": 1657000000,
        "restructuringsettlementandimpairmentprovisions": 120000000,
        "amortizationofintangibleassets": 45000000,
        "operatingincomeloss": -590000000,
        "nonoperatingincomeexpense": -120000000,
        "incomelossfromcontinuingoperationsbeforeincometaxesminorityinterestandincomelossfromequitymethodinvestments": 724000000,
        "incometaxexpensebenefit": 34000000,
        "incomelossfromequitymethodinvestments": 146000000,
        "profitloss": -1482000000,
        "netincomelossattributabletononcontrollinginterest": 8000000,
        "netincomeloss": 802000000,
        "earningspersharebasic": 0.53,
        "earningspersharediluted": 0.5299999999999998,
        "commonstockdividendspersharedeclared": 0.21999999999999997,
        "othercomprehensiveincomelossforeigncurrencytransactionandtranslationadjustmentnetoftax": -59000000,
        "othercomprehensiveincomelosspensionandotherpostretirementbenefitplansadjustmentnetoftax": 15000000,
        "othercomprehensiveincomelossderivativesqualifyingashedgesnetoftax": -3000000,
        "othercomprehensiveincomelossnetoftax": -151000000,
        "comprehensiveincomenetoftaxincludingportionattributabletononcontrollinginterest": 733000000,
        "comprehensiveincomenetoftaxattributabletononcontrollinginterest": 12000000,
        "comprehensiveincomenetoftax": 721000000
    },
    {
        "date": "2017-09-29",
        "symbol": "MDLZ",
        "period": "Q3",
        "revenues": 908000000,
        "costofgoodssold": -2000000,
        "grossprofit": 2552000000,
        "sellinggeneralandadministrativeexpense": 1330000000,
        "restructuringsettlementandimpairmentprovisions": 183000000,
        "gainlossonsaleofbusiness": 187000000,
        "amortizationofintangibleassets": 45000000,
        "operatingincomeloss": 255000000,
        "nonoperatingincomeexpense": -19000000,
        "incomelossfromcontinuingoperationsbeforeincometaxesminorityinterestandincomelossfromequitymethodinvestments": 1162000000,
        "incometaxexpensebenefit": 10000000,
        "incomelossfromequitymethodinvestments": 25000000,
        "profitloss": 993000000,
        "netincomelossattributabletononcontrollinginterest": 1000000,
        "netincomeloss": 992000000,
        "earningspersharebasic": 0.66,
        "earningspersharediluted": 0.65,
        "commonstockdividendspersharedeclared": 0.22,
        "othercomprehensiveincomelossforeigncurrencytransactionandtranslationadjustmentnetoftax": 337000000,
        "othercomprehensiveincomelosspensionandotherpostretirementbenefitplansadjustmentnetoftax": 10000000,
        "othercomprehensiveincomelossderivativesqualifyingashedgesnetoftax": -19000000,
        "othercomprehensiveincomelossnetoftax": 337000000,
        "comprehensiveincomenetoftaxincludingportionattributabletononcontrollinginterest": 1301000000,
        "comprehensiveincomenetoftaxattributabletononcontrollinginterest": 9000000,
        "comprehensiveincomenetoftax": 1292000000
    },
    {
        "date": "2017-06-29",
        "symbol": "MDLZ",
        "period": "Q2",
        "revenues": 1394000000,
        "costofgoodssold": 1000000,
        "grossprofit": 2324000000,
        "sellinggeneralandadministrativeexpense": 1449000000,
        "restructuringsettlementandimpairmentprovisions": 187000000,
        "gainlossonsaleofbusiness": -3000000,
        "amortizationofintangibleassets": 44000000,
        "operatingincomeloss": 162000000,
        "nonoperatingincomeexpense": -124000000,
        "incomelossfromcontinuingoperationsbeforeincometaxesminorityinterestandincomelossfromequitymethodinvestments": 517000000,
        "incometaxexpensebenefit": 12000000,
        "incomelossfromequitymethodinvestments": 19000000,
        "profitloss": 500000000,
        "netincomelossattributabletononcontrollinginterest": 2000000,
        "netincomeloss": 498000000,
        "earningspersharebasic": 0.33,
        "earningspersharediluted": 0.32,
        "commonstockdividendspersharedeclared": 0.19,
        "othercomprehensiveincomelossforeigncurrencytransactionandtranslationadjustmentnetoftax": 380000000,
        "othercomprehensiveincomelosspensionandotherpostretirementbenefitplansadjustmentnetoftax": 33000000,
        "othercomprehensiveincomelossderivativesqualifyingashedgesnetoftax": 12000000,
        "othercomprehensiveincomelossnetoftax": 380000000,
        "comprehensiveincomenetoftaxincludingportionattributabletononcontrollinginterest": 859000000,
        "comprehensiveincomenetoftaxattributabletononcontrollinginterest": 14000000,
        "comprehensiveincomenetoftax": 845000000
    },
    {
        "date": "2017-03-30",
        "symbol": "MDLZ",
        "period": "Q1",
        "revenues": 1491000000,
        "costofgoodssold": -1000000,
        "grossprofit": 2525000000,
        "sellinggeneralandadministrativeexpense": 1475000000,
        "restructuringsettlementandimpairmentprovisions": 166000000,
        "amortizationofintangibleassets": 44000000,
        "operatingincomeloss": 181000000,
        "nonoperatingincomeexpense": -119000000,
        "incomelossfromcontinuingoperationsbeforeincometaxesminorityinterestandincomelossfromequitymethodinvestments": 721000000,
        "incometaxexpensebenefit": 9000000,
        "incomelossfromequitymethodinvestments": 18000000,
        "profitloss": 3000000,
        "netincomelossattributabletononcontrollinginterest": 3000000,
        "netincomeloss": 630000000,
        "earningspersharebasic": 0.41,
        "earningspersharediluted": 0.41,
        "commonstockdividendspersharedeclared": 0.19,
        "othercomprehensiveincomelossforeigncurrencytransactionandtranslationadjustmentnetoftax": 543000000,
        "othercomprehensiveincomelosspensionandotherpostretirementbenefitplansadjustmentnetoftax": -1000000,
        "othercomprehensiveincomelossderivativesqualifyingashedgesnetoftax": 18000000,
        "othercomprehensiveincomelossnetoftax": 558000000,
        "comprehensiveincomenetoftaxincludingportionattributabletononcontrollinginterest": 1195000000,
        "comprehensiveincomenetoftaxattributabletononcontrollinginterest": 7000000,
        "comprehensiveincomenetoftax": 1188000000
    },
    {
        "date": "2016-12-30",
        "symbol": "MDLZ",
        "period": "Q4",
        "revenues": 668000000,
        "costofgoodssold": 0,
        "grossprofit": 2589000000,
        "sellinggeneralandadministrativeexpense": 1705000000,
        "restructuringsettlementandimpairmentprovisions": 342000000,
        "amortizationofintangibleassets": 44000000,
        "incomelossfromcontinuingoperationsbeforeincometaxesminorityinterestandincomelossfromequitymethodinvestments": -68000000,
        "incometaxexpensebenefit": 12000000,
        "incomelossfromequitymethodinvestments": -36000000,
        "netincomeloss": 93000000,
        "earningspersharebasic": 0.07000000000000006,
        "earningspersharediluted": 0.06000000000000005,
        "commonstockdividendspersharedeclared": 0.18999999999999997,
        "othercomprehensiveincomelossforeigncurrencytransactionandtranslationadjustmentnetoftax": -1098000000,
        "othercomprehensiveincomelosspensionandotherpostretirementbenefitplansadjustmentnetoftax": 252000000,
        "othercomprehensiveincomelossderivativesqualifyingashedgesnetoftax": -87000000,
        "othercomprehensiveincomelossnetoftax": -1423000000,
        "comprehensiveincomenetoftaxincludingportionattributabletononcontrollinginterest": -1344000000,
        "comprehensiveincomenetoftaxattributabletononcontrollinginterest": -14000000,
        "comprehensiveincomenetoftax": -1330000000
    },
    {
        "date": "2016-09-29",
        "symbol": "MDLZ",
        "period": "Q3",
        "revenues": 4353000000,
        "costofgoodssold": 12000000,
        "grossprofit": 2488000000,
        "sellinggeneralandadministrativeexpense": 1552000000,
        "restructuringsettlementandimpairmentprovisions": 190000000,
        "amortizationofintangibleassets": 44000000,
        "incomelossfromcontinuingoperationsbeforeincometaxesminorityinterestandincomelossfromequitymethodinvestments": 557000000,
        "incometaxexpensebenefit": -6000000,
        "incomelossfromequitymethodinvestments": 11000000,
        "profitloss": 0,
        "netincomelossattributabletononcontrollinginterest": 0,
        "netincomeloss": 548000000,
        "earningspersharebasic": 0.35,
        "earningspersharediluted": 0.35,
        "commonstockdividendspersharedeclared": 0.18999999999999997,
        "othercomprehensiveincomelossforeigncurrencytransactionandtranslationadjustmentnetoftax": 35000000,
        "othercomprehensiveincomelosspensionandotherpostretirementbenefitplansadjustmentnetoftax": -30000000,
        "othercomprehensiveincomelossderivativesqualifyingashedgesnetoftax": 2000000,
        "othercomprehensiveincomelossnetoftax": 69000000,
        "comprehensiveincomenetoftaxincludingportionattributabletononcontrollinginterest": 615000000,
        "comprehensiveincomenetoftaxattributabletononcontrollinginterest": -2000000,
        "comprehensiveincomenetoftax": 617000000
    },
    {
        "date": "2016-06-29",
        "symbol": "MDLZ",
        "period": "Q2",
        "revenues": 406000000,
        "costofgoodssold": -10000000,
        "grossprofit": 2516000000,
        "sellinggeneralandadministrativeexpense": 1668000000,
        "restructuringsettlementandimpairmentprovisions": 166000000,
        "amortizationofintangibleassets": 44000000,
        "operatingincomeloss": 0,
        "nonoperatingincomeexpense": 0,
        "incomelossfromcontinuingoperationsbeforeincometaxesminorityinterestandincomelossfromequitymethodinvestments": 487000000,
        "incometaxexpensebenefit": 4000000,
        "equitymethodinvestmentrealizedgainlossondisposal": 0,
        "incomelossfromequitymethodinvestments": 21000000,
        "profitloss": 7000000,
        "netincomelossattributabletononcontrollinginterest": 7000000,
        "netincomeloss": 464000000,
        "earningspersharebasic": 0.30000000000000004,
        "earningspersharediluted": 0.29000000000000004,
        "commonstockdividendspersharedeclared": 0.17,
        "othercomprehensiveincomelossforeigncurrencytransactionandtranslationadjustmentnetoftax": -463000000,
        "othercomprehensiveincomelosspensionandotherpostretirementbenefitplansadjustmentnetoftax": -45000000,
        "othercomprehensiveincomelossderivativesqualifyingashedgesnetoftax": 17000000,
        "othercomprehensiveincomelossnetoftax": -387000000,
        "comprehensiveincomenetoftaxincludingportionattributabletononcontrollinginterest": 70000000,
        "comprehensiveincomenetoftaxattributabletononcontrollinginterest": -7000000,
        "comprehensiveincomenetoftax": 77000000
    },
    {
        "date": "2016-03-30",
        "symbol": "MDLZ",
        "period": "Q1",
        "revenues": 389000000,
        "costofgoodssold": -5000000,
        "grossprofit": 2535000000,
        "sellinggeneralandadministrativeexpense": 1615000000,
        "restructuringsettlementandimpairmentprovisions": 154000000,
        "amortizationofintangibleassets": 44000000,
        "operatingincomeloss": 3000000,
        "nonoperatingincomeexpense": 96000000,
        "incomelossfromcontinuingoperationsbeforeincometaxesminorityinterestandincomelossfromequitymethodinvestments": 478000000,
        "incometaxexpensebenefit": 36000000,
        "equitymethodinvestmentrealizedgainlossondisposal": 43000000,
        "incomelossfromequitymethodinvestments": 24000000,
        "profitloss": 3000000,
        "netincomelossattributabletononcontrollinginterest": 3000000,
        "netincomeloss": 554000000,
        "earningspersharebasic": 0.35,
        "earningspersharediluted": 0.35,
        "commonstockdividendspersharedeclared": 0.17,
        "othercomprehensiveincomelossforeigncurrencytransactionandtranslationadjustmentnetoftax": 601000000,
        "othercomprehensiveincomelosspensionandotherpostretirementbenefitplansadjustmentnetoftax": -24000000,
        "othercomprehensiveincomelossderivativesqualifyingashedgesnetoftax": -7000000,
        "othercomprehensiveincomelossnetoftax": 605000000,
        "comprehensiveincomenetoftaxincludingportionattributabletononcontrollinginterest": 1175000000,
        "comprehensiveincomenetoftaxattributabletononcontrollinginterest": 16000000,
        "comprehensiveincomenetoftax": 1159000000
    },
    {
        "date": "2015-12-30",
        "symbol": "MDLZ",
        "period": "Q4",
        "revenues": 371000000,
        "costofgoodssold": -4825000000,
        "grossprofit": 2835000000,
        "sellinggeneralandadministrativeexpense": 1902000000,
        "restructuringsettlementandimpairmentprovisions": -423000000,
        "amortizationofintangibleassets": 44000000,
        "operatingincomeloss": -245000000,
        "nonoperatingincomeexpense": 861000000,
        "incomelossfromcontinuingoperationsbeforeincometaxesminorityinterestandincomelossfromequitymethodinvestments": -441000000,
        "incometaxexpensebenefit": -125000000,
        "profitloss": 215000000,
        "netincomelossattributabletononcontrollinginterest": 13000000,
        "netincomeloss": -729000000,
        "earningspersharebasic": -0.47999999999999937,
        "earningspersharediluted": -0.4599999999999996,
        "commonstockdividendspersharedeclared": 0.16999999999999996,
        "othercomprehensiveincomeforeigncurrencytransactionandtranslationgainlossbeforereclassificationandtax": -388000000,
        "othercomprehensiveincomelossforeigncurrencytranslationadjustmenttax": 73000000,
        "othercomprehensiveincomelossamortizationadjustmentfromaocipensionandotherpostretirementbenefitplansfornetpriorservicecostcreditbeforetax": 42000000,
        "othercomprehensiveincomelossreclassificationadjustmentfromaocipensionandotherpostretirementbenefitplansfornetgainlossbeforetax": -47000000,
        "othercomprehensiveincomelosspensionandotherpostretirementbenefitplanstax": 33000000,
        "othercomprehensiveincomeunrealizedgainlossonderivativesarisingduringperiodbeforetax": -552000000,
        "othercomprehensiveincomelossreclassificationadjustmentfromaocionderivativesbeforetax": -31000000,
        "othercomprehensiveincomelossderivativesqualifyingashedgestax": 7000000,
        "othercomprehensiveincomelossnetoftax": -2245000000,
        "comprehensiveincomenetoftaxincludingportionattributabletononcontrollinginterest": -1097000000,
        "comprehensiveincomenetoftaxattributabletononcontrollinginterest": 9000000,
        "comprehensiveincomenetoftax": -1106000000
    },
    {
        "date": "2015-09-29",
        "symbol": "MDLZ",
        "period": "Q3",
        "revenues": 342000000,
        "costofgoodssold": -62000000,
        "grossprofit": 2670000000,
        "sellinggeneralandadministrativeexpense": 1790000000,
        "restructuringsettlementandimpairmentprovisions": 155000000,
        "gainlossonsaleofbusiness": 7122000000,
        "amortizationofintangibleassets": 45000000,
        "operatingincomeloss": 16000000,
        "nonoperatingincomeexpense": -114000000,
        "incomelossfromcontinuingoperationsbeforeincometaxesminorityinterestandincomelossfromequitymethodinvestments": 7688000000,
        "incometaxexpensebenefit": 10000000,
        "incomelossfromequitymethodinvestments": -72000000,
        "profitloss": 134000000,
        "netincomelossattributabletononcontrollinginterest": 2000000,
        "netincomeloss": 7266000000,
        "earningspersharebasic": 4.52,
        "earningspersharediluted": 4.46,
        "commonstockdividendspersharedeclared": 0.17,
        "othercomprehensiveincomeforeigncurrencytransactionandtranslationgainlossbeforereclassificationandtax": -1047000000,
        "othercomprehensiveincomelossforeigncurrencytranslationadjustmenttax": 23000000,
        "othercomprehensiveincomelosspensionandotherpostretirementbenefitplansnetunamortizedgainlossarisingduringperiodbeforetax": 127000000,
        "othercomprehensiveincomelossamortizationadjustmentfromaocipensionandotherpostretirementbenefitplansfornetpriorservicecostcreditbeforetax": 46000000,
        "othercomprehensiveincomelossreclassificationadjustmentfromaocipensionandotherpostretirementbenefitplansfornetgainlossbeforetax": -51000000,
        "othercomprehensiveincomelosspensionandotherpostretirementbenefitplanstax": -68000000,
        "othercomprehensiveincomeunrealizedgainlossonderivativesarisingduringperiodbeforetax": -113000000,
        "othercomprehensiveincomelossreclassificationadjustmentfromaocionderivativesbeforetax": -75000000,
        "othercomprehensiveincomelossderivativesqualifyingashedgestax": -29000000,
        "othercomprehensiveincomelossnetoftax": -923000000,
        "comprehensiveincomenetoftaxincludingportionattributabletononcontrollinginterest": 6345000000,
        "comprehensiveincomenetoftaxattributabletononcontrollinginterest": -4000000,
        "comprehensiveincomenetoftax": 6349000000
    },
    {
        "date": "2015-06-29",
        "symbol": "MDLZ",
        "period": "Q2",
        "revenues": 1359000000,
        "costofgoodssold": 2000000,
        "grossprofit": 3066000000,
        "sellinggeneralandadministrativeexpense": 1961000000,
        "restructuringsettlementandimpairmentprovisions": 231000000,
        "gainlossonsaleofbusiness": 13000000,
        "amortizationofintangibleassets": 46000000,
        "operatingincomeloss": 104000000,
        "nonoperatingincomeexpense": -314000000,
        "incomelossfromcontinuingoperationsbeforeincometaxesminorityinterestandincomelossfromequitymethodinvestments": 212000000,
        "incometaxexpensebenefit": 23000000,
        "profitloss": 13000000,
        "netincomelossattributabletononcontrollinginterest": 21000000,
        "netincomeloss": 406000000,
        "earningspersharebasic": 0.25,
        "earningspersharediluted": 0.25,
        "commonstockdividendspersharedeclared": 0.15,
        "othercomprehensiveincomeforeigncurrencytransactionandtranslationgainlossbeforereclassificationandtax": 397000000,
        "othercomprehensiveincomelossforeigncurrencytranslationadjustmenttax": -104000000,
        "othercomprehensiveincomelosspensionandotherpostretirementbenefitplansnetunamortizedgainlossarisingduringperiodbeforetax": -28000000,
        "othercomprehensiveincomelossamortizationadjustmentfromaocipensionandotherpostretirementbenefitplansfornetpriorservicecostcreditbeforetax": 67000000,
        "othercomprehensiveincomelossreclassificationadjustmentfromaocipensionandotherpostretirementbenefitplansfornetgainlossbeforetax": -10000000,
        "othercomprehensiveincomelosspensionandotherpostretirementbenefitplanstax": -18000000,
        "othercomprehensiveincomeunrealizedgainlossonderivativesarisingduringperiodbeforetax": 66000000,
        "othercomprehensiveincomelossreclassificationadjustmentfromaocionderivativesbeforetax": 44000000,
        "othercomprehensiveincomelossderivativesqualifyingashedgestax": 29000000,
        "othercomprehensiveincomelossnetoftax": 525000000,
        "comprehensiveincomenetoftaxincludingportionattributabletononcontrollinginterest": 952000000,
        "comprehensiveincomenetoftaxattributabletononcontrollinginterest": 30000000,
        "comprehensiveincomenetoftax": 922000000
    },
    {
        "date": "2015-03-30",
        "symbol": "MDLZ",
        "period": "Q1",
        "revenues": 1188000000,
        "costofgoodssold": 4821000000,
        "grossprofit": 2941000000,
        "sellinggeneralandadministrativeexpense": 1924000000,
        "restructuringsettlementandimpairmentprovisions": 160000000,
        "amortizationofintangibleassets": 46000000,
        "operatingincomeloss": 146000000,
        "nonoperatingincomeexpense": -386000000,
        "incomelossfromcontinuingoperationsbeforeincometaxesminorityinterestandincomelossfromequitymethodinvestments": 425000000,
        "incometaxexpensebenefit": 113000000,
        "profitloss": -12000000,
        "netincomelossattributabletononcontrollinginterest": -12000000,
        "netincomeloss": 324000000,
        "earningspersharebasic": 0.2,
        "earningspersharediluted": 0.19,
        "commonstockdividendspersharedeclared": 0.15,
        "othercomprehensiveincomeforeigncurrencytransactionandtranslationgainlossbeforereclassificationandtax": -1721000000,
        "othercomprehensiveincomelossforeigncurrencytranslationadjustmenttax": 192000000,
        "othercomprehensiveincomelossamortizationadjustmentfromaocipensionandotherpostretirementbenefitplansfornetpriorservicecostcreditbeforetax": 52000000,
        "othercomprehensiveincomelossreclassificationadjustmentfromaocipensionandotherpostretirementbenefitplansfornetgainlossbeforetax": -3000000,
        "othercomprehensiveincomelosspensionandotherpostretirementbenefitplanstax": -13000000,
        "othercomprehensiveincomeunrealizedgainlossonderivativesarisingduringperiodbeforetax": 525000000,
        "othercomprehensiveincomelossreclassificationadjustmentfromaocionderivativesbeforetax": 41000000,
        "othercomprehensiveincomelossderivativesqualifyingashedgestax": -16000000,
        "othercomprehensiveincomelossnetoftax": -25000000,
        "comprehensiveincomenetoftaxincludingportionattributabletononcontrollinginterest": -1603000000,
        "comprehensiveincomenetoftaxattributabletononcontrollinginterest": -37000000,
        "comprehensiveincomenetoftax": -1566000000
    },
    {
        "date": "2014-12-30",
        "symbol": "MDLZ",
        "period": "Q4",
        "revenues": 4071000000,
        "costofgoodssold": 5684000000,
        "grossprofit": 3146000000,
        "sellinggeneralandadministrativeexpense": 2101000000,
        "restructuringsettlementandimpairmentprovisions": 407000000,
        "amortizationofintangibleassets": 49000000,
        "operatingincomeloss": -634000000,
        "nonoperatingincomeexpense": 29000000,
        "incomelossfromcontinuingoperationsbeforeincometaxesminorityinterestandincomelossfromequitymethodinvestments": 618000000,
        "incometaxexpensebenefit": 111000000,
        "profitloss": -1690000000,
        "netincomelossattributabletononcontrollinginterest": 7000000,
        "netincomeloss": 500000000,
        "earningspersharebasic": 0.29000000000000004,
        "earningspersharediluted": 0.30000000000000004,
        "commonstockdividendspersharedeclared": 0.1499999999999999,
        "othercomprehensiveincomeforeigncurrencytransactionandtranslationgainlossbeforereclassificationandtax": -1672000000,
        "othercomprehensiveincomelossforeigncurrencytranslationadjustmenttax": 78000000,
        "othercomprehensiveincomelosspensionandotherpostretirementbenefitplansnetunamortizedgainlossarisingduringperiodbeforetax": -1404000000,
        "othercomprehensiveincomelossamortizationadjustmentfromaocipensionandotherpostretirementbenefitplansfornetpriorservicecostcreditbeforetax": 32000000,
        "othercomprehensiveincomelossreclassificationadjustmentfromaocipensionandotherpostretirementbenefitplansfornetgainlossbeforetax": -17000000,
        "othercomprehensiveincomelosspensionandotherpostretirementbenefitplanstax": 433000000,
        "othercomprehensiveincomeunrealizedgainlossonderivativesarisingduringperiodbeforetax": 688000000,
        "othercomprehensiveincomelossreclassificationadjustmentfromaocionderivativesbeforetax": 3000000,
        "othercomprehensiveincomelossderivativesqualifyingashedgestax": -35000000,
        "othercomprehensiveincomelossnetoftax": 1680000000,
        "comprehensiveincomenetoftaxincludingportionattributabletononcontrollinginterest": -2241000000,
        "comprehensiveincomenetoftaxattributabletononcontrollinginterest": -7000000,
        "comprehensiveincomenetoftax": -2234000000
    },
    {
        "date": "2014-09-29",
        "symbol": "MDLZ",
        "period": "Q3",
        "revenues": 1282000000,
        "costofgoodssold": 5195000000,
        "grossprofit": 3142000000,
        "sellinggeneralandadministrativeexpense": 2053000000,
        "restructuringsettlementandimpairmentprovisions": 188000000,
        "amortizationofintangibleassets": 48000000,
        "operatingincomeloss": 93000000,
        "nonoperatingincomeexpense": 227000000,
        "incomelossfromcontinuingoperationsbeforeincometaxesminorityinterestandincomelossfromequitymethodinvestments": 1080000000,
        "incometaxexpensebenefit": 178000000,
        "profitloss": 902000000,
        "netincomelossattributabletononcontrollinginterest": 3000000,
        "netincomeloss": 899000000,
        "earningspersharebasic": 0.53,
        "earningspersharediluted": 0.53,
        "commonstockdividendspersharedeclared": 0.15,
        "othercomprehensiveincomeforeigncurrencytransactionandtranslationgainlossbeforereclassificationandtax": -1755000000,
        "othercomprehensiveincomelossforeigncurrencytranslationadjustmenttax": 147000000,
        "othercomprehensiveincomelosspensionandotherpostretirementbenefitplansnetunamortizedgainlossarisingduringperiodbeforetax": 16000000,
        "othercomprehensiveincomelossamortizationadjustmentfromaocipensionandotherpostretirementbenefitplansfornetpriorservicecostcreditbeforetax": 31000000,
        "othercomprehensiveincomelossreclassificationadjustmentfromaocipensionandotherpostretirementbenefitplansfornetgainlossbeforetax": -9000000,
        "othercomprehensiveincomelosspensionandotherpostretirementbenefitplanstax": -26000000,
        "othercomprehensiveincomeunrealizedgainlossonderivativesarisingduringperiodbeforetax": 34000000,
        "othercomprehensiveincomelossreclassificationadjustmentfromaocionderivativesbeforetax": -5000000,
        "othercomprehensiveincomelossderivativesqualifyingashedgestax": -14000000,
        "othercomprehensiveincomelossnetoftax": -1842000000,
        "comprehensiveincomenetoftaxincludingportionattributabletononcontrollinginterest": -940000000,
        "comprehensiveincomenetoftaxattributabletononcontrollinginterest": -15000000,
        "comprehensiveincomenetoftax": -925000000
    },
    {
        "date": "2014-06-29",
        "symbol": "MDLZ",
        "period": "Q2",
        "revenues": 155000000,
        "costofgoodssold": 5331000000,
        "grossprofit": 3105000000,
        "sellinggeneralandadministrativeexpense": 2038000000,
        "restructuringsettlementandimpairmentprovisions": 55000000,
        "amortizationofintangibleassets": 55000000,
        "operatingincomeloss": 463000000,
        "nonoperatingincomeexpense": -224000000,
        "incomelossfromcontinuingoperationsbeforeincometaxesminorityinterestandincomelossfromequitymethodinvestments": 733000000,
        "incometaxexpensebenefit": 91000000,
        "profitloss": 642000000,
        "netincomelossattributabletononcontrollinginterest": 20000000,
        "netincomeloss": 622000000,
        "earningspersharebasic": 0.37,
        "earningspersharediluted": 0.36,
        "commonstockdividendspersharedeclared": 0.14,
        "othercomprehensiveincomeforeigncurrencytransactionandtranslationgainlossbeforereclassificationandtax": 373000000,
        "othercomprehensiveincomelossforeigncurrencytranslationadjustmenttax": 9000000,
        "othercomprehensiveincomelosspensionandotherpostretirementbenefitplansnetunamortizedgainlossarisingduringperiodbeforetax": -6000000,
        "othercomprehensiveincomelossamortizationadjustmentfromaocipensionandotherpostretirementbenefitplansfornetpriorservicecostcreditbeforetax": 35000000,
        "othercomprehensiveincomelossreclassificationadjustmentfromaocipensionandotherpostretirementbenefitplansfornetgainlossbeforetax": -9000000,
        "othercomprehensiveincomelosspensionandotherpostretirementbenefitplanstax": -8000000,
        "othercomprehensiveincomeunrealizedgainlossonderivativesarisingduringperiodbeforetax": -56000000,
        "othercomprehensiveincomelossreclassificationadjustmentfromaocionderivativesbeforetax": 2000000,
        "othercomprehensiveincomelossderivativesqualifyingashedgestax": -20000000,
        "othercomprehensiveincomelossnetoftax": 356000000,
        "comprehensiveincomenetoftaxincludingportionattributabletononcontrollinginterest": 998000000,
        "comprehensiveincomenetoftaxattributabletononcontrollinginterest": 20000000,
        "comprehensiveincomenetoftax": 978000000
    },
    {
        "date": "2014-03-30",
        "symbol": "MDLZ",
        "period": "Q1",
        "revenues": 170000000,
        "costofgoodssold": 5437000000,
        "grossprofit": 3204000000,
        "sellinggeneralandadministrativeexpense": 2265000000,
        "restructuringsettlementandimpairmentprovisions": 42000000,
        "amortizationofintangibleassets": 54000000,
        "operatingincomeloss": 463000000,
        "nonoperatingincomeexpense": -720000000,
        "incomelossfromcontinuingoperationsbeforeincometaxesminorityinterestandincomelossfromequitymethodinvestments": 123000000,
        "incometaxexpensebenefit": -27000000,
        "profitloss": 163000000,
        "netincomelossattributabletononcontrollinginterest": -13000000,
        "netincomeloss": 163000000,
        "earningspersharebasic": 0.1,
        "earningspersharediluted": 0.09,
        "commonstockdividendspersharedeclared": 0.14,
        "othercomprehensiveincomeforeigncurrencytransactionandtranslationgainlossbeforereclassificationandtax": -233000000,
        "othercomprehensiveincomelossforeigncurrencytranslationadjustmenttax": -6000000,
        "othercomprehensiveincomelosspensionandotherpostretirementbenefitplansnetunamortizedgainlossarisingduringperiodbeforetax": 6000000,
        "othercomprehensiveincomelossamortizationadjustmentfromaocipensionandotherpostretirementbenefitplansfornetpriorservicecostcreditbeforetax": 34000000,
        "othercomprehensiveincomelossreclassificationadjustmentfromaocipensionandotherpostretirementbenefitplansfornetgainlossbeforetax": -7000000,
        "othercomprehensiveincomelosspensionandotherpostretirementbenefitplanstax": -13000000,
        "othercomprehensiveincomeunrealizedgainlossonderivativesarisingduringperiodbeforetax": -71000000,
        "othercomprehensiveincomelossreclassificationadjustmentfromaocionderivativesbeforetax": 3000000,
        "othercomprehensiveincomelossderivativesqualifyingashedgestax": -23000000,
        "othercomprehensiveincomelossnetoftax": -227000000,
        "comprehensiveincomenetoftaxincludingportionattributabletononcontrollinginterest": -78000000,
        "comprehensiveincomenetoftaxattributabletononcontrollinginterest": -14000000,
        "comprehensiveincomenetoftax": -64000000
    },
    {
        "date": "2013-12-30",
        "symbol": "MDLZ",
        "period": "Q4",
        "revenues": -9226000000,
        "costofgoodssold": 5995000000,
        "grossprofit": 3493000000,
        "sellinggeneralandadministrativeexpense": 2294000000,
        "restructuringsettlementandimpairmentprovisions": 138000000,
        "amortizationofintangibleassets": 53000000,
        "operatingincomeloss": 521000000,
        "incomelossfromcontinuingoperationsbeforeincometaxesminorityinterestandincomelossfromequitymethodinvestments": 163000000,
        "incometaxexpensebenefit": 52000000,
        "incomelossfromcontinuingoperationsincludingportionattributabletononcontrollinginterest": 111000000,
        "profitloss": 1707000000,
        "netincomelossattributabletononcontrollinginterest": 7000000,
        "netincomeloss": 1707000000,
        "incomelossfromcontinuingoperationsperbasicshare": 0.060000000000000164,
        "earningspersharebasic": 0.97,
        "incomelossfromcontinuingoperationsperdilutedshare": 0.060000000000000164,
        "earningspersharediluted": 0.96,
        "commonstockdividendspersharedeclared": 0.14,
        "othercomprehensiveincomeforeigncurrencytransactionandtranslationgainlossbeforereclassificationandtax": -149000000,
        "othercomprehensiveincomelossforeigncurrencytranslationadjustmenttax": -27000000,
        "othercomprehensiveincomelosspensionandotherpostretirementbenefitplansnetunamortizedgainlossarisingduringperiodbeforetax": 710000000,
        "othercomprehensiveincomelosspensionandotherpostretirementbenefitplanstax": -207000000,
        "othercomprehensiveincomeunrealizedgainlossonderivativesarisingduringperiodbeforetax": -39000000,
        "othercomprehensiveincomelossderivativesqualifyingashedgestax": 21000000,
        "othercomprehensiveincomelossnetoftax": 462000000,
        "comprehensiveincomenetoftaxincludingportionattributabletononcontrollinginterest": 2179000000,
        "comprehensiveincomenetoftaxattributabletononcontrollinginterest": 10000000,
        "comprehensiveincomenetoftax": 2169000000
    },
    {
        "date": "2013-09-29",
        "symbol": "MDLZ",
        "period": "Q3",
        "revenues": 8124000000,
        "costofgoodssold": 5328000000,
        "grossprofit": 3144000000,
        "sellinggeneralandadministrativeexpense": 1784000000,
        "restructuringsettlementandimpairmentprovisions": 43000000,
        "amortizationofintangibleassets": 55000000,
        "operatingincomeloss": 1005000000,
        "interestanddebtexpense": 218000000,
        "incomelossfromcontinuingoperationsbeforeincometaxesminorityinterestandincomelossfromequitymethodinvestments": 1044000000,
        "incometaxexpensebenefit": 14000000,
        "incomelossfromcontinuingoperationsincludingportionattributabletononcontrollinginterest": 1030000000,
        "profitloss": 1023000000,
        "netincomelossattributabletononcontrollinginterest": 6000000,
        "netincomeloss": 1024000000,
        "incomelossfromcontinuingoperationsperbasicshare": 0.5799999999999998,
        "earningspersharebasic": 0.5799999999999998,
        "incomelossfromcontinuingoperationsperdilutedshare": 0.5699999999999998,
        "earningspersharediluted": 0.5699999999999998,
        "commonstockdividendspersharedeclared": 0.14,
        "othercomprehensiveincomeforeigncurrencytransactionandtranslationgainlossbeforereclassificationandtax": 778000000,
        "othercomprehensiveincomelossforeigncurrencytranslationadjustmenttax": -39000000,
        "othercomprehensiveincomelosspensionandotherpostretirementbenefitplansnetunamortizedgainlossarisingduringperiodbeforetax": 6000000,
        "othercomprehensiveincomelosspensionandotherpostretirementbenefitplanstax": -11000000,
        "othercomprehensiveincomeunrealizedgainlossonderivativesarisingduringperiodbeforetax": -14000000,
        "othercomprehensiveincomelossderivativesqualifyingashedgestax": 7000000,
        "othercomprehensiveincomelossnetoftax": 864000000,
        "comprehensiveincomenetoftaxincludingportionattributabletononcontrollinginterest": 1898000000,
        "comprehensiveincomenetoftaxattributabletononcontrollinginterest": 10000000,
        "comprehensiveincomenetoftax": 1888000000
    },
    {
        "date": "2013-06-29",
        "symbol": "MDLZ",
        "period": "Q2",
        "revenues": 1039000000,
        "costofgoodssold": 5364000000,
        "grossprofit": 3231000000,
        "sellinggeneralandadministrativeexpense": 2269000000,
        "restructuringsettlementandimpairmentprovisions": 48000000,
        "gainlossonacquisitionanddivestituresnet": 6000000,
        "amortizationofintangibleassets": 55000000,
        "operatingincomeloss": 112000000,
        "interestanddebtexpense": 235000000,
        "incomelossfromcontinuingoperationsbeforeincometaxesminorityinterestandincomelossfromequitymethodinvestments": 630000000,
        "incometaxexpensebenefit": 13000000,
        "incomelossfromcontinuingoperationsincludingportionattributabletononcontrollinginterest": 617000000,
        "profitloss": 617000000,
        "netincomelossattributabletononcontrollinginterest": 1000000,
        "netincomeloss": 616000000,
        "incomelossfromcontinuingoperationsperbasicshare": 0.34,
        "earningspersharebasic": 0.34,
        "incomelossfromcontinuingoperationsperdilutedshare": 0.34,
        "earningspersharediluted": 0.34,
        "commonstockdividendspersharedeclared": 0.13,
        "othercomprehensiveincomeforeigncurrencytransactionandtranslationgainlossbeforereclassificationandtax": -938000000,
        "othercomprehensiveincomelossforeigncurrencytranslationadjustmenttax": -7000000,
        "othercomprehensiveincomelosspensionandotherpostretirementbenefitplansnetunamortizedgainlossarisingduringperiodbeforetax": -9000000,
        "othercomprehensiveincomelossamortizationpensionandotherpostretirementbenefitplansnetpriorservicecostrecognizedinnetperiodicbenefitcostbeforetax": -24000000,
        "othercomprehensiveincomereclassificationofdefinedbenefitplansnetgainlossrecognizedinnetperiodicbenefitcostbeforetax": 4000000,
        "othercomprehensiveincomelosspensionandotherpostretirementbenefitplanstax": -9000000,
        "othercomprehensiveincomeunrealizedgainlossonderivativesarisingduringperiodbeforetax": 92000000,
        "othercomprehensiveincomelossreclassificationadjustmentonderivativesincludedinnetincomebeforetax": 16000000,
        "othercomprehensiveincomelossderivativesqualifyingashedgestax": 42000000,
        "othercomprehensiveincomelossnetoftax": -828000000,
        "comprehensiveincomenetoftaxincludingportionattributabletononcontrollinginterest": -211000000,
        "comprehensiveincomenetoftaxattributabletononcontrollinginterest": 1000000,
        "comprehensiveincomenetoftax": -212000000
    },
    {
        "date": "2013-03-30",
        "symbol": "MDLZ",
        "period": "Q1",
        "revenues": 863000000,
        "costofgoodssold": 5502000000,
        "grossprofit": 3242000000,
        "sellinggeneralandadministrativeexpense": 2332000000,
        "restructuringsettlementandimpairmentprovisions": 44000000,
        "businesscombinationstepacquisitionequityinterestinacquireeremeasurementgain": 22000000,
        "amortizationofintangibleassets": 54000000,
        "operatingincomeloss": 61000000,
        "interestanddebtexpense": 279000000,
        "incomelossfromcontinuingoperationsbeforeincometaxesminorityinterestandincomelossfromequitymethodinvestments": 555000000,
        "incometaxexpensebenefit": -19000000,
        "incomelossfromcontinuingoperationsincludingportionattributabletononcontrollinginterest": 574000000,
        "profitloss": 568000000,
        "netincomelossattributabletononcontrollinginterest": 6000000,
        "netincomeloss": 568000000,
        "incomelossfromcontinuingoperationsperbasicshare": 0.32,
        "earningspersharebasic": 0.32,
        "incomelossfromcontinuingoperationsperdilutedshare": 0.32,
        "earningspersharediluted": 0.32,
        "commonstockdividendspersharedeclared": 0.13,
        "othercomprehensiveincomeforeigncurrencytransactionandtranslationgainlossbeforereclassificationandtax": -771000000,
        "othercomprehensiveincomelossforeigncurrencytranslationadjustmenttax": 37000000,
        "othercomprehensiveincomelosspensionandotherpostretirementbenefitplansnetunamortizedgainlossarisingduringperiodbeforetax": 6000000,
        "othercomprehensiveincomelossamortizationpensionandotherpostretirementbenefitplansnetpriorservicecostrecognizedinnetperiodicbenefitcostbeforetax": -26000000,
        "othercomprehensiveincomereclassificationofdefinedbenefitplansnetgainlossrecognizedinnetperiodicbenefitcostbeforetax": 3000000,
        "othercomprehensiveincomelosspensionandotherpostretirementbenefitplanstax": -17000000,
        "othercomprehensiveincomeunrealizedgainlossonderivativesarisingduringperiodbeforetax": 31000000,
        "othercomprehensiveincomelossreclassificationadjustmentonderivativesincludedinnetincomebeforetax": 23000000,
        "othercomprehensiveincomelossderivativesqualifyingashedgestax": 16000000,
        "othercomprehensiveincomelossnetoftax": -721000000,
        "comprehensiveincomenetoftaxincludingportionattributabletononcontrollinginterest": -154000000,
        "comprehensiveincomenetoftaxattributabletononcontrollinginterest": -1000000,
        "comprehensiveincomenetoftax": -153000000
    },
    {
        "date": "2012-12-30",
        "symbol": "MDLZ",
        "period": "Q4",
        "revenues": 4747000000,
        "costofgoodssold": -3094000000,
        "grossprofit": -1179000000,
        "sellinggeneralandadministrativeexpense": 545000000,
        "restructuringsettlementandimpairmentprovisions": -86000000,
        "amortizationofintangibleassets": 54000000,
        "operatingincomeloss": 1168000000,
        "interestanddebtexpense": 17000000,
        "incomelossfromcontinuingoperationsbeforeincometaxesminorityinterestandincomelossfromequitymethodinvestments": -1602000000,
        "incometaxexpensebenefit": -657000000,
        "profitloss": 522000000,
        "netincomelossattributabletononcontrollinginterest": 9000000,
        "netincomeloss": 534000000,
        "earningspersharebasic": 0.2900000000000001,
        "earningspersharediluted": 0.2900000000000001,
        "commonstockdividendspersharedeclared": 0.13,
        "othercomprehensiveincomereclassificationofdefinedbenefitplansnetgainlossrecognizedinnetperiodicbenefitcostbeforetax": 22000000,
        "othercomprehensiveincomeunrealizedgainlossonderivativesarisingduringperiodbeforetax": -46000000,
        "comprehensiveincomenetoftaxincludingportionattributabletononcontrollinginterest": 166000000,
        "comprehensiveincomenetoftaxattributabletononcontrollinginterest": 14000000,
        "comprehensiveincomenetoftax": 152000000
    },
    {
        "date": "2012-09-29",
        "symbol": "MDLZ",
        "period": "Q3",
        "revenues": 3765000000,
        "costofgoodssold": 8191000000,
        "grossprofit": 4718000000,
        "sellinggeneralandadministrativeexpense": 2955000000,
        "restructuringsettlementandimpairmentprovisions": 57000000,
        "amortizationofintangibleassets": 54000000,
        "operatingincomeloss": 539000000,
        "interestanddebtexpense": 864000000,
        "incomelossfromcontinuingoperationsbeforeincometaxesminorityinterestandincomelossfromequitymethodinvestments": 788000000,
        "incometaxexpensebenefit": 129000000,
        "profitloss": 659000000,
        "netincomelossattributabletononcontrollinginterest": 7000000,
        "netincomeloss": 652000000,
        "earningspersharebasic": 0.37,
        "earningspersharediluted": 0.36,
        "commonstockdividendspersharedeclared": 0.29,
        "othercomprehensiveincomeforeigncurrencytransactionandtranslationgainlossbeforereclassificationandtax": 726000000,
        "othercomprehensiveincomelossforeigncurrencytranslationadjustmenttax": -17000000,
        "othercomprehensiveincomelosspensionandotherpostretirementbenefitplansnetunamortizedgainlossarisingduringperiodbeforetax": -1583000000,
        "othercomprehensiveincomelossamortizationpensionandotherpostretirementbenefitplansnetpriorservicecostrecognizedinnetperiodicbenefitcostbeforetax": -128000000,
        "othercomprehensiveincomereclassificationofdefinedbenefitplansnetgainlossrecognizedinnetperiodicbenefitcostbeforetax": 53000000,
        "othercomprehensiveincomelosspensionandotherpostretirementbenefitplanstax": 519000000,
        "othercomprehensiveincomeunrealizedgainlossonderivativesarisingduringperiodbeforetax": -10000000,
        "othercomprehensiveincomelossreclassificationadjustmentonderivativesincludedinnetincomebeforetax": 446000000,
        "othercomprehensiveincomelossderivativesqualifyingashedgestax": 164000000,
        "othercomprehensiveincomelossnetoftax": 132000000,
        "comprehensiveincomenetoftaxincludingportionattributabletononcontrollinginterest": 791000000,
        "comprehensiveincomenetoftaxattributabletononcontrollinginterest": 14000000,
        "comprehensiveincomenetoftax": 777000000
    },
    {
        "date": "2012-06-29",
        "symbol": "MDLZ",
        "period": "Q2",
        "revenues": 6391000000,
        "costofgoodssold": 8416000000,
        "grossprofit": 4870000000,
        "sellinggeneralandadministrativeexpense": 2854000000,
        "restructuringsettlementandimpairmentprovisions": 84000000,
        "amortizationofintangibleassets": 53000000,
        "operatingincomeloss": 156000000,
        "interestanddebtexpense": 429000000,
        "incomelossfromcontinuingoperationsbeforeincometaxesminorityinterestandincomelossfromequitymethodinvestments": 1450000000,
        "incometaxexpensebenefit": 416000000,
        "profitloss": 1034000000,
        "netincomelossattributabletononcontrollinginterest": 5000000,
        "netincomeloss": 1029000000,
        "earningspersharebasic": 0.58,
        "earningspersharediluted": 0.58,
        "commonstockdividendspersharedeclared": 0.29,
        "othercomprehensiveincomeforeigncurrencytransactionandtranslationgainlossbeforereclassificationandtax": -1358000000,
        "othercomprehensiveincomelossforeigncurrencytranslationadjustmenttax": 28000000,
        "othercomprehensiveincomelosspensionandotherpostretirementbenefitplansnetunamortizedgainlossarisingduringperiodbeforetax": 80000000,
        "othercomprehensiveincomelossamortizationpensionandotherpostretirementbenefitplansnetpriorservicecostrecognizedinnetperiodicbenefitcostbeforetax": -117000000,
        "othercomprehensiveincomereclassificationofdefinedbenefitplansnetgainlossrecognizedinnetperiodicbenefitcostbeforetax": 40000000,
        "othercomprehensiveincomelosspensionandotherpostretirementbenefitplanstax": -87000000,
        "othercomprehensiveincomeunrealizedgainlossonderivativesarisingduringperiodbeforetax": -390000000,
        "othercomprehensiveincomelossreclassificationadjustmentonderivativesincludedinnetincomebeforetax": 18000000,
        "othercomprehensiveincomelossderivativesqualifyingashedgestax": -151000000,
        "othercomprehensiveincomelossnetoftax": -1457000000,
        "comprehensiveincomenetoftaxincludingportionattributabletononcontrollinginterest": -423000000,
        "comprehensiveincomenetoftaxattributabletononcontrollinginterest": -10000000,
        "comprehensiveincomenetoftax": -413000000
    },
    {
        "date": "2012-03-30",
        "symbol": "MDLZ",
        "period": "Q1",
        "revenues": 752000000,
        "costofgoodssold": 8426000000,
        "grossprofit": 4667000000,
        "sellinggeneralandadministrativeexpense": 2822000000,
        "restructuringsettlementandimpairmentprovisions": 98000000,
        "amortizationofintangibleassets": 56000000,
        "operatingincomeloss": 204000000,
        "interestanddebtexpense": 553000000,
        "incomelossfromcontinuingoperationsbeforeincometaxesminorityinterestandincomelossfromequitymethodinvestments": 1138000000,
        "incometaxexpensebenefit": 319000000,
        "profitloss": 813000000,
        "netincomelossattributabletononcontrollinginterest": 6000000,
        "netincomeloss": 813000000,
        "earningspersharebasic": 0.46,
        "earningspersharediluted": 0.46,
        "commonstockdividendspersharedeclared": 0.29,
        "othercomprehensiveincomeforeigncurrencytransactionandtranslationadjustmentbeforetaxperiodincreasedecrease": 1160000000,
        "othercomprehensiveincomeforeigncurrencytranslationadjustmenttax": 37000000,
        "othercomprehensiveincomedefinedbenefitplansnetunamortizedgainlossarisingduringperiodbeforetax": 29000000,
        "othercomprehensiveincomeamortizationofdefinedbenefitplannetpriorservicecostcreditrecognizedinnetperiodicbenefitcostbeforetax": 132000000,
        "othercomprehensiveincomereclassificationofdefinedbenefitplansnetgainlossrecognizedinnetperiodicbenefitcostbeforetax": 20000000,
        "othercomprehensiveincomedefinedbenefitplanstax": -53000000,
        "othercomprehensiveincomeunrealizedgainlossonderivativesarisingduringperiodbeforetax": 34000000,
        "othercomprehensiveincomereclassificationadjustmentonderivativesincludedinnetincomebeforetax": 125000000,
        "othercomprehensiveincomederivativesqualifyingashedgestaxeffectperiodincreasedecrease": -80000000,
        "othercomprehensiveincomelossnetoftaxperiodincreasedecrease": 9000000,
        "comprehensiveincomenetoftaxincludingportionattributabletononcontrollinginterest": 2223000000,
        "comprehensiveincomenetoftaxattributabletononcontrollinginterest": 15000000,
        "comprehensiveincomenetoftax": 2208000000
    },
    {
        "date": "2011-09-29",
        "symbol": "MDLZ",
        "period": "Q3",
        "revenues": 748000000,
        "costofgoodssold": 8611000000,
        "grossprofit": 4615000000,
        "sellinggeneralandadministrativeexpense": 2866000000,
        "restructuringsettlementandimpairmentprovisions": -7000000,
        "amortizationofintangibleassets": 58000000,
        "operatingincomeloss": 221000000,
        "interestanddebtexpense": 425000000,
        "incomelossfromcontinuingoperationsbeforeincometaxesminorityinterestandincomelossfromequitymethodinvestments": 1273000000,
        "incometaxexpensebenefit": 346000000,
        "incomelossfromcontinuingoperationsincludingportionattributabletononcontrollinginterest": 927000000,
        "profitloss": 927000000,
        "netincomelossattributabletononcontrollinginterest": 5000000,
        "netincomeloss": 922000000,
        "incomelossfromcontinuingoperationsperbasicshare": 0.52,
        "earningspersharebasic": 0.52,
        "incomelossfromcontinuingoperationsperdilutedshare": 0.52,
        "earningspersharediluted": 0.52,
        "commonstockdividendspersharedeclared": 0.29
    },
    {
        "date": "2011-06-29",
        "symbol": "MDLZ",
        "period": "Q2",
        "revenues": 938000000,
        "costofgoodssold": 9007000000,
        "grossprofit": 4871000000,
        "sellinggeneralandadministrativeexpense": 3008000000,
        "amortizationofintangibleassets": 57000000,
        "operatingincomeloss": 192000000,
        "interestanddebtexpense": 441000000,
        "incomelossfromcontinuingoperationsbeforeincometaxesminorityinterestandincomelossfromequitymethodinvestments": 1365000000,
        "incometaxexpensebenefit": 389000000,
        "incomelossfromcontinuingoperationsincludingportionattributabletononcontrollinginterest": 976000000,
        "profitloss": 976000000,
        "netincomelossattributabletononcontrollinginterest": 0,
        "netincomeloss": 976000000,
        "incomelossfromcontinuingoperationsperbasicshare": 0.55,
        "earningspersharebasic": 0.55,
        "incomelossfromcontinuingoperationsperdilutedshare": 0.56,
        "earningspersharediluted": 0.56,
        "commonstockdividendspersharedeclared": 0.29
    },
    {
        "date": "2011-03-30",
        "symbol": "MDLZ",
        "period": "Q1",
        "revenues": 718000000,
        "costofgoodssold": 7937000000,
        "grossprofit": 4636000000,
        "sellinggeneralandadministrativeexpense": 2933000000,
        "amortizationofintangibleassets": 57000000,
        "operatingincomeloss": 193000000,
        "interestanddebtexpense": 446000000,
        "incomelossfromcontinuingoperationsbeforeincometaxesminorityinterestandincomelossfromequitymethodinvestments": 1200000000,
        "incometaxexpensebenefit": 398000000,
        "incomelossfromcontinuingoperationsincludingportionattributabletononcontrollinginterest": 802000000,
        "profitloss": 799000000,
        "netincomelossattributabletononcontrollinginterest": 3000000,
        "netincomeloss": 799000000,
        "incomelossfromcontinuingoperationsperbasicshare": 0.46,
        "earningspersharebasic": 0.46,
        "incomelossfromcontinuingoperationsperdilutedshare": 0.45,
        "earningspersharediluted": 0.45,
        "commonstockdividendspersharedeclared": 0.29
    },
    {
        "date": "2010-03-30",
        "symbol": "MDLZ",
        "period": "Q1",
        "revenues": 11318000000,
        "costofgoodssold": 7229000000,
        "grossprofit": 4089000000,
        "sellinggeneralandadministrativeexpense": 2850000000,
        "amortizationofintangibleassets": 33000000,
        "operatingincomeloss": 1206000000,
        "interestanddebtexpense": 624000000,
        "incomelossfromcontinuingoperationsbeforeincometaxesminorityinterestandincomelossfromequitymethodinvestments": 582000000,
        "incometaxexpensebenefit": 333000000,
        "incomelossfromcontinuingoperationsincludingportionattributabletononcontrollinginterest": 249000000,
        "incomelossfromdiscontinuedoperationsnetoftax": 1644000000,
        "profitloss": 1883000000,
        "netincomelossattributabletononcontrollinginterest": 10000000,
        "netincomeloss": 1883000000,
        "incomelossfromcontinuingoperationsperbasicshare": 0.15,
        "incomelossfromdiscontinuedoperationsnetoftaxperbasicshare": 1.02,
        "earningspersharebasic": 1.17,
        "incomelossfromcontinuingoperationsperdilutedshare": 0.15,
        "incomelossfromdiscontinuedoperationsnetoftaxperdilutedshare": 1.01,
        "earningspersharediluted": 1.16,
        "commonstockdividendspersharedeclared": 0.29
    }
]