[
    {
        "date": "2024-09-29",
        "symbol": "CARR",
        "period": "Q3",
        "revenuefromcontractwithcustomerexcludingassessedtax": 774000000,
        "costofgoodsandservicessold": 64000000,
        "researchanddevelopmentexpense": 172000000,
        "sellinggeneralandadministrativeexpense": 799000000,
        "costsandexpenses": 5278000000,
        "incomelossfromequitymethodinvestments": 66000000,
        "otheroperatingincomeexpensenet": -9000000,
        "operatingincomeloss": 763000000,
        "netperiodicdefinedbenefitsexpensereversalofexpenseexcludingservicecostcomponent": 1000000,
        "interestincomeexpensenonoperatingnet": 8000000,
        "incomelossfromcontinuingoperationsbeforeincometaxesextraordinaryitemsnoncontrollinginterest": 770000000,
        "incometaxexpensebenefit": 172000000,
        "incomelossfromcontinuingoperationsincludingportionattributabletononcontrollinginterest": 598000000,
        "incomelossfromdiscontinuedoperationsnetoftax": -117000000,
        "profitloss": 481000000,
        "netincomelossattributabletononcontrollinginterest": 34000000,
        "netincomeloss": 447000000,
        "netincomelossfromcontinuingoperationsavailabletocommonshareholdersbasic": 564000000,
        "netincomelossfromdiscontinuedoperationsavailabletocommonshareholdersbasic": -117000000,
        "incomelossfromcontinuingoperationsperbasicshare": 0.63,
        "incomelossfromdiscontinuedoperationsnetoftaxperbasicshare": -0.13,
        "earningspersharebasic": 0.5,
        "incomelossfromcontinuingoperationsperdilutedshare": 0.62,
        "incomelossfromdiscontinuedoperationsnetoftaxperdilutedshare": -0.13,
        "earningspersharediluted": 0.49,
        "weightedaveragenumberofsharesoutstandingbasic": 901200000,
        "weightedaveragenumberofdilutedsharesoutstanding": 915000000,
        "othercomprehensiveincomeforeigncurrencytransactionandtranslationgainlossarisingduringperiodnetoftax": 678000000,
        "othercomprehensiveincomelosspensionandotherpostretirementbenefitplansadjustmentnetoftax": -1000000,
        "othercomprehensiveincomelosscashflowhedgegainlossreclassificationaftertax": 1000000,
        "othercomprehensiveincomelossdivestituresnetoftax": 215000000,
        "othercomprehensiveincomelossnetoftax": 893000000,
        "comprehensiveincomenetoftaxincludingportionattributabletononcontrollinginterest": 1374000000,
        "comprehensiveincomenetoftaxattributabletononcontrollinginterest": 43000000,
        "comprehensiveincomenetoftax": 1331000000
    },
    {
        "date": "2023-12-30",
        "symbol": "CARR",
        "period": "Q4",
        "revenuefromcontractwithcustomerexcludingassessedtax": 13411000000,
        "costofgoodsandservicessold": 9907000000,
        "researchanddevelopmentexpense": 170000000,
        "sellinggeneralandadministrativeexpense": 961000000,
        "costsandexpenses": 4799000000,
        "incomelossfromequitymethodinvestments": 40000000,
        "otheroperatingincomeexpensenet": 264000000,
        "operatingincomeloss": 1756000000,
        "interestincomeexpensenonoperatingnet": -47000000,
        "incomelossfromcontinuingoperationsbeforeincometaxesextraordinaryitemsnoncontrollinginterest": 559000000,
        "incometaxexpensebenefit": 120000000,
        "profitloss": 1011000000,
        "netincomelossattributabletononcontrollinginterest": 19000000,
        "netincomelossavailabletocommonstockholdersbasic": 420000000,
        "earningspersharebasic": 0.49000000000000016,
        "earningspersharediluted": 0.49000000000000016,
        "weightedaveragenumberofsharesoutstandingbasic": 837300000,
        "weightedaveragenumberofdilutedsharesoutstanding": 853000000,
        "othercomprehensiveincomeforeigncurrencytransactionandtranslationgainlossarisingduringperiodnetoftax": 412000000,
        "othercomprehensiveincomelossnetoftax": 371000000,
        "comprehensiveincomenetoftaxincludingportionattributabletononcontrollinginterest": 813000000,
        "comprehensiveincomenetoftaxattributabletononcontrollinginterest": 23000000,
        "comprehensiveincomenetoftax": 790000000
    },
    {
        "date": "2023-09-29",
        "symbol": "CARR",
        "period": "Q3",
        "revenuefromcontractwithcustomerexcludingassessedtax": 5081000000,
        "costofgoodsandservicessold": 3428000000,
        "researchanddevelopmentexpense": 157000000,
        "sellinggeneralandadministrativeexpense": 831000000,
        "costsandexpenses": 4903000000,
        "incomelossfromequitymethodinvestments": 75000000,
        "otheroperatingincomeexpensenet": -258000000,
        "operatingincomeloss": 645000000,
        "interestincomeexpensenonoperatingnet": -51000000,
        "incomelossfromcontinuingoperationsbeforeincometaxesextraordinaryitemsnoncontrollinginterest": 594000000,
        "incometaxexpensebenefit": 213000000,
        "profitloss": 381000000,
        "netincomelossattributabletononcontrollinginterest": 24000000,
        "netincomelossavailabletocommonstockholdersbasic": 357000000,
        "earningspersharebasic": 0.43,
        "earningspersharediluted": 0.42,
        "weightedaveragenumberofsharesoutstandingbasic": 838700000,
        "weightedaveragenumberofdilutedsharesoutstanding": 854700000,
        "othercomprehensiveincomeforeigncurrencytransactionandtranslationgainlossarisingduringperiodnetoftax": -246000000,
        "othercomprehensiveincomelosscashflowhedgegainlossbeforereclassificationaftertax": 80000000,
        "othercomprehensiveincomelossnetoftax": -166000000,
        "comprehensiveincomenetoftaxincludingportionattributabletononcontrollinginterest": 215000000,
        "comprehensiveincomenetoftaxattributabletononcontrollinginterest": 23000000,
        "comprehensiveincomenetoftax": 192000000
    },
    {
        "date": "2023-06-29",
        "symbol": "CARR",
        "period": "Q2",
        "revenuefromcontractwithcustomerexcludingassessedtax": 887000000,
        "costofgoodsandservicessold": 59000000,
        "researchanddevelopmentexpense": 151000000,
        "sellinggeneralandadministrativeexpense": 784000000,
        "costsandexpenses": 5172000000,
        "incomelossfromequitymethodinvestments": 52000000,
        "otheroperatingincomeexpensenet": -383000000,
        "operatingincomeloss": -62000000,
        "interestincomeexpensenonoperatingnet": -67000000,
        "incomelossfromcontinuingoperationsbeforeincometaxesextraordinaryitemsnoncontrollinginterest": 422000000,
        "incometaxexpensebenefit": 189000000,
        "profitloss": 34000000,
        "netincomelossattributabletononcontrollinginterest": 34000000,
        "netincomelossavailabletocommonstockholdersbasic": 199000000,
        "earningspersharebasic": 0.24,
        "earningspersharediluted": 0.23,
        "weightedaveragenumberofsharesoutstandingbasic": 836000000,
        "weightedaveragenumberofdilutedsharesoutstanding": 850900000,
        "othercomprehensiveincomeforeigncurrencytransactionandtranslationgainlossarisingduringperiodnetoftax": -63000000,
        "othercomprehensiveincomelossnetoftax": -8000000,
        "comprehensiveincomenetoftaxincludingportionattributabletononcontrollinginterest": 170000000,
        "comprehensiveincomenetoftaxattributabletononcontrollinginterest": 26000000,
        "comprehensiveincomenetoftax": 144000000
    },
    {
        "date": "2023-03-30",
        "symbol": "CARR",
        "period": "Q1",
        "revenuefromcontractwithcustomerexcludingassessedtax": 184000000,
        "costofgoodsandservicessold": 437000000,
        "researchanddevelopmentexpense": 139000000,
        "sellinggeneralandadministrativeexpense": 721000000,
        "costsandexpenses": 4755000000,
        "incomelossfromequitymethodinvestments": 44000000,
        "otheroperatingincomeexpensenet": -7000000,
        "operatingincomeloss": -43000000,
        "interestincomeexpensenonoperatingnet": -46000000,
        "incomelossfromcontinuingoperationsbeforeincometaxesextraordinaryitemsnoncontrollinginterest": 509000000,
        "incometaxexpensebenefit": 122000000,
        "profitloss": 14000000,
        "netincomelossattributabletononcontrollinginterest": 14000000,
        "netincomelossavailabletocommonstockholdersbasic": 373000000,
        "earningspersharebasic": 0.45,
        "earningspersharediluted": 0.44,
        "weightedaveragenumberofsharesoutstandingbasic": 835000000,
        "weightedaveragenumberofdilutedsharesoutstanding": 852200000,
        "othercomprehensiveincomeforeigncurrencytransactionandtranslationgainlossarisingduringperiodnetoftax": 54000000,
        "othercomprehensiveincomelossnetoftax": 2000000,
        "comprehensiveincomenetoftaxincludingportionattributabletononcontrollinginterest": 441000000,
        "comprehensiveincomenetoftaxattributabletononcontrollinginterest": 16000000,
        "comprehensiveincomenetoftax": 425000000
    },
    {
        "date": "2022-12-30",
        "symbol": "CARR",
        "period": "Q4",
        "revenuefromcontractwithcustomerexcludingassessedtax": 10941000000,
        "costofgoodsandservicessold": 451000000,
        "researchanddevelopmentexpense": 149000000,
        "sellinggeneralandadministrativeexpense": 673000000,
        "costsandexpenses": 4680000000,
        "incomelossfromequitymethodinvestments": 40000000,
        "otheroperatingincomeexpensenet": -32000000,
        "operatingincomeloss": -27000000,
        "interestincomeexpensenonoperatingnet": -54000000,
        "incomelossfromcontinuingoperationsbeforeincometaxesextraordinaryitemsnoncontrollinginterest": 377000000,
        "incometaxexpensebenefit": 99000000,
        "profitloss": -2549000000,
        "netincomelossattributabletononcontrollinginterest": 8000000,
        "netincomelossavailabletocommonstockholdersbasic": -2507000000,
        "earningspersharebasic": 0.3300000000000005,
        "earningspersharediluted": 0.31999999999999984,
        "weightedaveragenumberofsharesoutstandingbasic": -2700000,
        "weightedaveragenumberofdilutedsharesoutstanding": -3100000,
        "othercomprehensiveincomelosspensionandotherpostretirementbenefitplansadjustmentnetoftax": -398000000,
        "othercomprehensiveincomelossnetoftax": 1412000000,
        "comprehensiveincomenetoftaxincludingportionattributabletononcontrollinginterest": 991000000,
        "comprehensiveincomenetoftaxattributabletononcontrollinginterest": 4000000,
        "comprehensiveincomenetoftax": 987000000
    },
    {
        "date": "2022-09-29",
        "symbol": "CARR",
        "period": "Q3",
        "revenuefromcontractwithcustomerexcludingassessedtax": 202000000,
        "costofgoodsandservicessold": 405000000,
        "researchanddevelopmentexpense": 143000000,
        "sellinggeneralandadministrativeexpense": 624000000,
        "costsandexpenses": 4741000000,
        "incomelossfromequitymethodinvestments": 63000000,
        "otheroperatingincomeexpensenet": 753000000,
        "operatingincomeloss": -36000000,
        "netperiodicdefinedbenefitsexpensereversalofexpenseexcludingservicecostcomponent": 0,
        "interestincomeexpensenonoperatingnet": -56000000,
        "incomelossfromcontinuingoperationsbeforeincometaxesextraordinaryitemsnoncontrollinginterest": 1470000000,
        "incometaxexpensebenefit": 138000000,
        "profitloss": 3284000000,
        "netincomelossattributabletononcontrollinginterest": 20000000,
        "netincomelossavailabletocommonstockholdersbasic": 1312000000,
        "earningspersharebasic": 1.5599999999999996,
        "earningspersharediluted": 1.5299999999999998,
        "weightedaveragenumberofsharesoutstandingbasic": -852900000,
        "weightedaveragenumberofdilutedsharesoutstanding": -872500000,
        "othercomprehensiveincomeforeigncurrencytransactionandtranslationgainlossarisingduringperiodnetoftax": -645000000,
        "othercomprehensiveincomelosspensionandotherpostretirementbenefitplansadjustmentnetoftax": -2000000,
        "othercomprehensiveincomelossnetoftax": -1121000000,
        "comprehensiveincomenetoftaxincludingportionattributabletononcontrollinginterest": 689000000,
        "comprehensiveincomenetoftaxattributabletononcontrollinginterest": 7000000,
        "comprehensiveincomenetoftax": 682000000
    },
    {
        "date": "2022-06-29",
        "symbol": "CARR",
        "period": "Q2",
        "revenuefromcontractwithcustomerexcludingassessedtax": 208000000,
        "costofgoodsandservicessold": 401000000,
        "researchanddevelopmentexpense": 122000000,
        "sellinggeneralandadministrativeexpense": 614000000,
        "costsandexpenses": 4500000000,
        "incomelossfromequitymethodinvestments": 101000000,
        "otheroperatingincomeexpensenet": 7000000,
        "operatingincomeloss": -31000000,
        "netperiodicdefinedbenefitsexpensereversalofexpenseexcludingservicecostcomponent": 1000000,
        "interestincomeexpensenonoperatingnet": -61000000,
        "incomelossfromcontinuingoperationsbeforeincometaxesextraordinaryitemsnoncontrollinginterest": 757000000,
        "incometaxexpensebenefit": 170000000,
        "profitloss": 14000000,
        "netincomelossattributabletononcontrollinginterest": 14000000,
        "netincomelossavailabletocommonstockholdersbasic": 573000000,
        "earningspersharebasic": 0.68,
        "earningspersharediluted": 0.67,
        "weightedaveragenumberofsharesoutstandingbasic": 845700000,
        "weightedaveragenumberofdilutedsharesoutstanding": 862700000,
        "othercomprehensiveincomeforeigncurrencytransactionandtranslationgainlossarisingduringperiodnetoftax": -489000000,
        "othercomprehensiveincomelosspensionandotherpostretirementbenefitplansadjustmentnetoftax": -2000000,
        "othercomprehensiveincomelossnetoftax": -9000000,
        "comprehensiveincomenetoftaxincludingportionattributabletononcontrollinginterest": 100000000,
        "comprehensiveincomenetoftaxattributabletononcontrollinginterest": 5000000,
        "comprehensiveincomenetoftax": 95000000
    },
    {
        "date": "2022-03-30",
        "symbol": "CARR",
        "period": "Q1",
        "revenuefromcontractwithcustomerexcludingassessedtax": 173000000,
        "costofgoodsandservicessold": 363000000,
        "researchanddevelopmentexpense": 125000000,
        "sellinggeneralandadministrativeexpense": 601000000,
        "costsandexpenses": 4087000000,
        "incomelossfromequitymethodinvestments": 58000000,
        "otheroperatingincomeexpensenet": 1112000000,
        "operatingincomeloss": -34000000,
        "netperiodicdefinedbenefitsexpensereversalofexpenseexcludingservicecostcomponent": 1000000,
        "interestincomeexpensenonoperatingnet": -48000000,
        "incomelossfromcontinuingoperationsbeforeincometaxesextraordinaryitemsnoncontrollinginterest": 1688000000,
        "incometaxexpensebenefit": 301000000,
        "profitloss": 8000000,
        "netincomelossattributabletononcontrollinginterest": 8000000,
        "netincomelossavailabletocommonstockholdersbasic": 1379000000,
        "earningspersharebasic": 1.62,
        "earningspersharediluted": 1.58,
        "weightedaveragenumberofsharesoutstandingbasic": 853300000,
        "weightedaveragenumberofdilutedsharesoutstanding": 874100000,
        "othercomprehensiveincomeforeigncurrencytransactionandtranslationgainlossarisingduringperiodnetoftax": -61000000,
        "othercomprehensiveincomelosspensionandotherpostretirementbenefitplansadjustmentnetoftax": 2000000,
        "othercomprehensiveincomelossforeigncurrencytransactionandtranslationreclassificationadjustmentfromaocirealizeduponsaleorliquidationnetoftax": -329000000,
        "othercomprehensiveincomelossnetoftax": -308000000,
        "comprehensiveincomenetoftaxincludingportionattributabletononcontrollinginterest": 1079000000,
        "comprehensiveincomenetoftaxattributabletononcontrollinginterest": 8000000,
        "comprehensiveincomenetoftax": 1071000000
    },
    {
        "date": "2021-12-30",
        "symbol": "CARR",
        "period": "Q4",
        "revenuefromcontractwithcustomerexcludingassessedtax": 8815000000,
        "costofgoodsandservicessold": 598000000,
        "researchanddevelopmentexpense": 134000000,
        "sellinggeneralandadministrativeexpense": 816000000,
        "costsandexpenses": 4717000000,
        "incomelossfromequitymethodinvestments": 48000000,
        "otheroperatingincomeexpensenet": -1000000,
        "operatingincomeloss": -30000000,
        "netperiodicdefinedbenefitsexpensereversalofexpenseexcludingservicecostcomponent": -10000000,
        "interestincomeexpensenonoperatingnet": -68000000,
        "incomelossfromcontinuingoperationsbeforeincometaxesextraordinaryitemsnoncontrollinginterest": 405000000,
        "incometaxexpensebenefit": 73000000,
        "profitloss": 621000000,
        "netincomelossattributabletononcontrollinginterest": 8000000,
        "netincomelossavailabletocommonstockholdersbasic": -690000000,
        "earningspersharebasic": 0.37999999999999984,
        "earningspersharediluted": 0.36000000000000004,
        "weightedaveragenumberofsharesoutstandingbasic": -1737900000,
        "weightedaveragenumberofdilutedsharesoutstanding": -1782400000,
        "othercomprehensiveincomelossnetoftax": 2000000,
        "comprehensiveincomenetoftaxincludingportionattributabletononcontrollinginterest": 334000000,
        "comprehensiveincomenetoftaxattributabletononcontrollinginterest": 8000000,
        "comprehensiveincomenetoftax": 326000000
    },
    {
        "date": "2021-09-29",
        "symbol": "CARR",
        "period": "Q3",
        "revenuefromcontractwithcustomerexcludingassessedtax": 224000000,
        "costofgoodsandservicessold": 568000000,
        "researchanddevelopmentexpense": 123000000,
        "sellinggeneralandadministrativeexpense": 748000000,
        "costsandexpenses": 4611000000,
        "incomelossfromequitymethodinvestments": 76000000,
        "otheroperatingincomeexpensenet": 22000000,
        "operatingincomeloss": -36000000,
        "netperiodicdefinedbenefitsexpensereversalofexpenseexcludingservicecostcomponent": -14000000,
        "interestincomeexpensenonoperatingnet": -74000000,
        "incomelossfromcontinuingoperationsbeforeincometaxesextraordinaryitemsnoncontrollinginterest": 768000000,
        "incometaxexpensebenefit": 288000000,
        "profitloss": 11000000,
        "netincomelossattributabletononcontrollinginterest": 11000000,
        "netincomelossavailabletocommonstockholdersbasic": 469000000,
        "earningspersharebasic": 0.54,
        "earningspersharediluted": 0.53,
        "weightedaveragenumberofsharesoutstandingbasic": 867600000,
        "weightedaveragenumberofdilutedsharesoutstanding": 892000000,
        "othercomprehensiveincomelossforeigncurrencytransactionandtranslationadjustmentbeforetax": -203000000,
        "othercomprehensiveincomelossreclassificationadjustmentfromaocipensionandotherpostretirementbenefitplansfornetgainlossnetoftax": -6000000,
        "othercomprehensiveincomelossnetoftax": -197000000,
        "comprehensiveincomenetoftaxincludingportionattributabletononcontrollinginterest": 283000000,
        "comprehensiveincomenetoftaxattributabletononcontrollinginterest": 11000000,
        "comprehensiveincomenetoftax": 272000000
    },
    {
        "date": "2021-06-29",
        "symbol": "CARR",
        "period": "Q2",
        "revenuefromcontractwithcustomerexcludingassessedtax": 4584000000,
        "costofgoodsandservicessold": 3235000000,
        "researchanddevelopmentexpense": 125000000,
        "sellinggeneralandadministrativeexpense": 813000000,
        "costsandexpenses": 4759000000,
        "incomelossfromequitymethodinvestments": 87000000,
        "otheroperatingincomeexpensenet": 15000000,
        "operatingincomeloss": 783000000,
        "netperiodicdefinedbenefitsexpensereversalofexpenseexcludingservicecostcomponent": -19000000,
        "interestincomeexpensenonoperatingnet": -71000000,
        "incomelossfromcontinuingoperationsbeforeincometaxesextraordinaryitemsnoncontrollinginterest": 731000000,
        "incometaxexpensebenefit": 234000000,
        "profitloss": 497000000,
        "netincomelossattributabletononcontrollinginterest": 10000000,
        "netincomelossavailabletocommonstockholdersbasic": 487000000,
        "earningspersharebasic": 0.56,
        "earningspersharediluted": 0.55,
        "weightedaveragenumberofsharesoutstandingbasic": 868700000,
        "weightedaveragenumberofdilutedsharesoutstanding": 890900000,
        "othercomprehensiveincomelossforeigncurrencytransactionandtranslationadjustmentbeforetax": 59000000,
        "othercomprehensiveincomelossreclassificationadjustmentfromaocipensionandotherpostretirementbenefitplansfornetgainlossnetoftax": -6000000,
        "othercomprehensiveincomelossnetoftax": 65000000,
        "comprehensiveincomenetoftaxincludingportionattributabletononcontrollinginterest": 562000000,
        "comprehensiveincomenetoftaxattributabletononcontrollinginterest": 10000000,
        "comprehensiveincomenetoftax": 552000000
    },
    {
        "date": "2021-03-30",
        "symbol": "CARR",
        "period": "Q1",
        "revenuefromcontractwithcustomerexcludingassessedtax": 3864000000,
        "costofgoodsandservicessold": 2724000000,
        "researchanddevelopmentexpense": 121000000,
        "sellinggeneralandadministrativeexpense": 743000000,
        "costsandexpenses": 4169000000,
        "incomelossfromequitymethodinvestments": 38000000,
        "otheroperatingincomeexpensenet": 3000000,
        "operatingincomeloss": 571000000,
        "netperiodicdefinedbenefitsexpensereversalofexpenseexcludingservicecostcomponent": -18000000,
        "interestincomeexpensenonoperatingnet": -93000000,
        "incomelossfromcontinuingoperationsbeforeincometaxesextraordinaryitemsnoncontrollinginterest": 496000000,
        "incometaxexpensebenefit": 104000000,
        "profitloss": 392000000,
        "netincomelossattributabletononcontrollinginterest": 8000000,
        "netincomelossavailabletocommonstockholdersbasic": 384000000,
        "earningspersharebasic": 0.44,
        "earningspersharediluted": 0.43,
        "weightedaveragenumberofsharesoutstandingbasic": 869300000,
        "weightedaveragenumberofdilutedsharesoutstanding": 889800000,
        "othercomprehensiveincomelossforeigncurrencytransactionandtranslationadjustmentbeforetax": -121000000,
        "othercomprehensiveincomelossreclassificationadjustmentfromaocipensionandotherpostretirementbenefitplansfornetgainlossnetoftax": -7000000,
        "othercomprehensiveincomelossnetoftax": -114000000,
        "comprehensiveincomenetoftaxincludingportionattributabletononcontrollinginterest": 278000000,
        "comprehensiveincomenetoftaxattributabletononcontrollinginterest": 8000000,
        "comprehensiveincomenetoftax": 270000000
    },
    {
        "date": "2020-12-30",
        "symbol": "CARR",
        "period": "Q4",
        "revenuefromcontractwithcustomerexcludingassessedtax": 6533000000,
        "costofgoodsandservicessold": 4429000000,
        "researchanddevelopmentexpense": 127000000,
        "sellinggeneralandadministrativeexpense": 810000000,
        "costsandexpenses": 4246000000,
        "incomelossfromequitymethodinvestments": 59000000,
        "otheroperatingincomeexpensenet": 838000000,
        "operatingincomeloss": 1596000000,
        "netperiodicdefinedbenefitsexpensereversalofexpenseexcludingservicecostcomponent": -28000000,
        "interestincomeexpensenonoperatingnet": -82000000,
        "incomelossfromcontinuingoperationsbeforeincometaxesextraordinaryitemsnoncontrollinginterest": 1176000000,
        "incometaxexpensebenefit": 289000000,
        "profitloss": 983000000,
        "netincomelossattributabletononcontrollinginterest": 3000000,
        "earningspersharebasic": 1.02,
        "earningspersharediluted": 1,
        "weightedaveragenumberofsharesoutstandingbasic": -1732100000,
        "weightedaveragenumberofdilutedsharesoutstanding": -1738200000,
        "othercomprehensiveincomelossnetoftax": 436000000,
        "comprehensiveincomenetoftaxincludingportionattributabletononcontrollinginterest": 942000000,
        "comprehensiveincomenetoftaxattributabletononcontrollinginterest": 12000000,
        "comprehensiveincomenetoftax": 1311000000
    },
    {
        "date": "2020-09-29",
        "symbol": "CARR",
        "period": "Q3",
        "revenuefromcontractwithcustomerexcludingassessedtax": 4193000000,
        "costofgoodsandservicessold": 2884000000,
        "researchanddevelopmentexpense": 100000000,
        "sellinggeneralandadministrativeexpense": 681000000,
        "costsandexpenses": 4222000000,
        "incomelossfromequitymethodinvestments": 62000000,
        "otheroperatingincomeexpensenet": 239000000,
        "operatingincomeloss": 1081000000,
        "netperiodicdefinedbenefitsexpensereversalofexpenseexcludingservicecostcomponent": -16000000,
        "interestincomeexpensenonoperatingnet": -88000000,
        "incomelossfromcontinuingoperationsbeforeincometaxesextraordinaryitemsnoncontrollinginterest": 1009000000,
        "incometaxexpensebenefit": 261000000,
        "profitloss": 748000000,
        "netincomelossattributabletononcontrollinginterest": 7000000,
        "netincomeloss": 741000000,
        "earningspersharebasic": 0.86,
        "earningspersharediluted": 0.84,
        "weightedaveragenumberofsharesoutstandingbasic": 866400000,
        "weightedaveragenumberofdilutedsharesoutstanding": 881500000,
        "othercomprehensiveincomelossforeigncurrencytransactionandtranslationadjustmentbeforetax": 307000000,
        "othercomprehensiveincomelossreclassificationadjustmentfromaocipensionandotherpostretirementbenefitplansfornetgainlossnetoftax": -5000000,
        "othercomprehensiveincomelossnetoftax": 312000000,
        "comprehensiveincomenetoftaxincludingportionattributabletononcontrollinginterest": 1060000000,
        "comprehensiveincomenetoftaxattributabletononcontrollinginterest": 12000000,
        "comprehensiveincomenetoftax": 1048000000
    },
    {
        "date": "2020-06-29",
        "symbol": "CARR",
        "period": "Q2",
        "revenuefromcontractwithcustomerexcludingassessedtax": 3275000000,
        "costofgoodsandservicessold": 2343000000,
        "researchanddevelopmentexpense": 94000000,
        "sellinggeneralandadministrativeexpense": 637000000,
        "costsandexpenses": 3562000000,
        "incomelossfromequitymethodinvestments": 57000000,
        "otheroperatingincomeexpensenet": -25000000,
        "operatingincomeloss": 442000000,
        "netperiodicdefinedbenefitsexpensereversalofexpenseexcludingservicecostcomponent": -14000000,
        "interestincomeexpensenonoperatingnet": -81000000,
        "incomelossfromcontinuingoperationsbeforeincometaxesextraordinaryitemsnoncontrollinginterest": 375000000,
        "incometaxexpensebenefit": 106000000,
        "profitloss": 269000000,
        "netincomelossattributabletononcontrollinginterest": 8000000,
        "netincomeloss": 261000000,
        "earningspersharebasic": 0.3,
        "earningspersharediluted": 0.3,
        "weightedaveragenumberofsharesoutstandingbasic": 866200000,
        "weightedaveragenumberofdilutedsharesoutstanding": 870900000,
        "othercomprehensiveincomelossforeigncurrencytransactionandtranslationadjustmentbeforetax": 251000000,
        "othercomprehensiveincomelossreclassificationadjustmentfromaocipensionandotherpostretirementbenefitplansfornetgainlossnetoftax": -7000000,
        "othercomprehensiveincomelossnetoftax": 258000000,
        "comprehensiveincomenetoftaxincludingportionattributabletononcontrollinginterest": 527000000,
        "comprehensiveincomenetoftaxattributabletononcontrollinginterest": 9000000,
        "comprehensiveincomenetoftax": 518000000
    },
    {
        "date": "2020-03-30",
        "symbol": "CARR",
        "period": "Q1",
        "revenuefromcontractwithcustomerexcludingassessedtax": 346000000,
        "costofgoodsandservicessold": 529000000,
        "researchanddevelopmentexpense": 98000000,
        "sellinggeneralandadministrativeexpense": 692000000,
        "costsandexpenses": 3556000000,
        "incomelossfromequitymethodinvestments": 29000000,
        "otheroperatingincomeexpensenet": -46000000,
        "operatingincomeloss": -36000000,
        "netperiodicdefinedbenefitsexpensereversalofexpenseexcludingservicecostcomponent": -2000000,
        "interestincomeexpensenonoperatingnet": -37000000,
        "incomelossfromcontinuingoperationsbeforeincometaxesextraordinaryitemsnoncontrollinginterest": 295000000,
        "incometaxexpensebenefit": 193000000,
        "profitloss": 6000000,
        "netincomelossattributabletononcontrollinginterest": 6000000,
        "netincomeloss": 96000000,
        "earningspersharebasic": 0.11,
        "earningspersharediluted": 0.11,
        "weightedaveragenumberofsharesoutstandingbasic": 866000000,
        "weightedaveragenumberofdilutedsharesoutstanding": 866000000,
        "othercomprehensiveincomelossforeigncurrencytransactionandtranslationadjustmentbeforetax": -490000000,
        "othercomprehensiveincomelossreclassificationadjustmentfromaocipensionandotherpostretirementbenefitplansfornetgainlossnetoftax": -5000000,
        "othercomprehensiveincomelossnetoftax": -485000000,
        "comprehensiveincomenetoftaxincludingportionattributabletononcontrollinginterest": -2000000,
        "comprehensiveincomenetoftaxattributabletononcontrollinginterest": 4000000,
        "comprehensiveincomenetoftax": -387000000
    }
]