[
    {
        "date": "2024-10-31",
        "symbol": "LOW",
        "period": "Q3",
        "revenuefromcontractwithcustomerexcludingassessedtax": 20170000000,
        "costofgoodsandservicessold": 13375000000,
        "grossprofit": 6795000000,
        "sellinggeneralandadministrativeexpense": 3826000000,
        "depreciationandamortization": 433000000,
        "operatingincomeloss": 2536000000,
        "incomelossfromcontinuingoperationsbeforeincometaxesextraordinaryitemsnoncontrollinginterest": 2220000000,
        "incometaxexpensebenefit": 525000000,
        "netincomeloss": 1695000000,
        "weightedaveragenumberofsharesoutstandingbasic": 568000000,
        "earningspersharebasic": 3.0000000000000004,
        "weightedaveragenumberofdilutedsharesoutstanding": 569000000,
        "earningspersharediluted": 2.9900000000000007,
        "revenuefromcontractwithcustomerexcludingassessedtaxpercentage": -1,
        "costofgoodsandservicessoldpercent": -0.6679,
        "grossprofitpercent": -0.33209999999999995,
        "sellinggeneralandadministrativeexpensepercent": -0.1762,
        "depreciationandamortizationpercent": -0.0182,
        "operatingincomelosspercent": -0.13770000000000002,
        "interestexpensepercent": -0.0148,
        "incomelossfromcontinuingoperationsbeforeincometaxesextraordinaryitemsnoncontrollinginterestpercent": -0.12290000000000002,
        "incometaxexpensebenefitpercent": -0.0294,
        "netincomelossattributabletoparentpercent": -0.09350000000000001,
        "othercomprehensiveincomelosscashflowhedgegainlossafterreclassificationandtaxparent": -3000000,
        "othercomprehensiveincomeothernetoftax": 0,
        "othercomprehensiveincomelossnetoftaxportionattributabletoparent": -3000000,
        "comprehensiveincomenetoftax": 1692000000,
        "othercomprehensiveincomelosscashflowhedgegainlossafterreclassificationandtaxparentpercent": 0.0001,
        "comprehensiveincomenetoftaxpercent": -0.09350000000000001
    },
    {
        "date": "2024-08-01",
        "symbol": "LOW",
        "period": "Q2",
        "revenuefromcontractwithcustomerexcludingassessedtax": 23586000000,
        "costofgoodsandservicessold": 15691000000,
        "grossprofit": 7895000000,
        "sellinggeneralandadministrativeexpense": 4025000000,
        "depreciationandamortization": 423000000,
        "operatingincomeloss": 3447000000,
        "interestrevenueexpensenet": -317000000,
        "incomelossfromcontinuingoperationsbeforeincometaxesextraordinaryitemsnoncontrollinginterest": 3130000000,
        "incometaxexpensebenefit": 747000000,
        "netincomeloss": 2383000000,
        "weightedaveragenumberofsharesoutstandingbasic": 568000000,
        "earningspersharebasic": 4.18,
        "weightedaveragenumberofdilutedsharesoutstanding": 570000000,
        "earningspersharediluted": 4.17,
        "revenuefromcontractwithcustomerexcludingassessedtaxpercentage": 1,
        "costofgoodsandservicessoldpercent": 0.6653,
        "grossprofitpercent": 0.3347,
        "sellinggeneralandadministrativeexpensepercent": 0.1707,
        "depreciationandamortizationpercent": 0.0179,
        "operatingincomelosspercent": 0.1461,
        "interestexpensepercent": 0.0134,
        "incomelossfromcontinuingoperationsbeforeincometaxesextraordinaryitemsnoncontrollinginterestpercent": 0.1327,
        "incometaxexpensebenefitpercent": 0.0317,
        "netincomelossattributabletoparentpercent": 0.101,
        "othercomprehensiveincomelosscashflowhedgegainlossafterreclassificationandtaxparent": -3000000,
        "othercomprehensiveincomeothernetoftax": 2000000,
        "othercomprehensiveincomelossnetoftaxportionattributabletoparent": -1000000,
        "comprehensiveincomenetoftax": 2382000000,
        "othercomprehensiveincomelosscashflowhedgegainlossafterreclassificationandtaxparentpercent": -0.0001,
        "othercomprehensiveincomelossotherincomelossnetoftaxpercent": 0.0001,
        "comprehensiveincomenetoftaxpercent": 0.101
    },
    {
        "date": "2024-05-02",
        "symbol": "LOW",
        "period": "Q1",
        "revenuefromcontractwithcustomerexcludingassessedtax": 21364000000,
        "costofgoodsandservicessold": 14274000000,
        "grossprofit": 7090000000,
        "sellinggeneralandadministrativeexpense": 4009000000,
        "depreciationandamortization": 428000000,
        "operatingincomeloss": 2653000000,
        "interestrevenueexpensenet": -352000000,
        "incomelossfromcontinuingoperationsbeforeincometaxesextraordinaryitemsnoncontrollinginterest": 2301000000,
        "incometaxexpensebenefit": 546000000,
        "netincomeloss": 1755000000,
        "weightedaveragenumberofsharesoutstandingbasic": 571000000,
        "earningspersharebasic": 3.06,
        "weightedaveragenumberofdilutedsharesoutstanding": 572000000,
        "earningspersharediluted": 3.06,
        "revenuefromcontractwithcustomerexcludingassessedtaxpercentage": 1,
        "costofgoodsandservicessoldpercent": 0.6681,
        "grossprofitpercent": 0.3319,
        "sellinggeneralandadministrativeexpensepercent": 0.1877,
        "depreciationandamortizationpercent": 0.02,
        "operatingincomelosspercent": 0.1242,
        "interestexpensepercent": 0.0165,
        "incomelossfromcontinuingoperationsbeforeincometaxesextraordinaryitemsnoncontrollinginterestpercent": 0.1077,
        "incometaxexpensebenefitpercent": 0.0256,
        "netincomelossattributabletoparentpercent": 0.0821,
        "othercomprehensiveincomelosscashflowhedgegainlossafterreclassificationandtaxparent": -3000000,
        "othercomprehensiveincomeothernetoftax": -1000000,
        "othercomprehensiveincomelossnetoftaxportionattributabletoparent": -4000000,
        "comprehensiveincomenetoftax": 1751000000,
        "othercomprehensiveincomelosscashflowhedgegainlossafterreclassificationandtaxparentpercent": -0.0002,
        "othercomprehensiveincomelossnetoftaxpercent": -0.0002,
        "comprehensiveincomenetoftaxpercent": 0.0819
    },
    {
        "date": "2024-02-01",
        "symbol": "LOW",
        "period": "Q4",
        "revenuefromcontractwithcustomerexcludingassessedtax": 18602000000,
        "costofgoodsandservicessold": 12575000000,
        "grossprofit": 6027000000,
        "sellinggeneralandadministrativeexpense": 3897000000,
        "depreciationandamortization": 442000000,
        "operatingincomeloss": 1688000000,
        "interestrevenueexpensenet": -349000000,
        "incomelossfromcontinuingoperationsbeforeincometaxesextraordinaryitemsnoncontrollinginterest": 1339000000,
        "incometaxexpensebenefit": 319000000,
        "netincomeloss": 1020000000,
        "earningspersharebasic": 1.8000000000000003,
        "earningspersharediluted": 1.7999999999999985,
        "revenuefromcontractwithcustomerexcludingassessedtaxpercentage": 1.734723475976807e-17,
        "sellinggeneralandadministrativeexpensepercent": 0.00789999999999999,
        "depreciationandamortizationpercent": 0.0011000000000000003,
        "operatingincomelosspercent": -0.011800000000000005,
        "interestexpensepercent": 0.0007999999999999969,
        "incomelossfromcontinuingoperationsbeforeincometaxesextraordinaryitemsnoncontrollinginterestpercent": -0.012599999999999986,
        "incometaxexpensebenefitpercent": -0.0030999999999999986,
        "netincomelossattributabletoparentpercent": -0.009500000000000008,
        "othercomprehensiveincomelosscashflowhedgegainlossafterreclassificationandtaxparent": -4000000,
        "othercomprehensiveincomelossnetoftaxportionattributabletoparent": -2000000,
        "comprehensiveincomenetoftax": 1018000000
    },
    {
        "date": "2023-11-02",
        "symbol": "LOW",
        "period": "Q3",
        "revenuefromcontractwithcustomerexcludingassessedtax": 20471000000,
        "costofgoodsandservicessold": 13580000000,
        "grossprofit": 6891000000,
        "sellinggeneralandadministrativeexpense": 3761000000,
        "depreciationandamortization": 434000000,
        "operatingincomeloss": 2696000000,
        "interestrevenueexpensenet": -344000000,
        "incomelossfromcontinuingoperationsbeforeincometaxesextraordinaryitemsnoncontrollinginterest": 2352000000,
        "incometaxexpensebenefit": 579000000,
        "netincomeloss": 1773000000,
        "weightedaveragenumberofsharesoutstandingbasic": 585000000,
        "earningspersharebasic": 3.0899999999999994,
        "weightedaveragenumberofdilutedsharesoutstanding": 587000000,
        "earningspersharediluted": 3.0799999999999996,
        "revenuefromcontractwithcustomerexcludingassessedtaxpercentage": 1.734723475976807e-17,
        "costofgoodsandservicessoldpercent": 0,
        "grossprofitpercent": 0,
        "sellinggeneralandadministrativeexpensepercent": 0.0050000000000000044,
        "depreciationandamortizationpercent": 0.0010000000000000009,
        "operatingincomelosspercent": -0.006000000000000005,
        "interestexpensepercent": 0.000700000000000001,
        "incomelossfromcontinuingoperationsbeforeincometaxesextraordinaryitemsnoncontrollinginterestpercent": -0.0067000000000000115,
        "incometaxexpensebenefitpercent": -0.0014000000000000054,
        "netincomelossattributabletoparentpercent": -0.005299999999999999,
        "othercomprehensiveincomelosscashflowhedgegainlossafterreclassificationandtaxparent": -4000000,
        "othercomprehensiveincomelossnetoftaxportionattributabletoparent": -4000000,
        "comprehensiveincomenetoftax": 1769000000,
        "comprehensiveincomenetoftaxpercent": -0.005299999999999999
    },
    {
        "date": "2023-08-03",
        "symbol": "LOW",
        "period": "Q2",
        "revenuefromcontractwithcustomerexcludingassessedtax": 24957000000,
        "costofgoodsandservicessold": 16558000000,
        "grossprofit": 8399000000,
        "sellinggeneralandadministrativeexpense": 4088000000,
        "depreciationandamortization": 426000000,
        "operatingincomeloss": 3885000000,
        "interestrevenueexpensenet": -340000000,
        "incomelossfromcontinuingoperationsbeforeincometaxesextraordinaryitemsnoncontrollinginterest": 3545000000,
        "incometaxexpensebenefit": 872000000,
        "netincomeloss": 2673000000,
        "weightedaveragenumberofsharesoutstandingbasic": -6000000,
        "earningspersharebasic": 4.5600000000000005,
        "weightedaveragenumberofdilutedsharesoutstanding": -6000000,
        "earningspersharediluted": 4.550000000000001,
        "revenuefromcontractwithcustomerexcludingassessedtaxpercentage": 0.978,
        "costofgoodsandservicessoldpercent": 0.00010000000000010001,
        "grossprofitpercent": -9.999999999998899e-05,
        "sellinggeneralandadministrativeexpensepercent": -0.0039000000000000146,
        "depreciationandamortizationpercent": -0.0007000000000000027,
        "operatingincomelosspercent": 0.004500000000000004,
        "interestexpensepercent": -0.0011000000000000003,
        "incomelossfromcontinuingoperationsbeforeincometaxesextraordinaryitemsnoncontrollinginterestpercent": 0.005599999999999994,
        "incometaxexpensebenefitpercent": 0.002400000000000003,
        "netincomelossattributabletoparentpercent": 0.0032000000000000084,
        "othercomprehensiveincomelosscashflowhedgegainlossafterreclassificationandtaxparent": -2000000,
        "othercomprehensiveincomelossnetoftaxportionattributabletoparent": 2000000,
        "comprehensiveincomenetoftax": 2675000000,
        "othercomprehensiveincomelosscashflowhedgegainlossafterreclassificationandtaxparentpercent": 0,
        "othercomprehensiveincomelossnetoftaxpercent": 0,
        "comprehensiveincomenetoftaxpercent": 0.0032000000000000084
    },
    {
        "date": "2023-05-04",
        "symbol": "LOW",
        "period": "Q1",
        "revenuefromcontractwithcustomerexcludingassessedtax": 22347000000,
        "costofgoodsandservicessold": 14820000000,
        "grossprofit": 7527000000,
        "sellinggeneralandadministrativeexpense": 3824000000,
        "depreciationandamortization": 415000000,
        "operatingincomeloss": 3288000000,
        "interestrevenueexpensenet": -349000000,
        "incomelossfromcontinuingoperationsbeforeincometaxesextraordinaryitemsnoncontrollinginterest": 2939000000,
        "incometaxexpensebenefit": 679000000,
        "netincomeloss": 2260000000,
        "weightedaveragenumberofsharesoutstandingbasic": 596000000,
        "earningspersharebasic": 3.78,
        "weightedaveragenumberofdilutedsharesoutstanding": 597000000,
        "earningspersharediluted": 3.77,
        "revenuefromcontractwithcustomerexcludingassessedtaxpercentage": 0.022000000000000002,
        "costofgoodsandservicessoldpercent": 0.6631999999999999,
        "grossprofitpercent": 0.3368,
        "sellinggeneralandadministrativeexpensepercent": 0.17120000000000002,
        "depreciationandamortizationpercent": 0.018500000000000003,
        "operatingincomelosspercent": 0.1471,
        "interestexpensepercent": 0.015600000000000001,
        "incomelossfromcontinuingoperationsbeforeincometaxesextraordinaryitemsnoncontrollinginterestpercent": 0.1315,
        "incometaxexpensebenefitpercent": 0.0304,
        "netincomelossattributabletoparentpercent": 0.1011,
        "othercomprehensiveincomelosscashflowhedgegainlossafterreclassificationandtaxparent": -4000000,
        "othercomprehensiveincomeothernetoftax": 1000000,
        "othercomprehensiveincomelossnetoftaxportionattributabletoparent": -3000000,
        "comprehensiveincomenetoftax": 2257000000,
        "othercomprehensiveincomelosscashflowhedgegainlossafterreclassificationandtaxparentpercent": -0.0002,
        "othercomprehensiveincomelossotherincomelossnetoftaxpercent": 0.0001,
        "othercomprehensiveincomelossnetoftaxpercent": -0.0001,
        "comprehensiveincomenetoftaxpercent": 0.10099999999999999
    },
    {
        "date": "2023-02-02",
        "symbol": "LOW",
        "period": "Q4",
        "revenuefromcontractwithcustomerexcludingassessedtax": -1490000000,
        "costofgoodsandservicessold": 15188000000,
        "grossprofit": 7257000000,
        "sellinggeneralandadministrativeexpense": 5132000000,
        "depreciationandamortization": 421000000,
        "operatingincomeloss": 1704000000,
        "interestrevenueexpensenet": -321000000,
        "incomelossfromcontinuingoperationsbeforeincometaxesextraordinaryitemsnoncontrollinginterest": 1383000000,
        "incometaxexpensebenefit": 425000000,
        "earningspersharebasic": 1.6399999999999983,
        "earningspersharediluted": 1.6400000000000006,
        "revenuefromcontractwithcustomerexcludingassessedtaxpercentage": 0.0010000000000000009,
        "costofgoodsandservicessoldpercent": 0.0028000000000000247,
        "grossprofitpercent": -0.0028000000000000247,
        "sellinggeneralandadministrativeexpensepercent": 0.005600000000000049,
        "depreciationandamortizationpercent": 0.0001999999999999988,
        "operatingincomelosspercent": -0.008599999999999969,
        "interestexpensepercent": 0.000899999999999998,
        "incomelossfromcontinuingoperationsbeforeincometaxesextraordinaryitemsnoncontrollinginterestpercent": -0.00949999999999998,
        "incometaxexpensebenefitpercent": -0.0023999999999999994,
        "netincomelossattributabletoparentpercent": -0.007100000000000009,
        "othercomprehensiveincomeforeigncurrencytransactionandtranslationgainlossarisingduringperiodnetoftax": 209000000,
        "othercomprehensiveincomelosscashflowhedgegainlossafterreclassificationandtaxparent": -39000000,
        "othercomprehensiveincomeforeigncurrencytransactionandtranslationgainlossarisingduringperiodnetoftaxpercent": 0.0027,
        "othercomprehensiveincomelosscashflowhedgegainlossafterreclassificationandtaxparentpercent": -0.0014999999999999996,
        "othercomprehensiveincomelossnetoftaxpercent": 0.0011999999999999997,
        "comprehensiveincomenetoftaxpercent": -0.0059000000000000025
    },
    {
        "date": "2022-10-27",
        "symbol": "LOW",
        "period": "Q3",
        "revenuefromcontractwithcustomerexcludingassessedtax": 1198000000,
        "costofgoodsandservicessold": 15662000000,
        "grossprofit": 7817000000,
        "sellinggeneralandadministrativeexpense": 6442000000,
        "depreciationandamortization": 451000000,
        "operatingincomeloss": 924000000,
        "interestrevenueexpensenet": -295000000,
        "incomelossfromcontinuingoperationsbeforeincometaxesextraordinaryitemsnoncontrollinginterest": 629000000,
        "incometaxexpensebenefit": 475000000,
        "netincomeloss": 154000000,
        "weightedaveragenumberofsharesoutstandingbasic": -11000000,
        "earningspersharebasic": 0.38000000000000034,
        "weightedaveragenumberofdilutedsharesoutstanding": -11000000,
        "earningspersharediluted": 0.3699999999999992,
        "revenuefromcontractwithcustomerexcludingassessedtaxpercentage": 0.0030000000000000027,
        "costofgoodsandservicessoldpercent": 0.0008999999999999009,
        "grossprofitpercent": -0.0009000000000000119,
        "sellinggeneralandadministrativeexpensepercent": 0.03259999999999996,
        "depreciationandamortizationpercent": 0.0005000000000000004,
        "operatingincomelosspercent": -0.034000000000000016,
        "interestexpensepercent": 0.0008000000000000004,
        "incomelossfromcontinuingoperationsbeforeincometaxesextraordinaryitemsnoncontrollinginterestpercent": -0.0348,
        "incometaxexpensebenefitpercent": -0.004100000000000003,
        "netincomelossattributabletoparentpercent": -0.03069999999999999,
        "othercomprehensiveincomeforeigncurrencytransactionandtranslationgainlossarisingduringperiodnetoftax": -168000000,
        "othercomprehensiveincomelosscashflowhedgegainlossafterreclassificationandtaxparent": 166000000,
        "othercomprehensiveincomeothernetoftax": 0,
        "othercomprehensiveincomelossnetoftaxportionattributabletoparent": 3000000,
        "comprehensiveincomenetoftax": 157000000,
        "othercomprehensiveincomeforeigncurrencytransactionandtranslationgainlossarisingduringperiodnetoftaxpercent": -0.0021,
        "othercomprehensiveincomelosscashflowhedgegainlossafterreclassificationandtaxparentpercent": 0.0011000000000000003,
        "othercomprehensiveincomelossnetoftaxpercent": -0.0011000000000000003,
        "comprehensiveincomenetoftaxpercent": -0.031799999999999995
    },
    {
        "date": "2022-07-28",
        "symbol": "LOW",
        "period": "Q2",
        "revenuefromcontractwithcustomerexcludingassessedtax": 1659000000,
        "costofgoodsandservicessold": 18343000000,
        "grossprofit": 9133000000,
        "sellinggeneralandadministrativeexpense": 4455000000,
        "depreciationandamortization": 449000000,
        "operatingincomeloss": 4229000000,
        "interestrevenueexpensenet": -264000000,
        "incomelossfromcontinuingoperationsbeforeincometaxesextraordinaryitemsnoncontrollinginterest": 3965000000,
        "incometaxexpensebenefit": 973000000,
        "netincomeloss": 2992000000,
        "weightedaveragenumberofsharesoutstandingbasic": -11000000,
        "earningspersharebasic": 4.66,
        "weightedaveragenumberofdilutedsharesoutstanding": -11000000,
        "earningspersharediluted": 4.65,
        "revenuefromcontractwithcustomerexcludingassessedtaxpercentage": 0.0019999999999999983,
        "costofgoodsandservicessoldpercent": 0.0043000000000000815,
        "grossprofitpercent": -0.0042999999999999705,
        "sellinggeneralandadministrativeexpensepercent": -0.010699999999999987,
        "depreciationandamortizationpercent": -0.001299999999999999,
        "operatingincomelosspercent": 0.007700000000000012,
        "interestexpensepercent": -0.0003999999999999993,
        "incomelossfromcontinuingoperationsbeforeincometaxesextraordinaryitemsnoncontrollinginterestpercent": 0.008099999999999996,
        "incometaxexpensebenefitpercent": 0.002600000000000005,
        "netincomelossattributabletoparentpercent": 0.005500000000000005,
        "othercomprehensiveincomeforeigncurrencytransactionandtranslationgainlossarisingduringperiodnetoftax": 12000000,
        "othercomprehensiveincomelosscashflowhedgegainlossafterreclassificationandtaxparent": -34000000,
        "othercomprehensiveincomeothernetoftax": -1000000,
        "othercomprehensiveincomelossnetoftaxportionattributabletoparent": -27000000,
        "comprehensiveincomenetoftax": 2965000000,
        "othercomprehensiveincomeforeigncurrencytransactionandtranslationgainlossarisingduringperiodnetoftaxpercent": 0.0005000000000000001,
        "othercomprehensiveincomelosscashflowhedgegainlossafterreclassificationandtaxparentpercent": -0.005700000000000001,
        "othercomprehensiveincomelossotherincomelossnetoftaxpercent": 0.0002,
        "othercomprehensiveincomelossnetoftaxpercent": -0.005000000000000001,
        "comprehensiveincomenetoftaxpercent": 0.0004999999999999866
    },
    {
        "date": "2022-04-28",
        "symbol": "LOW",
        "period": "Q1",
        "revenuefromcontractwithcustomerexcludingassessedtax": 1233000000,
        "costofgoodsandservicessold": 15609000000,
        "grossprofit": 8050000000,
        "sellinggeneralandadministrativeexpense": 4303000000,
        "depreciationandamortization": 445000000,
        "operatingincomeloss": 3302000000,
        "interestrevenueexpensenet": -243000000,
        "incomelossfromcontinuingoperationsbeforeincometaxesextraordinaryitemsnoncontrollinginterest": 3059000000,
        "incometaxexpensebenefit": 726000000,
        "netincomeloss": 2333000000,
        "weightedaveragenumberofsharesoutstandingbasic": 660000000,
        "earningspersharebasic": 3.52,
        "weightedaveragenumberofdilutedsharesoutstanding": 662000000,
        "earningspersharediluted": 3.51,
        "revenuefromcontractwithcustomerexcludingassessedtaxpercentage": 0.021,
        "costofgoodsandservicessoldpercent": 0.6597,
        "grossprofitpercent": 0.3403,
        "sellinggeneralandadministrativeexpensepercent": 0.1819,
        "depreciationandamortizationpercent": 0.0188,
        "operatingincomelosspercent": 0.1396,
        "interestexpensepercent": 0.0103,
        "incomelossfromcontinuingoperationsbeforeincometaxesextraordinaryitemsnoncontrollinginterestpercent": 0.1293,
        "incometaxexpensebenefitpercent": 0.030699999999999998,
        "netincomelossattributabletoparentpercent": 0.0986,
        "othercomprehensiveincomeforeigncurrencytransactionandtranslationgainlossarisingduringperiodnetoftax": -17000000,
        "othercomprehensiveincomelosscashflowhedgegainlossafterreclassificationandtaxparent": 218000000,
        "othercomprehensiveincomeothernetoftax": -2000000,
        "othercomprehensiveincomelossnetoftaxportionattributabletoparent": 200000000,
        "comprehensiveincomenetoftax": 2533000000,
        "othercomprehensiveincomeforeigncurrencytransactionandtranslationgainlossarisingduringperiodnetoftaxpercent": -0.0007000000000000001,
        "othercomprehensiveincomelosscashflowhedgegainlossafterreclassificationandtaxparentpercent": 0.009300000000000001,
        "othercomprehensiveincomelossotherincomelossnetoftaxpercent": -0.0001,
        "othercomprehensiveincomelossnetoftaxpercent": 0.0085,
        "comprehensiveincomenetoftaxpercent": 0.10710000000000001
    },
    {
        "date": "2022-01-27",
        "symbol": "LOW",
        "period": "Q4",
        "revenuefromcontractwithcustomerexcludingassessedtax": -2314000000,
        "costofgoodsandservicessold": 14313000000,
        "grossprofit": 7027000000,
        "sellinggeneralandadministrativeexpense": -13398000000,
        "depreciationandamortization": 437000000,
        "operatingincomeloss": 1849000000,
        "interestrevenueexpensenet": -235000000,
        "incomelossfromcontinuingoperationsbeforeincometaxesextraordinaryitemsnoncontrollinginterest": 1614000000,
        "incometaxexpensebenefit": 407000000,
        "earningspersharebasic": 1.8400000000000003,
        "earningspersharediluted": 1.8499999999999988,
        "revenuefromcontractwithcustomerexcludingassessedtaxpercentage": -0.048,
        "costofgoodsandservicessoldpercent": -1.3313,
        "grossprofitpercent": -0.6687000000000001,
        "sellinggeneralandadministrativeexpensepercent": -0.3549,
        "depreciationandamortizationpercent": -0.032100000000000004,
        "operatingincomelosspercent": -0.28169999999999995,
        "interestexpensepercent": -0.017,
        "incomelossfromcontinuingoperationsbeforeincometaxesextraordinaryitemsnoncontrollinginterestpercent": -0.2647,
        "incometaxexpensebenefitpercent": -0.06520000000000001,
        "netincomelossattributabletoparentpercent": -0.1995,
        "othercomprehensiveincomeforeigncurrencytransactionandtranslationgainlossarisingduringperiodnetoftax": -81000000,
        "othercomprehensiveincomelosscashflowhedgegainlossafterreclassificationandtaxparent": 47000000,
        "othercomprehensiveincomelosscashflowhedgegainlossafterreclassificationandtaxparentpercent": -0.0014,
        "othercomprehensiveincomelossnetoftaxpercent": -0.004700000000000001,
        "comprehensiveincomenetoftaxpercent": -0.2042
    },
    {
        "date": "2021-10-28",
        "symbol": "LOW",
        "period": "Q3",
        "revenuefromcontractwithcustomerexcludingassessedtax": 1414000000,
        "costofgoodsandservicessold": 15331000000,
        "grossprofit": 7587000000,
        "sellinggeneralandadministrativeexpense": 4373000000,
        "depreciationandamortization": 425000000,
        "operatingincomeloss": 2789000000,
        "interestrevenueexpensenet": -223000000,
        "incomelossfromcontinuingoperationsbeforeincometaxesextraordinaryitemsnoncontrollinginterest": 2566000000,
        "incometaxexpensebenefit": 670000000,
        "netincomeloss": 1896000000,
        "weightedaveragenumberofsharesoutstandingbasic": 690000000,
        "earningspersharebasic": 2.74,
        "weightedaveragenumberofdilutedsharesoutstanding": 692000000,
        "earningspersharediluted": 2.73,
        "revenuefromcontractwithcustomerexcludingassessedtaxpercentage": 0.028999999999999998,
        "costofgoodsandservicessoldpercent": 0.669,
        "grossprofitpercent": 0.331,
        "sellinggeneralandadministrativeexpensepercent": 0.1908,
        "depreciationandamortizationpercent": 0.018500000000000003,
        "operatingincomelosspercent": 0.1217,
        "interestexpensepercent": 0.0097,
        "incomelossfromcontinuingoperationsbeforeincometaxesextraordinaryitemsnoncontrollinginterestpercent": 0.11199999999999999,
        "incometaxexpensebenefitpercent": 0.029300000000000003,
        "netincomelossattributabletoparentpercent": 0.0827,
        "othercomprehensiveincomeforeigncurrencytransactionandtranslationgainlossarisingduringperiodnetoftax": 19000000,
        "othercomprehensiveincomelosscashflowhedgegainlossafterreclassificationandtaxparent": 45000000,
        "othercomprehensiveincomeothernetoftax": -1000000,
        "othercomprehensiveincomelossnetoftaxportionattributabletoparent": 59000000,
        "comprehensiveincomenetoftax": 1955000000,
        "othercomprehensiveincomeforeigncurrencytransactionandtranslationgainlossarisingduringperiodnetoftaxpercent": 0.0008,
        "othercomprehensiveincomelosscashflowhedgegainlossafterreclassificationandtaxparentpercent": 0.0018,
        "othercomprehensiveincomelossnetoftaxpercent": 0.0026000000000000003,
        "comprehensiveincomenetoftaxpercent": 0.0853
    },
    {
        "date": "2021-07-29",
        "symbol": "LOW",
        "period": "Q2",
        "revenuefromcontractwithcustomerexcludingassessedtax": 1915000000,
        "costofgoodsandservicessold": 18258000000,
        "grossprofit": 9312000000,
        "sellinggeneralandadministrativeexpense": 4693000000,
        "depreciationandamortization": 409000000,
        "operatingincomeloss": 4210000000,
        "interestrevenueexpensenet": -216000000,
        "incomelossfromcontinuingoperationsbeforeincometaxesextraordinaryitemsnoncontrollinginterest": 3994000000,
        "incometaxexpensebenefit": 976000000,
        "netincomeloss": 3018000000,
        "weightedaveragenumberofsharesoutstandingbasic": 705000000,
        "earningspersharebasic": 4.27,
        "weightedaveragenumberofdilutedsharesoutstanding": 707000000,
        "earningspersharediluted": 4.25,
        "revenuefromcontractwithcustomerexcludingassessedtaxpercentage": 0.025,
        "costofgoodsandservicessoldpercent": 0.6622,
        "grossprofitpercent": 0.33780000000000004,
        "sellinggeneralandadministrativeexpensepercent": 0.1702,
        "depreciationandamortizationpercent": 0.0149,
        "operatingincomelosspercent": 0.1527,
        "interestexpensepercent": 0.0078000000000000005,
        "incomelossfromcontinuingoperationsbeforeincometaxesextraordinaryitemsnoncontrollinginterestpercent": 0.1449,
        "incometaxexpensebenefitpercent": 0.0354,
        "netincomelossattributabletoparentpercent": 0.1095,
        "othercomprehensiveincomeforeigncurrencytransactionandtranslationgainlossarisingduringperiodnetoftax": -44000000,
        "othercomprehensiveincomelosscashflowhedgegainlossafterreclassificationandtaxparent": -16000000,
        "othercomprehensiveincomeothernetoftax": -1000000,
        "othercomprehensiveincomelossnetoftaxportionattributabletoparent": -54000000,
        "comprehensiveincomenetoftax": 2964000000,
        "othercomprehensiveincomeforeigncurrencytransactionandtranslationgainlossarisingduringperiodnetoftaxpercent": -0.0017000000000000001,
        "othercomprehensiveincomelosscashflowhedgegainlossafterreclassificationandtaxparentpercent": -0.0003,
        "othercomprehensiveincomelossnetoftaxpercent": -0.002,
        "comprehensiveincomenetoftaxpercent": 0.1075
    },
    {
        "date": "2021-04-29",
        "symbol": "LOW",
        "period": "Q1",
        "revenuefromcontractwithcustomerexcludingassessedtax": 1490000000,
        "costofgoodsandservicessold": 16292000000,
        "grossprofit": 8130000000,
        "sellinggeneralandadministrativeexpense": 4494000000,
        "depreciationandamortization": 391000000,
        "operatingincomeloss": 3245000000,
        "interestrevenueexpensenet": -211000000,
        "incomelossfromcontinuingoperationsbeforeincometaxesextraordinaryitemsnoncontrollinginterest": 3034000000,
        "incometaxexpensebenefit": 713000000,
        "netincomeloss": 2321000000,
        "weightedaveragenumberofsharesoutstandingbasic": 718000000,
        "earningspersharebasic": 3.22,
        "weightedaveragenumberofdilutedsharesoutstanding": 720000000,
        "earningspersharediluted": 3.21,
        "revenuefromcontractwithcustomerexcludingassessedtaxpercentage": 0.02,
        "costofgoodsandservicessoldpercent": 0.6670999999999999,
        "grossprofitpercent": 0.3329,
        "sellinggeneralandadministrativeexpensepercent": 0.184,
        "depreciationandamortizationpercent": 0.016,
        "operatingincomelosspercent": 0.1329,
        "interestexpensepercent": 0.0087,
        "incomelossfromcontinuingoperationsbeforeincometaxesextraordinaryitemsnoncontrollinginterestpercent": 0.1242,
        "incometaxexpensebenefitpercent": 0.0292,
        "netincomelossattributabletoparentpercent": 0.095,
        "othercomprehensiveincomeforeigncurrencytransactionandtranslationgainlossarisingduringperiodnetoftax": 102000000,
        "othercomprehensiveincomelosscashflowhedgegainlossafterreclassificationandtaxparent": 27000000,
        "othercomprehensiveincomeothernetoftax": -1000000,
        "othercomprehensiveincomelossnetoftaxportionattributabletoparent": 125000000,
        "comprehensiveincomenetoftax": 2446000000,
        "othercomprehensiveincomeforeigncurrencytransactionandtranslationgainlossarisingduringperiodnetoftaxpercent": 0.0040999999999999995,
        "othercomprehensiveincomelosscashflowhedgegainlossafterreclassificationandtaxparentpercent": 0.001,
        "othercomprehensiveincomelossnetoftaxpercent": 0.0051,
        "comprehensiveincomenetoftaxpercent": 0.1001
    },
    {
        "date": "2021-01-28",
        "symbol": "LOW",
        "period": "Q4",
        "revenuefromcontractwithcustomerexcludingassessedtax": -2090000000,
        "costofgoodsandservicessold": 13855000000,
        "grossprofit": 6456000000,
        "sellinggeneralandadministrativeexpense": 172000000,
        "depreciationandamortization": 391000000,
        "operatingincomeloss": 1524000000,
        "interestrevenueexpensenet": -204000000,
        "incomelossfromcontinuingoperationsbeforeincometaxesextraordinaryitemsnoncontrollinginterest": 1320000000,
        "incometaxexpensebenefit": 342000000,
        "earningspersharebasic": 1.3499999999999994,
        "earningspersharediluted": 1.3399999999999996,
        "costofgoodsandservicessoldpercent": -0.6662000000000001,
        "grossprofitpercent": -0.3338,
        "sellinggeneralandadministrativeexpensepercent": -0.2032,
        "depreciationandamortizationpercent": -0.014199999999999999,
        "operatingincomelosspercent": -0.11639999999999999,
        "interestexpensepercent": -0.009400000000000002,
        "incomelossfromcontinuingoperationsbeforeincometaxesextraordinaryitemsnoncontrollinginterestpercent": -0.07129999999999999,
        "incometaxexpensebenefitpercent": -0.016700000000000003,
        "netincomelossattributabletoparentpercent": -0.05459999999999998,
        "othercomprehensiveincomeforeigncurrencytransactionandtranslationgainlossarisingduringperiodnetoftax": 105000000,
        "othercomprehensiveincomelosscashflowhedgegainlossafterreclassificationandtaxparent": 9000000,
        "othercomprehensiveincomeforeigncurrencytransactionandtranslationgainlossarisingduringperiodnetoftaxpercent": 0.0011000000000000003,
        "othercomprehensiveincomelosscashflowhedgegainlossafterreclassificationandtaxparentpercent": 0.0002999999999999999,
        "comprehensiveincomenetoftaxpercent": -0.0532
    },
    {
        "date": "2020-10-29",
        "symbol": "LOW",
        "period": "Q3",
        "revenuefromcontractwithcustomerexcludingassessedtax": 1477000000,
        "costofgoodsandservicessold": 15009000000,
        "grossprofit": 7300000000,
        "sellinggeneralandadministrativeexpense": 288000000,
        "depreciationandamortization": 355000000,
        "operatingincomeloss": 2175000000,
        "interestrevenueexpensenet": -221000000,
        "gainslossesonextinguishmentofdebt": -1100000000,
        "incomelossfromcontinuingoperationsbeforeincometaxesextraordinaryitemsnoncontrollinginterest": 894000000,
        "incometaxexpensebenefit": 202000000,
        "netincomeloss": 692000000,
        "weightedaveragenumberofsharesoutstandingbasic": 752000000,
        "earningspersharebasic": 0.92,
        "weightedaveragenumberofdilutedsharesoutstanding": 754000000,
        "earningspersharediluted": 0.91,
        "revenuefromcontractwithcustomerexcludingassessedtaxpercentage": 0.024,
        "costofgoodsandservicessoldpercent": 0.6728000000000001,
        "grossprofitpercent": 0.3272,
        "sellinggeneralandadministrativeexpensepercent": 0.2138,
        "depreciationandamortizationpercent": 0.0159,
        "operatingincomelosspercent": 0.0975,
        "interestexpensepercent": 0.0099,
        "gainlossonextinguishmentofdebtpercent": 0.0475,
        "incomelossfromcontinuingoperationsbeforeincometaxesextraordinaryitemsnoncontrollinginterestpercent": 0.0401,
        "incometaxexpensebenefitpercent": 0.0091,
        "netincomelossattributabletoparentpercent": 0.031000000000000003,
        "othercomprehensiveincomeforeigncurrencytransactionandtranslationgainlossarisingduringperiodnetoftax": 18000000,
        "othercomprehensiveincomelosscashflowhedgegainlossafterreclassificationandtaxparent": 22000000,
        "othercomprehensiveincomelossotherincomelossnetoftax": -2000000,
        "othercomprehensiveincomelossnetoftaxportionattributabletoparent": 40000000,
        "comprehensiveincomenetoftax": 732000000,
        "othercomprehensiveincomeforeigncurrencytransactionandtranslationgainlossarisingduringperiodnetoftaxpercent": 0.0008,
        "othercomprehensiveincomelosscashflowhedgegainlossafterreclassificationandtaxparentpercent": 0.0011,
        "othercomprehensiveincomelossotherincomelossnetoftaxpercent": -0.0001,
        "othercomprehensiveincomelossnetoftaxpercent": 0.0018,
        "comprehensiveincomenetoftaxpercent": 0.032799999999999996
    },
    {
        "date": "2020-07-30",
        "symbol": "LOW",
        "period": "Q2",
        "revenuefromcontractwithcustomerexcludingassessedtax": 1741000000,
        "costofgoodsandservicessold": 17999000000,
        "grossprofit": 9303000000,
        "sellinggeneralandadministrativeexpense": -3456000000,
        "depreciationandamortization": 327000000,
        "operatingincomeloss": 3957000000,
        "interestrevenueexpensenet": -218000000,
        "incomelossfromcontinuingoperationsbeforeincometaxesextraordinaryitemsnoncontrollinginterest": 3739000000,
        "incometaxexpensebenefit": 911000000,
        "netincomeloss": 2828000000,
        "weightedaveragenumberofsharesoutstandingbasic": -1000000,
        "earningspersharebasic": 3.74,
        "weightedaveragenumberofdilutedsharesoutstanding": -1000000,
        "earningspersharediluted": 3.74,
        "revenuefromcontractwithcustomerexcludingassessedtaxpercentage": 0,
        "costofgoodsandservicessoldpercent": -0.005700000000000038,
        "grossprofitpercent": 0.005699999999999983,
        "sellinggeneralandadministrativeexpensepercent": -0.016999999999999987,
        "depreciationandamortizationpercent": -0.002700000000000001,
        "operatingincomelosspercent": 0.025399999999999992,
        "interestexpensepercent": -0.0014000000000000002,
        "incomelossfromcontinuingoperationsbeforeincometaxesextraordinaryitemsnoncontrollinginterestpercent": 0.02679999999999999,
        "incometaxexpensebenefitpercent": 0.006100000000000005,
        "netincomelossattributabletoparentpercent": 0.020699999999999982,
        "othercomprehensiveincomeforeigncurrencytransactionandtranslationgainlossarisingduringperiodnetoftax": 114000000,
        "othercomprehensiveincomelosscashflowhedgegainlossafterreclassificationandtaxparent": -3000000,
        "othercomprehensiveincomelossotherincomelossnetoftax": 0,
        "othercomprehensiveincomelossnetoftaxportionattributabletoparent": 108000000,
        "comprehensiveincomenetoftax": 2936000000,
        "othercomprehensiveincomeforeigncurrencytransactionandtranslationgainlossarisingduringperiodnetoftaxpercent": 0.007199999999999999,
        "othercomprehensiveincomelosscashflowhedgegainlossafterreclassificationandtaxparentpercent": 0.0029000000000000007,
        "othercomprehensiveincomelossotherincomelossnetoftaxpercent": -0.00019999999999999998,
        "othercomprehensiveincomelossnetoftaxpercent": 0.0099,
        "comprehensiveincomenetoftaxpercent": 0.030600000000000002
    },
    {
        "date": "2020-04-30",
        "symbol": "LOW",
        "period": "Q1",
        "netincomeloss": 1337000000,
        "othercomprehensiveincomeforeigncurrencytransactionandtranslationgainlossarisingduringperiodnetoftax": -159000000,
        "othercomprehensiveincomelosscashflowhedgegainlossafterreclassificationandtaxparent": -104000000,
        "othercomprehensiveincomelossotherincomelossnetoftax": 4000000,
        "othercomprehensiveincomelossnetoftaxportionattributabletoparent": -257000000,
        "comprehensiveincomenetoftax": 1080000000,
        "netincomelossattributabletoparentpercent": 0.068,
        "othercomprehensiveincomeforeigncurrencytransactionandtranslationgainlossarisingduringperiodnetoftaxpercent": -0.008199999999999999,
        "othercomprehensiveincomelosscashflowhedgegainlossafterreclassificationandtaxparentpercent": -0.005200000000000001,
        "othercomprehensiveincomelossotherincomelossnetoftaxpercent": 0.0003,
        "othercomprehensiveincomelossnetoftaxpercent": -0.0131,
        "comprehensiveincomenetoftaxpercent": 0.054900000000000004,
        "revenuefromcontractwithcustomerexcludingassessedtax": 915000000,
        "costofgoodsandservicessold": 13162000000,
        "grossprofit": 6513000000,
        "sellinggeneralandadministrativeexpense": 4196000000,
        "depreciationandamortization": 326000000,
        "operatingincomeloss": 1991000000,
        "interestrevenueexpensenet": -205000000,
        "incomelossfromcontinuingoperationsbeforeincometaxesextraordinaryitemsnoncontrollinginterest": 1786000000,
        "incometaxexpensebenefit": 449000000,
        "weightedaveragenumberofsharesoutstandingbasic": 755000000,
        "earningspersharebasic": 1.76,
        "weightedaveragenumberofdilutedsharesoutstanding": 756000000,
        "earningspersharediluted": 1.76,
        "commonstockdividendspersharedeclared": 0.55,
        "revenuefromcontractwithcustomerexcludingassessedtaxpercentage": 0.02,
        "costofgoodsandservicessoldpercent": 0.669,
        "grossprofitpercent": 0.331,
        "sellinggeneralandadministrativeexpensepercent": 0.2132,
        "depreciationandamortizationpercent": 0.0166,
        "operatingincomelosspercent": 0.1012,
        "interestexpensepercent": 0.010400000000000001,
        "incomelossfromcontinuingoperationsbeforeincometaxesextraordinaryitemsnoncontrollinginterestpercent": 0.0908,
        "incometaxexpensebenefitpercent": 0.022799999999999997
    },
    {
        "date": "2020-01-30",
        "symbol": "LOW",
        "period": "Q4",
        "othercomprehensiveincomeforeigncurrencytransactionandtranslationgainlossarisingduringperiodnetoftax": 34000000,
        "othercomprehensiveincomelossotherincomelossnetoftax": -6000000,
        "netincomelossattributabletoparentpercent": -0.007899999999999997,
        "othercomprehensiveincomeforeigncurrencytransactionandtranslationgainlossarisingduringperiodnetoftaxpercent": 0.00019999999999999987,
        "othercomprehensiveincomelossotherincomelossnetoftaxpercent": 0,
        "othercomprehensiveincomelossnetoftaxpercent": 0.0002000000000000001,
        "comprehensiveincomenetoftaxpercent": -0.007700000000000012,
        "revenuefromcontractwithcustomerexcludingassessedtax": 68252000000,
        "costofgoodsandservicessold": 11046000000,
        "grossprofit": 4981000000,
        "sellinggeneralandadministrativeexpense": 3685000000,
        "depreciationandamortization": 338000000,
        "operatingincomeloss": 958000000,
        "interestrevenueexpensenet": -183000000,
        "incomelossfromcontinuingoperationsbeforeincometaxesextraordinaryitemsnoncontrollinginterest": 775000000,
        "incometaxexpensebenefit": 265000000,
        "earningspersharebasic": 0.680000000000001,
        "earningspersharediluted": 0.6900000000000008,
        "commonstockdividendspersharedeclared": 0.5499999999999998,
        "costofgoodsandservicessoldpercent": 0.002100000000000102,
        "grossprofitpercent": -0.0020999999999999908,
        "sellinggeneralandadministrativeexpensepercent": 0.004799999999999999,
        "depreciationandamortizationpercent": 0.0010000000000000009,
        "operatingincomelosspercent": -0.007900000000000004,
        "interestexpensepercent": 0.0005999999999999981,
        "incomelossfromcontinuingoperationsbeforeincometaxesextraordinaryitemsnoncontrollinginterestpercent": -0.008500000000000008
    },
    {
        "date": "2019-10-31",
        "symbol": "LOW",
        "period": "Q3",
        "netincomelossattributabletoparentpercent": -0.0031000000000000055,
        "othercomprehensiveincomeforeigncurrencytransactionandtranslationgainlossarisingduringperiodnetoftaxpercent": 0.00019999999999999987,
        "othercomprehensiveincomelossotherincomelossnetoftaxpercent": 0.00010000000000000005,
        "othercomprehensiveincomelossnetoftaxpercent": 0.0002999999999999999,
        "comprehensiveincomenetoftaxpercent": -0.002799999999999997,
        "netincomeloss": 1049000000,
        "othercomprehensiveincomeforeigncurrencytransactionandtranslationgainlossarisingduringperiodnetoftax": 24000000,
        "othercomprehensiveincomelossotherincomelossnetoftax": -1000000,
        "comprehensiveincomenetoftax": 1072000000,
        "costofgoodsandservicessoldpercent": -0.0020000000000000018,
        "grossprofitpercent": 0.0020000000000000018,
        "sellinggeneralandadministrativeexpensepercent": 0.003999999999999976,
        "depreciationandamortizationpercent": 0.0006999999999999992,
        "operatingincomelosspercent": -0.002700000000000008,
        "interestexpensepercent": 0.00040000000000000105,
        "incomelossfromcontinuingoperationsbeforeincometaxesextraordinaryitemsnoncontrollinginterestpercent": -0.0030999999999999917,
        "incometaxexpensebenefitpercent": 0,
        "revenuefromcontractwithcustomerexcludingassessedtax": 1257000000,
        "costofgoodsandservicessold": 11747000000,
        "grossprofit": 5641000000,
        "sellinggeneralandadministrativeexpense": 3773000000,
        "depreciationandamortization": 310000000,
        "operatingincomeloss": 1558000000,
        "interestrevenueexpensenet": -177000000,
        "incomelossfromcontinuingoperationsbeforeincometaxesextraordinaryitemsnoncontrollinginterest": 1381000000,
        "incometaxexpensebenefit": 332000000,
        "weightedaveragenumberofsharesoutstandingbasic": -6000000,
        "earningspersharebasic": 1.3699999999999997,
        "weightedaveragenumberofdilutedsharesoutstanding": -6000000,
        "earningspersharediluted": 1.3599999999999999,
        "commonstockdividendspersharedeclared": 0.55,
        "retainedearningsaccumulateddeficit": -201000000,
        "dividendscommonstockcash": 423000000,
        "adjustmentstoretainedearningssharerepurchase": 827000000
    },
    {
        "date": "2019-08-01",
        "symbol": "LOW",
        "period": "Q2",
        "netincomelossattributabletoparentpercent": 0.011300000000000004,
        "othercomprehensiveincomeforeigncurrencytransactionandtranslationgainlossarisingduringperiodnetoftaxpercent": 0.0027,
        "othercomprehensiveincomelossotherincomelossnetoftaxpercent": 0.0005,
        "othercomprehensiveincomelossnetoftaxpercent": 0.0032,
        "comprehensiveincomenetoftaxpercent": 0.014499999999999999,
        "netincomeloss": 1676000000,
        "othercomprehensiveincomeforeigncurrencytransactionandtranslationgainlossarisingduringperiodnetoftax": 69000000,
        "othercomprehensiveincomelossotherincomelossnetoftax": 1000000,
        "othercomprehensiveincomelossnetoftax": 69000000,
        "comprehensiveincomenetoftax": 1746000000,
        "costofgoodsandservicessoldpercent": -0.0035000000000000586,
        "grossprofitpercent": 0.003500000000000003,
        "sellinggeneralandadministrativeexpensepercent": -0.013499999999999984,
        "depreciationandamortizationpercent": -0.0011999999999999997,
        "operatingincomelosspercent": 0.018200000000000008,
        "interestexpensepercent": -0.0005999999999999998,
        "incomelossfromcontinuingoperationsbeforeincometaxesextraordinaryitemsnoncontrollinginterestpercent": 0.018799999999999997,
        "incometaxexpensebenefitpercent": 0.007499999999999998,
        "revenuefromcontractwithcustomerexcludingassessedtax": 1545000000,
        "costofgoodsandservicessold": 14252000000,
        "grossprofit": 6740000000,
        "sellinggeneralandadministrativeexpense": 4047000000,
        "depreciationandamortization": 312000000,
        "operatingincomeloss": 2381000000,
        "interestrevenueexpensenet": -169000000,
        "incomelossfromcontinuingoperationsbeforeincometaxesextraordinaryitemsnoncontrollinginterest": 2212000000,
        "incometaxexpensebenefit": 536000000,
        "weightedaveragenumberofsharesoutstandingbasic": -8000000,
        "earningspersharebasic": 2.13,
        "weightedaveragenumberofdilutedsharesoutstanding": -8000000,
        "earningspersharediluted": 2.13,
        "commonstockdividendspersharedeclared": 0.55,
        "retainedearningsaccumulateddeficit": -656000000,
        "dividendscommonstockcash": 428000000,
        "adjustmentstoretainedearningssharerepurchase": 1904000000
    },
    {
        "date": "2019-05-02",
        "symbol": "LOW",
        "period": "Q1",
        "netincomelossattributabletoparentpercent": 0.059,
        "othercomprehensiveincomeforeigncurrencytransactionandtranslationgainlossarisingduringperiodnetoftaxpercent": -0.0018,
        "othercomprehensiveincomelossotherincomelossnetoftaxpercent": -0.0009,
        "othercomprehensiveincomelossnetoftaxpercent": -0.0027,
        "comprehensiveincomenetoftaxpercent": 0.0563,
        "netincomeloss": 1046000000,
        "othercomprehensiveincomeforeigncurrencytransactionandtranslationgainlossarisingduringperiodnetoftax": -33000000,
        "othercomprehensiveincomelossotherincomelossnetoftax": -15000000,
        "othercomprehensiveincomelossnetoftax": -47000000,
        "comprehensiveincomenetoftax": 998000000,
        "salesrevenuenetpercent": 1,
        "costofgoodsandservicessoldpercent": 0.6854,
        "grossprofitpercent": 0.3146,
        "sellinggeneralandadministrativeexpensepercent": 0.2177,
        "depreciationandamortizationpercent": 0.017,
        "operatingincomelosspercent": 0.0799,
        "interestexpensepercent": 0.0092,
        "incomelossfromcontinuingoperationsbeforeincometaxesextraordinaryitemsnoncontrollinginterestpercent": 0.0707,
        "incometaxexpensebenefitpercent": 0.0117,
        "revenuefromcontractwithcustomerexcludingassessedtax": 1094000000,
        "costofgoodsandservicessold": 12160000000,
        "grossprofit": 5581000000,
        "sellinggeneralandadministrativeexpense": 3862000000,
        "depreciationandamortization": 302000000,
        "operatingincomeloss": 1417000000,
        "interestrevenueexpensenet": -162000000,
        "incomelossfromcontinuingoperationsbeforeincometaxesextraordinaryitemsnoncontrollinginterest": 1255000000,
        "incometaxexpensebenefit": 209000000,
        "weightedaveragenumberofsharesoutstandingbasic": 796000000,
        "earningspersharebasic": 1.31,
        "weightedaveragenumberofdilutedsharesoutstanding": 797000000,
        "earningspersharediluted": 1.31,
        "commonstockdividendspersharedeclared": 0.48,
        "retainedearningsaccumulateddeficit": 3095000000,
        "cumulativeeffectofnewaccountingprincipleinperiodofadoption": -263000000,
        "dividendscommonstockcash": 382000000,
        "adjustmentstoretainedearningssharerepurchase": 758000000
    },
    {
        "date": "2019-01-31",
        "symbol": "LOW",
        "period": "Q4",
        "othercomprehensiveincomeforeigncurrencytransactionandtranslationgainlossarisingduringperiodnetoftax": -45000000,
        "othercomprehensiveincomelossnetoftax": -43000000,
        "netincomelossattributabletoparentpercent": -0.024,
        "othercomprehensiveincomeforeigncurrencytransactionandtranslationgainlossarisingduringperiodnetoftaxpercent": 0.00020000000000000052,
        "othercomprehensiveincomelossnetoftaxpercent": 0.00020000000000000052,
        "comprehensiveincomenetoftaxpercent": -0.0238,
        "costofgoodsandservicessold": -22000000,
        "grossprofit": 233000000,
        "sellinggeneralandadministrativeexpense": 234000000,
        "depreciationandamortization": -1177000000,
        "interestrevenueexpensenet": -157000000,
        "incometaxexpensebenefit": 99000000,
        "earningspersharebasic": -1,
        "earningspersharediluted": -0.9900000000000002,
        "commonstockdividendspersharedeclared": 0.4799999999999999,
        "salesrevenuenetpercent": -0.1,
        "costofgoodsandservicessoldpercent": 0.017799999999999927,
        "grossprofitpercent": -0.017800000000000038,
        "sellinggeneralandadministrativeexpensepercent": 0.007900000000000018,
        "depreciationandamortizationpercent": 0.0002999999999999982,
        "operatingincomelosspercent": -0.02600000000000001,
        "interestexpensepercent": 0.00040000000000000105,
        "incomelossfromcontinuingoperationsbeforeincometaxesextraordinaryitemsnoncontrollinginterestpercent": -0.026399999999999993,
        "incometaxexpensebenefitpercent": -0.0023999999999999994
    },
    {
        "date": "2018-11-01",
        "symbol": "LOW",
        "period": "Q3",
        "netincomelossattributabletoparentpercent": -0.009200000000000007,
        "othercomprehensiveincomeforeigncurrencytransactionandtranslationgainlossarisingduringperiodnetoftaxpercent": 0.0007999999999999995,
        "othercomprehensiveincomelossnetoftaxpercent": 0.0007999999999999995,
        "comprehensiveincomenetoftaxpercent": -0.008400000000000005,
        "othercomprehensiveincomeforeigncurrencytransactionandtranslationgainlossarisingduringperiodnetoftax": -22000000,
        "othercomprehensiveincomelossnetoftax": -23000000,
        "comprehensiveincomenetoftax": 606000000,
        "salesrevenuenetpercent": -0.01999999999999999,
        "costofgoodsandservicessoldpercent": 0.006400000000000072,
        "grossprofitpercent": -0.006399999999999961,
        "sellinggeneralandadministrativeexpensepercent": 0.0040999999999999925,
        "depreciationandamortizationpercent": 0.0020000000000000018,
        "operatingincomelosspercent": -0.012499999999999997,
        "interestexpensepercent": 0.0001999999999999988,
        "incomelossfromcontinuingoperationsbeforeincometaxesextraordinaryitemsnoncontrollinginterestpercent": -0.012700000000000003,
        "incometaxexpensebenefitpercent": -0.0034999999999999996,
        "costofgoodsandservicessold": -22000000,
        "grossprofit": 261000000,
        "sellinggeneralandadministrativeexpense": 261000000,
        "depreciationandamortization": 433000000,
        "interestrevenueexpensenet": -154000000,
        "incometaxexpensebenefit": 175000000,
        "weightedaveragenumberofsharesoutstandingbasic": -4000000,
        "earningspersharebasic": 0.79,
        "weightedaveragenumberofdilutedsharesoutstanding": -4000000,
        "earningspersharediluted": 0.7800000000000002,
        "commonstockdividendspersharedeclared": 0.48000000000000015,
        "retainedearningsaccumulateddeficit": -361000000,
        "dividendscommonstockcash": 387000000,
        "adjustmentstoretainedearningssharerepurchase": 578000000
    },
    {
        "date": "2018-08-02",
        "symbol": "LOW",
        "period": "Q2",
        "netincomelossattributabletoparentpercent": 0.008700000000000006,
        "othercomprehensiveincomeforeigncurrencytransactionandtranslationgainlossarisingduringperiodnetoftaxpercent": 0.0007999999999999995,
        "othercomprehensiveincomelossnetoftaxpercent": 0.0007999999999999995,
        "comprehensiveincomenetoftaxpercent": 0.009500000000000001,
        "netincomeloss": 0,
        "othercomprehensiveincomeforeigncurrencytransactionandtranslationgainlossarisingduringperiodnetoftax": -71000000,
        "othercomprehensiveincomelossnetoftax": -71000000,
        "comprehensiveincomenetoftax": 1450000000,
        "salesrevenuenetpercent": 0.03,
        "costofgoodsandservicessoldpercent": 0.0009000000000000119,
        "grossprofitpercent": -0.0009000000000000119,
        "sellinggeneralandadministrativeexpensepercent": -0.009099999999999997,
        "depreciationandamortizationpercent": -0.0023,
        "operatingincomelosspercent": 0.010499999999999995,
        "interestexpensepercent": -0.0009999999999999992,
        "incomelossfromcontinuingoperationsbeforeincometaxesextraordinaryitemsnoncontrollinginterestpercent": 0.011499999999999996,
        "incometaxexpensebenefitpercent": 0.0028000000000000004,
        "costofgoodsandservicessold": -20000000,
        "grossprofit": 164000000,
        "sellinggeneralandadministrativeexpense": 164000000,
        "depreciationandamortization": 345000000,
        "operatingincomeloss": 0,
        "interestrevenueexpensenet": -153000000,
        "incomelossfromcontinuingoperationsbeforeincometaxesextraordinaryitemsnoncontrollinginterest": 0,
        "incometaxexpensebenefit": 489000000,
        "weightedaveragenumberofsharesoutstandingbasic": -6000000,
        "earningspersharebasic": 1.8599999999999999,
        "weightedaveragenumberofdilutedsharesoutstanding": -6000000,
        "earningspersharediluted": 1.8599999999999999,
        "commonstockdividendspersharedeclared": 0.48000000000000004,
        "retainedearningsaccumulateddeficit": 112000000,
        "dividendscommonstockcash": 390000000,
        "adjustmentstoretainedearningssharerepurchase": 1019000000
    },
    {
        "date": "2018-05-03",
        "symbol": "LOW",
        "period": "Q1",
        "netincomelossattributabletoparentpercent": 0.0569,
        "othercomprehensiveincomeforeigncurrencytransactionandtranslationgainlossarisingduringperiodnetoftaxpercent": -0.0048,
        "othercomprehensiveincomelossnetoftaxpercent": -0.0048,
        "comprehensiveincomenetoftaxpercent": 0.0521,
        "netincomeloss": 1000000,
        "othercomprehensiveincomeforeigncurrencytransactionandtranslationgainlossarisingduringperiodnetoftax": -83000000,
        "othercomprehensiveincomelossnetoftax": -83000000,
        "comprehensiveincomenetoftax": 905000000,
        "salesrevenuenetpercent": 0.19,
        "costofgoodsandservicessoldpercent": 0.6537,
        "grossprofitpercent": 0.3463,
        "sellinggeneralandadministrativeexpensepercent": 0.2412,
        "depreciationandamortizationpercent": 0.0207,
        "operatingincomelosspercent": 0.0844,
        "interestexpensepercent": 0.0092,
        "incomelossfromcontinuingoperationsbeforeincometaxesextraordinaryitemsnoncontrollinginterestpercent": 0.0752,
        "incometaxexpensebenefitpercent": 0.0183,
        "salesrevenuenet": 1187000000,
        "costofgoodsandservicessold": -16000000,
        "grossprofit": 145000000,
        "sellinggeneralandadministrativeexpense": 144000000,
        "depreciationandamortization": 360000000,
        "operatingincomeloss": 1000000,
        "interestrevenueexpensenet": -160000000,
        "incomelossfromcontinuingoperationsbeforeincometaxesextraordinaryitemsnoncontrollinginterest": 1000000,
        "incometaxexpensebenefit": 317000000,
        "weightedaveragenumberofsharesoutstandingbasic": 825000000,
        "earningspersharebasic": 1.19,
        "weightedaveragenumberofdilutedsharesoutstanding": 826000000,
        "earningspersharediluted": 1.19,
        "commonstockdividendspersharedeclared": 0.41,
        "retainedearningsaccumulateddeficit": 5405000000,
        "cumulativeeffectofnewaccountingprincipleinperiodofadoption": 33000000,
        "dividendscommonstockcash": 338000000,
        "adjustmentstoretainedearningssharerepurchase": 703000000
    },
    {
        "date": "2017-11-02",
        "symbol": "LOW",
        "period": "Q3",
        "othercomprehensiveincomeforeigncurrencytransactionandtranslationgainlossarisingduringperiodnetoftax": 173000000,
        "othercomprehensiveincomelossnetoftax": 173000000,
        "costofgoodsandservicessoldpercent": 0.0006999999999999229,
        "grossprofitpercent": -0.0007000000000000339,
        "sellinggeneralandadministrativeexpensepercent": 0.0040000000000000036,
        "depreciationandamortizationpercent": 0.0003999999999999976,
        "operatingincomelosspercent": -0.005099999999999993,
        "interestexpensepercent": 0.00040000000000000105,
        "gainslossesonextinguishmentofdebtpercent": -0.004100000000000003,
        "incomelossfromcontinuingoperationsbeforeincometaxesextraordinaryitemsnoncontrollinginterestpercent": -0.0013999999999999985,
        "incometaxexpensebenefitpercent": -0.00030000000000000165,
        "salesrevenuenet": 16770000000,
        "costofgoodsandservicessold": 11057000000,
        "grossprofit": 5713000000,
        "sellinggeneralandadministrativeexpense": 3808000000,
        "depreciationandamortization": 358000000,
        "operatingincomeloss": 1547000000,
        "interestrevenueexpensenet": -160000000,
        "incomelossfromcontinuingoperationsbeforeincometaxesextraordinaryitemsnoncontrollinginterest": 1387000000,
        "incometaxexpensebenefit": -10000000,
        "weightedaveragenumberofsharesoutstandingbasic": -6000000,
        "earningspersharebasic": 1.0499999999999998,
        "weightedaveragenumberofdilutedsharesoutstanding": -6000000,
        "earningspersharediluted": 0.010000000000000009,
        "commonstockdividendspersharedeclared": 0.4099999999999999,
        "retainedearningsaccumulateddeficit": 36000000,
        "netincomeloss": 872000000,
        "dividendscommonstockcash": 341000000,
        "adjustmentstoretainedearningssharerepurchase": 495000000
    },
    {
        "date": "2017-08-03",
        "symbol": "LOW",
        "period": "Q2",
        "netincomelossattributabletoparentpercent": 0.019899999999999994,
        "comprehensiveincomenetoftaxpercent": 0.0228,
        "netincomeloss": 1419000000,
        "othercomprehensiveincomeforeigncurrencytransactionandtranslationgainlossarisingduringperiodnetoftax": 106000000,
        "othercomprehensiveincomelossnetoftax": 106000000,
        "comprehensiveincomenetoftax": 1525000000,
        "salesrevenuenetpercent": 0,
        "costofgoodsandservicessoldpercent": 0.0010000000000000009,
        "grossprofitpercent": -0.0009999999999999454,
        "sellinggeneralandadministrativeexpensepercent": -0.015199999999999991,
        "depreciationandamortizationpercent": -0.0017000000000000001,
        "operatingincomelosspercent": 0.015899999999999997,
        "interestexpensepercent": -0.0008999999999999998,
        "gainslossesonextinguishmentofdebtpercent": -0.0147,
        "incomelossfromcontinuingoperationsbeforeincometaxesextraordinaryitemsnoncontrollinginterestpercent": 0.03150000000000001,
        "incometaxexpensebenefitpercent": 0.011600000000000003,
        "salesrevenuenet": 19495000000,
        "costofgoodsandservicessold": 12825000000,
        "grossprofit": 6670000000,
        "sellinggeneralandadministrativeexpense": 3931000000,
        "depreciationandamortization": 357000000,
        "operatingincomeloss": 2382000000,
        "interestrevenueexpensenet": -158000000,
        "gainslossesonextinguishmentofdebt": 0,
        "incomelossfromcontinuingoperationsbeforeincometaxesextraordinaryitemsnoncontrollinginterest": 2224000000,
        "incometaxexpensebenefit": -356000000,
        "weightedaveragenumberofsharesoutstandingbasic": -8000000,
        "earningspersharebasic": 1.6700000000000002,
        "weightedaveragenumberofdilutedsharesoutstanding": -8000000,
        "earningspersharediluted": -0.6699999999999999,
        "commonstockdividendspersharedeclared": 0.41000000000000003,
        "retainedearningsaccumulateddeficit": -93000000,
        "dividendscommonstockcash": 344000000,
        "adjustmentstoretainedearningssharerepurchase": 1168000000
    },
    {
        "date": "2017-05-04",
        "symbol": "LOW",
        "period": "Q1",
        "netincomelossattributabletoparentpercent": 0.0357,
        "comprehensiveincomenetoftaxpercent": 0.0357,
        "netincomeloss": 602000000,
        "othercomprehensiveincomeforeigncurrencytransactionandtranslationgainlossarisingduringperiodnetoftax": -1000000,
        "othercomprehensiveincomelossnetoftax": -1000000,
        "comprehensiveincomenetoftax": 601000000,
        "salesrevenuenetpercent": 1,
        "costofgoodsandservicessoldpercent": 0.656,
        "grossprofitpercent": 0.344,
        "sellinggeneralandadministrativeexpensepercent": 0.2299,
        "depreciationandamortizationpercent": 0.0216,
        "operatingincomelosspercent": 0.0925,
        "interestexpensepercent": 0.0096,
        "gainslossesonextinguishmentofdebtpercent": 0.0275,
        "incomelossfromcontinuingoperationsbeforeincometaxesextraordinaryitemsnoncontrollinginterestpercent": 0.0554,
        "incometaxexpensebenefitpercent": 0.0197,
        "salesrevenuenet": 16860000000,
        "costofgoodsandservicessold": 11060000000,
        "grossprofit": 5800000000,
        "sellinggeneralandadministrativeexpense": 3876000000,
        "depreciationandamortization": 365000000,
        "operatingincomeloss": 1559000000,
        "interestrevenueexpensenet": -161000000,
        "gainslossesonextinguishmentofdebt": -464000000,
        "incomelossfromcontinuingoperationsbeforeincometaxesextraordinaryitemsnoncontrollinginterest": 934000000,
        "incometaxexpensebenefit": 332000000,
        "weightedaveragenumberofsharesoutstandingbasic": 857000000,
        "earningspersharebasic": 0.7,
        "weightedaveragenumberofdilutedsharesoutstanding": 858000000,
        "earningspersharediluted": 0.7,
        "commonstockdividendspersharedeclared": 0.35,
        "retainedearningsaccumulateddeficit": 5346000000,
        "dividendscommonstockcash": 299000000,
        "adjustmentstoretainedearningssharerepurchase": 1198000000
    },
    {
        "date": "2016-10-27",
        "symbol": "LOW",
        "period": "Q3",
        "othercomprehensiveincomeforeigncurrencytransactionandtranslationgainlossarisingduringperiodnetoftaxpercent": 0.0026999999999999993,
        "othercomprehensiveincomelossnetoftaxpercent": 0.0026999999999999993,
        "othercomprehensiveincomeforeigncurrencytransactionandtranslationgainlossarisingduringperiodnetoftax": 152000000,
        "othercomprehensiveincomelossnetoftax": 152000000,
        "costofgoodsandservicessoldpercent": 0.0011999999999999789,
        "grossprofitpercent": -0.0012000000000000344,
        "sellinggeneralandadministrativeexpensepercent": 0.013600000000000001,
        "depreciationnonproductionpercent": 0.0007999999999999986,
        "interestexpensepercent": 0.00030000000000000165,
        "operatingexpensespercent": 0.01469999999999999,
        "incomelossfromcontinuingoperationsbeforeincometaxesextraordinaryitemsnoncontrollinginterestpercent": -0.01590000000000001,
        "incometaxexpensebenefitpercent": -0.0040999999999999995,
        "salesrevenuenet": 15739000000,
        "costofgoodsandservicessold": 10333000000,
        "grossprofit": 5406000000,
        "sellinggeneralandadministrativeexpense": 4089000000,
        "depreciationnonproduction": 378000000,
        "interestrevenueexpensenet": -163000000,
        "operatingexpenses": 4630000000,
        "incomelossfromcontinuingoperationsbeforeincometaxesextraordinaryitemsnoncontrollinginterest": 776000000,
        "incometaxexpensebenefit": 397000000,
        "weightedaveragenumberofsharesoutstandingbasic": -6000000,
        "earningspersharebasic": 0.4500000000000002,
        "weightedaveragenumberofdilutedsharesoutstanding": -6000000,
        "earningspersharediluted": 0.43999999999999995,
        "commonstockdividendspersharedeclared": 0.35,
        "retainedearningsaccumulateddeficit": -463000000,
        "netincomeloss": 377000000,
        "dividendscommonstockcash": 305000000,
        "adjustmentstoretainedearningssharerepurchase": 535000000
    },
    {
        "date": "2016-07-28",
        "symbol": "LOW",
        "period": "Q2",
        "netincomelossattributabletoparentpercent": 0.0031999999999999945,
        "othercomprehensiveincomeforeigncurrencytransactionandtranslationgainlossarisingduringperiodnetoftaxpercent": -0.0046,
        "othercomprehensiveincomelossnetoftaxpercent": -0.0046,
        "comprehensiveincomenetoftaxpercent": -0.0013999999999999985,
        "netincomeloss": 1167000000,
        "othercomprehensiveincomeforeigncurrencytransactionandtranslationgainlossarisingduringperiodnetoftax": -56000000,
        "othercomprehensiveincomelossnetoftax": -56000000,
        "comprehensiveincomenetoftax": 1111000000,
        "salesrevenuenetpercent": 0,
        "costofgoodsandservicessoldpercent": 0.0033000000000000806,
        "grossprofitpercent": -0.0032999999999999696,
        "sellinggeneralandadministrativeexpensepercent": -0.005899999999999989,
        "depreciationnonproductionpercent": -0.0017999999999999995,
        "interestexpensepercent": -0.000700000000000001,
        "operatingexpensespercent": -0.008400000000000019,
        "incomelossfromcontinuingoperationsbeforeincometaxesextraordinaryitemsnoncontrollinginterestpercent": 0.005100000000000007,
        "incometaxexpensebenefitpercent": 0.001899999999999999,
        "salesrevenuenet": 18260000000,
        "costofgoodsandservicessold": 11971000000,
        "grossprofit": 6289000000,
        "sellinggeneralandadministrativeexpense": 3871000000,
        "depreciationnonproduction": 366000000,
        "interestrevenueexpensenet": -167000000,
        "operatingexpenses": 4404000000,
        "incomelossfromcontinuingoperationsbeforeincometaxesextraordinaryitemsnoncontrollinginterest": 1885000000,
        "incometaxexpensebenefit": 718000000,
        "weightedaveragenumberofsharesoutstandingbasic": -7000000,
        "earningspersharebasic": 1.31,
        "weightedaveragenumberofdilutedsharesoutstanding": -7000000,
        "earningspersharediluted": 1.31,
        "commonstockdividendspersharedeclared": 0.35,
        "retainedearningsaccumulateddeficit": -235000000,
        "dividendscommonstockcash": 309000000,
        "adjustmentstoretainedearningssharerepurchase": 1093000000
    },
    {
        "date": "2016-04-28",
        "symbol": "LOW",
        "period": "Q1",
        "netincomelossattributabletoparentpercent": 0.058,
        "othercomprehensiveincomeforeigncurrencytransactionandtranslationgainlossarisingduringperiodnetoftaxpercent": 0.0055,
        "othercomprehensiveincomelossnetoftaxpercent": 0.0055,
        "comprehensiveincomenetoftaxpercent": 0.0635,
        "netincomeloss": 884000000,
        "othercomprehensiveincomeforeigncurrencytransactionandtranslationgainlossarisingduringperiodnetoftax": 83000000,
        "othercomprehensiveincomelossnetoftax": 83000000,
        "comprehensiveincomenetoftax": 967000000,
        "salesrevenuenetpercent": 1,
        "costofgoodsandservicessoldpercent": 0.6496,
        "grossprofitpercent": 0.3504,
        "sellinggeneralandadministrativeexpensepercent": 0.2228,
        "depreciationnonproductionpercent": 0.0234,
        "interestexpensepercent": 0.0103,
        "operatingexpensespercent": 0.2565,
        "incomelossfromcontinuingoperationsbeforeincometaxesextraordinaryitemsnoncontrollinginterestpercent": 0.0939,
        "incometaxexpensebenefitpercent": 0.0359,
        "salesrevenuenet": 15234000000,
        "costofgoodsandservicessold": 9897000000,
        "grossprofit": 5337000000,
        "sellinggeneralandadministrativeexpense": 3394000000,
        "depreciationnonproduction": 357000000,
        "interestrevenueexpensenet": -156000000,
        "operatingexpenses": 3907000000,
        "incomelossfromcontinuingoperationsbeforeincometaxesextraordinaryitemsnoncontrollinginterest": 1430000000,
        "incometaxexpensebenefit": 546000000,
        "weightedaveragenumberofsharesoutstandingbasic": 897000000,
        "earningspersharebasic": 0.98,
        "weightedaveragenumberofdilutedsharesoutstanding": 899000000,
        "earningspersharediluted": 0.98,
        "commonstockdividendspersharedeclared": 0.28,
        "retainedearningsaccumulateddeficit": 7074000000,
        "dividendscommonstockcash": 251000000,
        "adjustmentstoretainedearningssharerepurchase": 1152000000
    },
    {
        "date": "2015-10-29",
        "symbol": "LOW",
        "period": "Q3",
        "netincomelossattributabletoparentpercent": -0.001799999999999996,
        "othercomprehensiveincomeforeigncurrencytransactionandtranslationgainlossarisingduringperiodnetoftaxpercent": 0.0006000000000000005,
        "othercomprehensiveincomelossnetoftaxpercent": 0.0006000000000000005,
        "comprehensiveincomenetoftaxpercent": -0.0012000000000000066,
        "netincomeloss": 736000000,
        "othercomprehensiveincomeforeigncurrencytransactionandtranslationgainlossarisingduringperiodnetoftax": -68000000,
        "othercomprehensiveincomelossnetoftax": -68000000,
        "comprehensiveincomenetoftax": 668000000,
        "costofgoodsandservicessoldpercent": 0.0004999999999999449,
        "grossprofitpercent": -0.0005000000000000004,
        "sellinggeneralandadministrativeexpensepercent": 0.001600000000000018,
        "depreciationnonproductionpercent": 0.0007999999999999986,
        "interestexpensepercent": 0.0003999999999999993,
        "operatingexpensespercent": 0.002799999999999969,
        "incomelossfromcontinuingoperationsbeforeincometaxesextraordinaryitemsnoncontrollinginterestpercent": -0.0032999999999999974,
        "incometaxexpensebenefitpercent": -0.0015000000000000013,
        "salesrevenuenet": 14360000000,
        "costofgoodsandservicessold": 9370000000,
        "grossprofit": 4990000000,
        "sellinggeneralandadministrativeexpense": 3287000000,
        "depreciationnonproduction": 374000000,
        "interestrevenueexpensenet": -142000000,
        "operatingexpenses": 3803000000,
        "incomelossfromcontinuingoperationsbeforeincometaxesextraordinaryitemsnoncontrollinginterest": 1187000000,
        "incometaxexpensebenefit": 451000000,
        "weightedaveragenumberofsharesoutstandingbasic": -7000000,
        "earningspersharebasic": 0.8000000000000003,
        "weightedaveragenumberofdilutedsharesoutstanding": -7000000,
        "earningspersharediluted": 0.8000000000000003,
        "commonstockdividendspersharedeclared": 0.28,
        "retainedearningsaccumulateddeficit": -235000000,
        "dividendscommonstockcash": 258000000,
        "adjustmentstoretainedearningssharerepurchase": 713000000
    },
    {
        "date": "2015-07-30",
        "symbol": "LOW",
        "period": "Q2",
        "netincomelossattributabletoparentpercent": 0.009499999999999995,
        "othercomprehensiveincomeforeigncurrencytransactionandtranslationgainlossarisingduringperiodnetoftaxpercent": -0.0082,
        "othercomprehensiveincomelossnetoftaxpercent": -0.0082,
        "comprehensiveincomenetoftaxpercent": 0.0013000000000000025,
        "netincomeloss": 1126000000,
        "othercomprehensiveincomeforeigncurrencytransactionandtranslationgainlossarisingduringperiodnetoftax": -229000000,
        "othercomprehensiveincomelossnetoftax": -229000000,
        "comprehensiveincomenetoftax": 897000000,
        "salesrevenuenetpercent": 0,
        "costofgoodsandservicessoldpercent": 0.00550000000000006,
        "grossprofitpercent": -0.005500000000000005,
        "sellinggeneralandadministrativeexpensepercent": -0.01770000000000002,
        "depreciationnonproductionpercent": -0.0023999999999999994,
        "interestexpensepercent": -0.0009999999999999992,
        "operatingexpensespercent": -0.021100000000000008,
        "incomelossfromcontinuingoperationsbeforeincometaxesextraordinaryitemsnoncontrollinginterestpercent": 0.015599999999999989,
        "incometaxexpensebenefitpercent": 0.006100000000000005,
        "salesrevenuenet": 17349000000,
        "costofgoodsandservicessold": 11369000000,
        "grossprofit": 5980000000,
        "sellinggeneralandadministrativeexpense": 3632000000,
        "depreciationnonproduction": 376000000,
        "interestrevenueexpensenet": -133000000,
        "operatingexpenses": 4141000000,
        "incomelossfromcontinuingoperationsbeforeincometaxesextraordinaryitemsnoncontrollinginterest": 1839000000,
        "incometaxexpensebenefit": 713000000,
        "weightedaveragenumberofsharesoutstandingbasic": -10000000,
        "earningspersharebasic": 1.2,
        "weightedaveragenumberofdilutedsharesoutstanding": -10000000,
        "earningspersharediluted": 1.2,
        "commonstockdividendspersharedeclared": 0.28,
        "retainedearningsaccumulateddeficit": -552000000,
        "dividendscommonstockcash": 260000000,
        "adjustmentstoretainedearningssharerepurchase": 1418000000
    },
    {
        "date": "2015-04-30",
        "symbol": "LOW",
        "period": "Q1",
        "netincomelossattributabletoparentpercent": 0.0476,
        "othercomprehensiveincomeforeigncurrencytransactionandtranslationgainlossarisingduringperiodnetoftaxpercent": 0.0016,
        "othercomprehensiveincomelossnetoftaxpercent": 0.0016,
        "comprehensiveincomenetoftaxpercent": 0.0492,
        "netincomeloss": 673000000,
        "othercomprehensiveincomeforeigncurrencytransactionandtranslationgainlossarisingduringperiodnetoftax": 22000000,
        "othercomprehensiveincomelossnetoftax": 22000000,
        "comprehensiveincomenetoftax": 695000000,
        "salesrevenuenetpercent": 1,
        "costofgoodsandservicessoldpercent": 0.6453,
        "grossprofitpercent": 0.3547,
        "sellinggeneralandadministrativeexpensepercent": 0.2416,
        "depreciationnonproductionpercent": 0.0259,
        "interestexpensepercent": 0.0095,
        "operatingexpensespercent": 0.277,
        "incomelossfromcontinuingoperationsbeforeincometaxesextraordinaryitemsnoncontrollinginterestpercent": 0.0777,
        "incometaxexpensebenefitpercent": 0.0301,
        "salesrevenuenet": 14129000000,
        "costofgoodsandservicessold": 9117000000,
        "grossprofit": 5012000000,
        "sellinggeneralandadministrativeexpense": 3415000000,
        "depreciationnonproduction": 365000000,
        "interestrevenueexpensenet": -134000000,
        "operatingexpenses": 3914000000,
        "incomelossfromcontinuingoperationsbeforeincometaxesextraordinaryitemsnoncontrollinginterest": 1098000000,
        "incometaxexpensebenefit": 425000000,
        "weightedaveragenumberofsharesoutstandingbasic": 950000000,
        "earningspersharebasic": 0.7,
        "weightedaveragenumberofdilutedsharesoutstanding": 952000000,
        "earningspersharediluted": 0.7,
        "commonstockdividendspersharedeclared": 0.23,
        "retainedearningsaccumulateddeficit": 9085000000,
        "dividendscommonstockcash": 218000000,
        "adjustmentstoretainedearningssharerepurchase": 961000000
    },
    {
        "date": "2014-10-30",
        "symbol": "LOW",
        "period": "Q3",
        "othercomprehensiveincomeforeigncurrencytransactionandtranslationgainlossarisingduringperiodnetoftaxpercent": -0.0007,
        "othercomprehensiveincomelossnetoftaxpercent": -0.0007,
        "othercomprehensiveincomeforeigncurrencytransactionandtranslationgainlossarisingduringperiodnetoftax": -23000000,
        "othercomprehensiveincomelossnetoftax": -23000000,
        "costofgoodsandservicessoldpercent": 0.0016000000000000458,
        "grossprofitpercent": -0.0015999999999999903,
        "sellinggeneralandadministrativeexpensepercent": 0.0028000000000000247,
        "depreciationnonproductionpercent": 0.0008000000000000021,
        "interestexpensepercent": 0.0005000000000000004,
        "operatingexpensespercent": 0.0040999999999999925,
        "incometaxexpensebenefitpercent": -0.0017999999999999995,
        "salesrevenuenet": 13681000000,
        "costofgoodsandservicessold": 8963000000,
        "grossprofit": 4718000000,
        "sellinggeneralandadministrativeexpense": 3256000000,
        "depreciationnonproduction": 375000000,
        "interestrevenueexpensenet": -134000000,
        "operatingexpenses": 3765000000,
        "incometaxexpensebenefit": 368000000,
        "weightedaveragenumberofsharesoutstandingbasic": -9000000,
        "earningspersharebasic": 0.5900000000000002,
        "weightedaveragenumberofdilutedsharesoutstanding": -9000000,
        "earningspersharediluted": 0.6000000000000004,
        "commonstockdividendspersharedeclared": 0.23000000000000004,
        "retainedearningsaccumulateddeficit": -478000000,
        "dividendscommonstockcash": 225000000,
        "adjustmentstoretainedearningssharerepurchase": 838000000
    },
    {
        "date": "2014-07-31",
        "symbol": "LOW",
        "period": "Q2",
        "profitlosspercent": 0.008799999999999995,
        "othercomprehensiveincomeforeigncurrencytransactionandtranslationgainlossarisingduringperiodnetoftaxpercent": -0.00019999999999999993,
        "othercomprehensiveincomelossnetoftaxpercent": -0.00019999999999999993,
        "comprehensiveincomenetoftaxincludingportionattributabletononcontrollinginterestpercent": 0.008600000000000003,
        "profitloss": 1039000000,
        "othercomprehensiveincomeforeigncurrencytransactionandtranslationgainlossarisingduringperiodnetoftax": 4000000,
        "othercomprehensiveincomelossnetoftax": 4000000,
        "comprehensiveincomenetoftaxincludingportionattributabletononcontrollinginterest": 1043000000,
        "salesrevenuenetpercent": 0,
        "costofgoodsandservicessoldpercent": 0.005199999999999982,
        "grossprofitpercent": -0.005199999999999982,
        "sellinggeneralandadministrativeexpensepercent": -0.0189,
        "depreciationnonproductionpercent": -0.0029,
        "interestexpensepercent": -0.0009999999999999992,
        "operatingexpensespercent": -0.022799999999999987,
        "incomelossfromcontinuingoperationsbeforeincometaxesminorityinterestandincomelossfromequitymethodinvestmentspercent": 0.017600000000000005,
        "incometaxexpensebenefitpercent": 0.008800000000000002,
        "salesrevenuenet": 16598000000,
        "costofgoodsandservicessold": 10863000000,
        "grossprofit": 5735000000,
        "sellinggeneralandadministrativeexpense": 3540000000,
        "depreciationnonproduction": 375000000,
        "interestrevenueexpensenet": -126000000,
        "operatingexpenses": 4041000000,
        "incomelossfromcontinuingoperationsbeforeincometaxesminorityinterestandincomelossfromequitymethodinvestments": 1694000000,
        "incometaxexpensebenefit": 655000000,
        "weightedaveragenumberofsharesoutstandingbasic": -10000000,
        "earningspersharebasic": 1.04,
        "weightedaveragenumberofdilutedsharesoutstanding": -10000000,
        "earningspersharediluted": 1.0299999999999998,
        "commonstockdividendspersharedeclared": 0.22999999999999998,
        "retainedearningsaccumulateddeficit": -236000000,
        "dividendscommonstockcash": 228000000,
        "adjustmentstoretainedearningssharerepurchase": 1047000000
    },
    {
        "date": "2014-05-01",
        "symbol": "LOW",
        "period": "Q1",
        "profitlosspercent": 0.0466,
        "othercomprehensiveincomeforeigncurrencytransactionandtranslationgainlossarisingduringperiodnetoftaxpercent": 0.0006,
        "othercomprehensiveincomelossnetoftaxpercent": 0.0006,
        "comprehensiveincomenetoftaxincludingportionattributabletononcontrollinginterestpercent": 0.0472,
        "profitloss": 624000000,
        "othercomprehensiveincomeforeigncurrencytransactionandtranslationgainlossarisingduringperiodnetoftax": 8000000,
        "othercomprehensiveincomelossnetoftax": 8000000,
        "comprehensiveincomenetoftaxincludingportionattributabletononcontrollinginterest": 632000000,
        "salesrevenuenetpercent": 1,
        "costofgoodsandservicessoldpercent": 0.645,
        "grossprofitpercent": 0.355,
        "sellinggeneralandadministrativeexpensepercent": 0.2476,
        "depreciationnonproductionpercent": 0.0278,
        "interestexpensepercent": 0.0093,
        "operatingexpensespercent": 0.2847,
        "incomelossfromcontinuingoperationsbeforeincometaxesminorityinterestandincomelossfromequitymethodinvestmentspercent": 0.0703,
        "incometaxexpensebenefitpercent": 0.0237,
        "salesrevenuenet": 13403000000,
        "costofgoodsandservicessold": 8645000000,
        "grossprofit": 4758000000,
        "sellinggeneralandadministrativeexpense": 3319000000,
        "depreciationnonproduction": 373000000,
        "interestrevenueexpensenet": -124000000,
        "operatingexpenses": 3816000000,
        "incomelossfromcontinuingoperationsbeforeincometaxesminorityinterestandincomelossfromequitymethodinvestments": 942000000,
        "incometaxexpensebenefit": 318000000,
        "weightedaveragenumberofsharesoutstandingbasic": 1015000000,
        "earningspersharebasic": 0.61,
        "weightedaveragenumberofdilutedsharesoutstanding": 1017000000,
        "earningspersharediluted": 0.61,
        "commonstockdividendspersharedeclared": 0.18,
        "retainedearningsaccumulateddeficit": 10985000000,
        "dividendscommonstockcash": 183000000,
        "adjustmentstoretainedearningssharerepurchase": 811000000
    },
    {
        "date": "2013-10-31",
        "symbol": "LOW",
        "period": "Q3",
        "profitlosspercent": -0.0040000000000000036,
        "comprehensiveincomenetoftaxincludingportionattributabletononcontrollinginterestpercent": -0.0038000000000000048,
        "profitloss": 498000000,
        "comprehensiveincomenetoftaxincludingportionattributabletononcontrollinginterest": 495000000,
        "costofgoodsandservicessoldpercent": -9.999999999998899e-05,
        "grossprofitpercent": 9.999999999998899e-05,
        "sellinggeneralandadministrativeexpensepercent": 0.004799999999999999,
        "depreciationnonproductionpercent": 0.0011999999999999997,
        "interestexpensepercent": 0.0005999999999999998,
        "operatingexpensespercent": 0.006599999999999995,
        "incomelossfromcontinuingoperationsbeforeincometaxesminorityinterestandincomelossfromequitymethodinvestmentspercent": -0.006500000000000006,
        "incometaxexpensebenefitpercent": -0.0024999999999999988,
        "salesrevenuenet": 12957000000,
        "costofgoodsandservicessold": 8475000000,
        "grossprofit": 4482000000,
        "sellinggeneralandadministrativeexpense": 3185000000,
        "depreciationnonproduction": 373000000,
        "interestrevenueexpensenet": -125000000,
        "operatingexpenses": 3683000000,
        "incomelossfromcontinuingoperationsbeforeincometaxesminorityinterestandincomelossfromequitymethodinvestments": 799000000,
        "incometaxexpensebenefit": 301000000,
        "weightedaveragenumberofsharesoutstandingbasic": -10000000,
        "earningspersharebasic": 0.47,
        "weightedaveragenumberofdilutedsharesoutstanding": -10000000,
        "earningspersharediluted": 0.48,
        "commonstockdividendspersharedeclared": 0.17999999999999997,
        "retainedearningsaccumulateddeficit": -401000000,
        "dividendscommonstockcash": 189000000,
        "adjustmentstoretainedearningssharerepurchase": 710000000
    },
    {
        "date": "2013-08-01",
        "symbol": "LOW",
        "period": "Q2",
        "salesrevenuenetpercent": 0,
        "costofgoodsandservicessoldpercent": 0.0023999999999999577,
        "grossprofitpercent": -0.0023999999999999577,
        "sellinggeneralandadministrativeexpensepercent": -0.01580000000000001,
        "depreciationnonproductionpercent": -0.001899999999999999,
        "interestexpensepercent": -0.0008999999999999998,
        "operatingexpensespercent": -0.018600000000000005,
        "incomelossfromcontinuingoperationsbeforeincometaxesminorityinterestandincomelossfromequitymethodinvestmentspercent": 0.016200000000000006,
        "incometaxexpensebenefitpercent": 0.006099999999999998,
        "profitlosspercent": 0.010099999999999998,
        "salesrevenuenet": 15712000000,
        "costofgoodsandservicessold": 10315000000,
        "grossprofit": 5397000000,
        "sellinggeneralandadministrativeexpense": 3413000000,
        "depreciationnonproduction": 367000000,
        "interestrevenueexpensenet": -110000000,
        "operatingexpenses": 3890000000,
        "incomelossfromcontinuingoperationsbeforeincometaxesminorityinterestandincomelossfromequitymethodinvestments": 1507000000,
        "incometaxexpensebenefit": 565000000,
        "profitloss": 942000000,
        "weightedaveragenumberofsharesoutstandingbasic": -11000000,
        "earningspersharebasic": 0.8800000000000001,
        "weightedaveragenumberofdilutedsharesoutstanding": -11000000,
        "earningspersharediluted": 0.8700000000000001,
        "commonstockdividendspersharedeclared": 0.18000000000000002,
        "retainedearningsaccumulateddeficit": -114000000,
        "dividendscommonstockcash": 192000000,
        "adjustmentstoretainedearningssharerepurchase": 864000000,
        "comprehensiveincomenetoftaxincludingportionattributabletononcontrollinginterest": 916000000,
        "comprehensiveincomenetoftaxincludingportionattributabletononcontrollinginterestpercent": 0.0092
    },
    {
        "date": "2013-05-02",
        "symbol": "LOW",
        "period": "Q1",
        "salesrevenuenetpercent": 1,
        "costofgoodsandservicessoldpercent": 0.652,
        "grossprofitpercent": 0.348,
        "sellinggeneralandadministrativeexpensepercent": 0.2462,
        "depreciationnonproductionpercent": 0.0269,
        "interestexpensepercent": 0.0086,
        "operatingexpensespercent": 0.2817,
        "incomelossfromcontinuingoperationsbeforeincometaxesminorityinterestandincomelossfromequitymethodinvestmentspercent": 0.0663,
        "incometaxexpensebenefitpercent": 0.025,
        "profitlosspercent": 0.0413,
        "salesrevenuenet": 13088000000,
        "costofgoodsandservicessold": 8533000000,
        "grossprofit": 4555000000,
        "sellinggeneralandadministrativeexpense": 3222000000,
        "depreciationnonproduction": 352000000,
        "interestrevenueexpensenet": -113000000,
        "operatingexpenses": 3687000000,
        "incomelossfromcontinuingoperationsbeforeincometaxesminorityinterestandincomelossfromequitymethodinvestments": 868000000,
        "incometaxexpensebenefit": 328000000,
        "profitloss": 540000000,
        "weightedaveragenumberofsharesoutstandingbasic": 1088000000,
        "earningspersharebasic": 0.49,
        "weightedaveragenumberofdilutedsharesoutstanding": 1090000000,
        "earningspersharediluted": 0.49,
        "commonstockdividendspersharedeclared": 0.16,
        "retainedearningsaccumulateddeficit": 12618000000,
        "dividendscommonstockcash": 174000000,
        "adjustmentstoretainedearningssharerepurchase": 972000000,
        "comprehensiveincomenetoftaxincludingportionattributabletononcontrollinginterest": 540000000,
        "comprehensiveincomenetoftaxincludingportionattributabletononcontrollinginterestpercent": 0.0413
    },
    {
        "date": "2013-01-31",
        "symbol": "LOW",
        "period": "Q4",
        "salesrevenuenetpercent": -2.99,
        "costofgoodsandservicessoldpercent": -1.3135,
        "grossprofitpercent": -0.6864999999999999,
        "sellinggeneralandadministrativeexpensepercent": -0.477,
        "depreciationnonproductionpercent": -0.0547,
        "interestexpensepercent": -0.0157,
        "operatingexpensespercent": -0.5474000000000001,
        "incomelossfromcontinuingoperationsbeforeincometaxesminorityinterestandincomelossfromequitymethodinvestmentspercent": -0.1391,
        "incometaxexpensebenefitpercent": -0.052500000000000005,
        "profitlosspercent": -0.0866,
        "salesrevenuenet": -39087000000,
        "costofgoodsandservicessold": 7260000000,
        "grossprofit": 3786000000,
        "sellinggeneralandadministrativeexpense": 2808000000,
        "depreciationnonproduction": 413000000,
        "interestrevenueexpensenet": -110000000,
        "operatingexpenses": 3331000000,
        "incomelossfromcontinuingoperationsbeforeincometaxesminorityinterestandincomelossfromequitymethodinvestments": 455000000,
        "incometaxexpensebenefit": 166000000,
        "profitloss": 289000000,
        "earningspersharebasic": 0.26999999999999985,
        "earningspersharediluted": 0.26999999999999985,
        "othercomprehensiveincomeforeigncurrencytransactionandtranslationgainlossarisingduringperiodnetoftax": 0,
        "othercomprehensiveincomelossnetoftax": -1000000,
        "comprehensiveincomenetoftaxincludingportionattributabletononcontrollinginterest": 288000000,
        "othercomprehensiveincomeforeigncurrencytransactionandtranslationgainlossarisingduringperiodnetoftaxpercent": -0.0006,
        "othercomprehensiveincomelossnetoftaxpercent": -0.0005,
        "comprehensiveincomenetoftaxincludingportionattributabletononcontrollinginterestpercent": -0.08710000000000001
    },
    {
        "date": "2012-11-01",
        "symbol": "LOW",
        "period": "Q3",
        "salesrevenuenetpercent": 1,
        "costofgoodsandservicessoldpercent": 0.6568,
        "grossprofitpercent": 0.3432,
        "sellinggeneralandadministrativeexpensepercent": 0.2503,
        "depreciationnonproductionpercent": 0.0308,
        "interestexpensepercent": 0.0095,
        "operatingexpensespercent": 0.2906,
        "incomelossfromcontinuingoperationsbeforeincometaxesminorityinterestandincomelossfromequitymethodinvestmentspercent": 0.0526,
        "incometaxexpensebenefitpercent": 0.0198,
        "profitlosspercent": 0.0328,
        "salesrevenuenet": 12073000000,
        "costofgoodsandservicessold": 7930000000,
        "grossprofit": 4143000000,
        "sellinggeneralandadministrativeexpense": 3023000000,
        "depreciationnonproduction": 371000000,
        "interestrevenueexpensenet": -114000000,
        "operatingexpenses": 3508000000,
        "incomelossfromcontinuingoperationsbeforeincometaxesminorityinterestandincomelossfromequitymethodinvestments": 635000000,
        "incometaxexpensebenefit": 239000000,
        "profitloss": 396000000,
        "weightedaveragenumberofsharesoutstandingbasic": 1126000000,
        "earningspersharebasic": 0.35,
        "weightedaveragenumberofdilutedsharesoutstanding": 1128000000,
        "earningspersharediluted": 0.35,
        "commonstockdividendspersharecashpaid": 0.16,
        "dividendscommonstockcash": 180000000,
        "adjustmentstoretainedearningssharerepurchase": 813000000,
        "othercomprehensiveincomeforeigncurrencytransactionandtranslationgainlossarisingduringperiodnetoftax": 8000000,
        "othercomprehensiveincomeunrealizedholdinggainlossonsecuritiesarisingduringperiodnetoftax": -2000000,
        "othercomprehensiveincomelossnetoftax": 6000000,
        "comprehensiveincomenetoftaxincludingportionattributabletononcontrollinginterest": 402000000,
        "othercomprehensiveincomeforeigncurrencytransactionandtranslationgainlossarisingduringperiodnetoftaxpercent": 0.0007,
        "othercomprehensiveincomeunrealizedholdinggainlossonsecuritiesarisingduringperiodnetoftaxpercent": -0.0002,
        "othercomprehensiveincomelossnetoftaxpercent": 0.0005,
        "comprehensiveincomenetoftaxincludingportionattributabletononcontrollinginterestpercent": 0.0333
    },
    {
        "date": "2012-08-02",
        "symbol": "LOW",
        "period": "Q2",
        "salesrevenuenetpercent": 1,
        "costofgoodsandservicessoldpercent": 0.6607,
        "grossprofitpercent": 0.3393,
        "sellinggeneralandadministrativeexpensepercent": 0.2226,
        "depreciationnonproductionpercent": 0.0259,
        "interestexpensepercent": 0.0068,
        "operatingexpensespercent": 0.2553,
        "incomelossfromcontinuingoperationsbeforeincometaxesminorityinterestandincomelossfromequitymethodinvestmentspercent": 0.084,
        "incometaxexpensebenefitpercent": 0.0315,
        "profitlosspercent": 0.0525,
        "salesrevenuenet": 14249000000,
        "costofgoodsandservicessold": 9415000000,
        "grossprofit": 4834000000,
        "sellinggeneralandadministrativeexpense": 3172000000,
        "depreciationnonproduction": 369000000,
        "interestrevenueexpensenet": -96000000,
        "operatingexpenses": 3637000000,
        "incomelossfromcontinuingoperationsbeforeincometaxesminorityinterestandincomelossfromequitymethodinvestments": 1197000000,
        "incometaxexpensebenefit": 450000000,
        "profitloss": 747000000,
        "weightedaveragenumberofsharesoutstandingbasic": 1157000000,
        "earningspersharebasic": 0.64,
        "weightedaveragenumberofdilutedsharesoutstanding": 1159000000,
        "earningspersharediluted": 0.64,
        "commonstockdividendspersharecashpaid": 0.16,
        "dividendscommonstockcash": 184000000,
        "adjustmentstoretainedearningssharerepurchase": 921000000,
        "othercomprehensiveincomeforeigncurrencytransactionandtranslationgainlossarisingduringperiodnetoftax": -8000000,
        "othercomprehensiveincomeunrealizedholdinggainlossonsecuritiesarisingduringperiodnetoftax": 3000000,
        "othercomprehensiveincomelossnetoftax": -5000000,
        "comprehensiveincomenetoftaxincludingportionattributabletononcontrollinginterest": 742000000,
        "othercomprehensiveincomeforeigncurrencytransactionandtranslationgainlossarisingduringperiodnetoftaxpercent": -0.0005,
        "othercomprehensiveincomeunrealizedholdinggainlossonsecuritiesarisingduringperiodnetoftaxpercent": 0.0001,
        "othercomprehensiveincomelossnetoftaxpercent": -0.0004,
        "comprehensiveincomenetoftaxincludingportionattributabletononcontrollinginterestpercent": 0.0521
    },
    {
        "date": "2012-05-03",
        "symbol": "LOW",
        "period": "Q1",
        "salesrevenuenetpercent": 1,
        "costofgoodsandservicessoldpercent": 0.653,
        "grossprofitpercent": 0.347,
        "sellinggeneralandadministrativeexpensepercent": 0.2465,
        "depreciationnonproductionpercent": 0.0281,
        "interestexpensepercent": 0.0078,
        "operatingexpensespercent": 0.2824,
        "incomelossfromcontinuingoperationsbeforeincometaxesminorityinterestandincomelossfromequitymethodinvestmentspercent": 0.0646,
        "incometaxexpensebenefitpercent": 0.0245,
        "profitlosspercent": 0.0401,
        "salesrevenuenet": 13153000000,
        "costofgoodsandservicessold": 8589000000,
        "grossprofit": 4564000000,
        "sellinggeneralandadministrativeexpense": 3241000000,
        "depreciationnonproduction": 370000000,
        "interestrevenueexpensenet": -103000000,
        "operatingexpenses": 3714000000,
        "incomelossfromcontinuingoperationsbeforeincometaxesminorityinterestandincomelossfromequitymethodinvestments": 850000000,
        "incometaxexpensebenefit": 323000000,
        "profitloss": 527000000,
        "weightedaveragenumberofsharesoutstandingbasic": 1206000000,
        "earningspersharebasic": 0.43,
        "weightedaveragenumberofdilutedsharesoutstanding": 1208000000,
        "earningspersharediluted": 0.43,
        "commonstockdividendspersharecashpaid": 0.14,
        "retainedearningsaccumulateddeficit": 14557000000,
        "dividendscommonstockcash": 165000000,
        "adjustmentstoretainedearningssharerepurchase": 1657000000,
        "othercomprehensiveincomeforeigncurrencytransactionandtranslationgainlossarisingduringperiodnetoftax": 6000000,
        "othercomprehensiveincomelossnetoftax": 6000000,
        "comprehensiveincomenetoftaxincludingportionattributabletononcontrollinginterest": 533000000,
        "othercomprehensiveincomeforeigncurrencytransactionandtranslationgainlossarisingduringperiodnetoftaxpercent": 0.0005,
        "othercomprehensiveincomelossnetoftaxpercent": 0.0005,
        "comprehensiveincomenetoftaxincludingportionattributabletononcontrollinginterestpercent": 0.0406
    },
    {
        "date": "2011-10-27",
        "symbol": "LOW",
        "period": "Q3",
        "costofgoodsandservicessoldpercent": 0.0027000000000000357,
        "grossprofitpercent": -0.00269999999999998,
        "sellinggeneralandadministrativeexpensepercent": 0.010800000000000032,
        "depreciationnonproductionpercent": 0.0008000000000000021,
        "interestexpensepercent": 0.0002999999999999999,
        "operatingexpensespercent": 0.011900000000000022,
        "incomelossfromcontinuingoperationsbeforeincometaxesminorityinterestandincomelossfromequitymethodinvestmentspercent": -0.014600000000000002,
        "incometaxexpensebenefitpercent": -0.005600000000000001,
        "profitlosspercent": -0.009000000000000001,
        "salesrevenuenet": 11851000000,
        "costofgoodsandservicessold": 7815000000,
        "grossprofit": 4036000000,
        "sellinggeneralandadministrativeexpense": 3232000000,
        "depreciationnonproduction": 361000000,
        "interestrevenueexpensenet": -91000000,
        "operatingexpenses": 3684000000,
        "incomelossfromcontinuingoperationsbeforeincometaxesminorityinterestandincomelossfromequitymethodinvestments": 352000000,
        "incometaxexpensebenefit": 127000000,
        "profitloss": 225000000,
        "weightedaveragenumberofsharesoutstandingbasic": -17000000,
        "earningspersharebasic": 0.17999999999999994,
        "weightedaveragenumberofdilutedsharesoutstanding": -17000000,
        "earningspersharediluted": 0.19,
        "commonstockdividendspersharecashpaid": 0.14,
        "retainedearningsaccumulateddeficit": 49000000,
        "dividendscommonstockcash": 176000000,
        "adjustmentstoretainedearningssharerepurchase": 0
    },
    {
        "date": "2011-07-28",
        "symbol": "LOW",
        "period": "Q2",
        "salesrevenuenetpercent": 0,
        "costofgoodsandservicessoldpercent": 0.005099999999999993,
        "grossprofitpercent": -0.005099999999999993,
        "sellinggeneralandadministrativeexpensepercent": -0.0184,
        "depreciationnonproductionpercent": -0.0029,
        "interestexpensepercent": -0.0004999999999999996,
        "operatingexpensespercent": -0.02180000000000004,
        "incomelossfromcontinuingoperationsbeforeincometaxesminorityinterestandincomelossfromequitymethodinvestmentspercent": 0.0167,
        "incometaxexpensebenefitpercent": 0.0063,
        "profitlosspercent": 0.0104,
        "salesrevenuenet": 14543000000,
        "costofgoodsandservicessold": 9527000000,
        "grossprofit": 5016000000,
        "sellinggeneralandadministrativeexpense": 3231000000,
        "depreciationnonproduction": 366000000,
        "interestrevenueexpensenet": -90000000,
        "operatingexpenses": 3687000000,
        "incomelossfromcontinuingoperationsbeforeincometaxesminorityinterestandincomelossfromequitymethodinvestments": 1329000000,
        "incometaxexpensebenefit": 498000000,
        "profitloss": 831000000,
        "weightedaveragenumberofsharesoutstandingbasic": -24000000,
        "earningspersharebasic": 0.64,
        "weightedaveragenumberofdilutedsharesoutstanding": -25000000,
        "earningspersharediluted": 0.6399999999999999,
        "commonstockdividendspersharecashpaid": 0.14,
        "retainedearningsaccumulateddeficit": -655000000,
        "dividendscommonstockcash": 177000000,
        "adjustmentstoretainedearningssharerepurchase": 1309000000
    },
    {
        "date": "2011-04-28",
        "symbol": "LOW",
        "period": "Q1",
        "salesrevenuenet": 12185000000,
        "costofgoodsandservicessold": 7866000000,
        "grossprofit": 4319000000,
        "sellinggeneralandadministrativeexpense": 3120000000,
        "depreciationnonproduction": 371000000,
        "interestrevenueexpensenet": -88000000,
        "operatingexpenses": 3579000000,
        "incomelossfromcontinuingoperationsbeforeincometaxesminorityinterestandincomelossfromequitymethodinvestments": 740000000,
        "incometaxexpensebenefit": 279000000,
        "profitloss": 461000000,
        "weightedaveragenumberofsharesoutstandingbasic": 1324000000,
        "earningspersharebasic": 0.35,
        "weightedaveragenumberofdilutedsharesoutstanding": 1328000000,
        "earningspersharediluted": 0.34,
        "commonstockdividendspersharecashpaid": 0.11,
        "retainedearningsaccumulateddeficit": 16715000000,
        "dividendscommonstockcash": 145000000,
        "adjustmentstoretainedearningssharerepurchase": 972000000,
        "salesrevenuenetpercent": 1,
        "costofgoodsandservicessoldpercent": 0.6456,
        "grossprofitpercent": 0.3544,
        "sellinggeneralandadministrativeexpensepercent": 0.256,
        "depreciationnonproductionpercent": 0.0305,
        "interestexpensepercent": 0.0072,
        "operatingexpensespercent": 0.2937,
        "incomelossfromcontinuingoperationsbeforeincometaxesminorityinterestandincomelossfromequitymethodinvestmentspercent": 0.0607,
        "incometaxexpensebenefitpercent": 0.0228,
        "profitlosspercent": 0.0379
    },
    {
        "date": "2010-10-28",
        "symbol": "LOW",
        "period": "Q3",
        "salesrevenuenet": 11586000000,
        "costofgoodsandservicessold": 7525000000,
        "grossprofit": 4061000000,
        "sellinggeneralandadministrativeexpense": 2931000000,
        "depreciationnonproduction": 399000000,
        "interestexpense": 80000000,
        "operatingexpenses": 3410000000,
        "incomelossfromcontinuingoperationsbeforeincometaxesminorityinterestandincomelossfromequitymethodinvestments": 651000000,
        "incometaxexpensebenefit": 247000000,
        "profitloss": 404000000,
        "weightedaveragenumberofsharesoutstandingbasic": -12000000,
        "earningspersharebasic": 0.28999999999999987,
        "weightedaveragenumberofdilutedsharesoutstanding": -13000000,
        "earningspersharediluted": 0.28999999999999987,
        "commonstockdividendspersharecashpaid": 0.10999999999999999,
        "retainedearningsaccumulateddeficit": -310000000,
        "dividendscommonstockcash": 727000000,
        "costofgoodsandservicessoldpercent": -9.999999999998899e-05,
        "grossprofitpercent": 9.999999999998899e-05,
        "sellinggeneralandadministrativeexpensepercent": 0.005399999999999988,
        "depreciationnonproductionpercent": 0.0015000000000000013,
        "interestexpensepercent": 0.00020000000000000052,
        "operatingexpensespercent": 0.007099999999999995,
        "incomelossfromcontinuingoperationsbeforeincometaxesminorityinterestandincomelossfromequitymethodinvestmentspercent": -0.006999999999999992,
        "incometaxexpensebenefitpercent": -0.002599999999999998,
        "profitlosspercent": -0.004400000000000001
    },
    {
        "date": "2010-07-29",
        "symbol": "LOW",
        "period": "Q2",
        "salesrevenuenet": 14361000000,
        "costofgoodsandservicessold": 9354000000,
        "grossprofit": 5007000000,
        "sellinggeneralandadministrativeexpense": 3190000000,
        "depreciationnonproduction": 398000000,
        "interestexpense": 84000000,
        "operatingexpenses": 3672000000,
        "incomelossfromcontinuingoperationsbeforeincometaxesminorityinterestandincomelossfromequitymethodinvestments": 1335000000,
        "incometaxexpensebenefit": 503000000,
        "profitloss": 832000000,
        "weightedaveragenumberofsharesoutstandingbasic": -11000000,
        "earningspersharebasic": 0.5800000000000001,
        "weightedaveragenumberofdilutedsharesoutstanding": -11000000,
        "earningspersharediluted": 0.5800000000000001,
        "commonstockdividendspersharecashpaid": 0.11000000000000001,
        "retainedearningsaccumulateddeficit": 208000000,
        "dividendscommonstockcash": -157000000,
        "salesrevenuenetpercent": 0,
        "costofgoodsandservicessoldpercent": 0.0017000000000000348,
        "grossprofitpercent": -0.0016999999999999793,
        "sellinggeneralandadministrativeexpensepercent": -0.014899999999999997,
        "depreciationnonproductionpercent": -0.0023,
        "interestexpensepercent": -0.0004000000000000002,
        "operatingexpensespercent": -0.017600000000000005,
        "incomelossfromcontinuingoperationsbeforeincometaxesminorityinterestandincomelossfromequitymethodinvestmentspercent": 0.015899999999999997,
        "incometaxexpensebenefitpercent": 0.005999999999999998,
        "profitlosspercent": 0.009899999999999999
    },
    {
        "date": "2010-04-29",
        "symbol": "LOW",
        "period": "Q1",
        "salesrevenuenet": 12388000000,
        "costofgoodsandservicessold": 8030000000,
        "grossprofit": 4358000000,
        "sellinggeneralandadministrativeexpense": 3093000000,
        "depreciationnonproduction": 397000000,
        "interestexpense": 82000000,
        "operatingexpenses": 3572000000,
        "incomelossfromcontinuingoperationsbeforeincometaxesminorityinterestandincomelossfromequitymethodinvestments": 786000000,
        "incometaxexpensebenefit": 297000000,
        "profitloss": 489000000,
        "weightedaveragenumberofsharesoutstandingbasic": 1438000000,
        "earningspersharebasic": 0.34,
        "weightedaveragenumberofdilutedsharesoutstanding": 1441000000,
        "earningspersharediluted": 0.34,
        "commonstockdividendspersharecashpaid": 0.09,
        "retainedearningsaccumulateddeficit": 18246000000,
        "dividendscommonstockcash": -130000000,
        "stockrepurchasedandretiredduringperiodvalue": -420000000,
        "salesrevenuenetpercent": 1,
        "costofgoodsandservicessoldpercent": 0.6482,
        "grossprofitpercent": 0.3518,
        "sellinggeneralandadministrativeexpensepercent": 0.2498,
        "depreciationnonproductionpercent": 0.032,
        "interestexpensepercent": 0.0066,
        "operatingexpensespercent": 0.2884,
        "incomelossfromcontinuingoperationsbeforeincometaxesminorityinterestandincomelossfromequitymethodinvestmentspercent": 0.0634,
        "incometaxexpensebenefitpercent": 0.0239,
        "profitlosspercent": 0.0395
    }
]