[
    {
        "date": "2024-09-29",
        "symbol": "NWS",
        "period": "Q1",
        "revenuefromcontractwithcustomerexcludingassessedtax": 521000000,
        "revenues": 2577000000,
        "operatingcostsandexpenses": 1263000000,
        "sellinggeneralandadministrativeexpense": 899000000,
        "depreciationandamortization": 189000000,
        "restructuringsettlementandimpairmentprovisions": 24000000,
        "incomelossfromequitymethodinvestments": -3000000,
        "interestincomeexpensenonoperatingnet": -18000000,
        "othernonoperatingincomeexpense": 23000000,
        "incomelossfromcontinuingoperationsbeforeincometaxesextraordinaryitemsnoncontrollinginterest": 204000000,
        "incometaxexpensebenefit": 60000000,
        "profitloss": 144000000,
        "netincomelossattributabletononcontrollinginterest": 25000000,
        "netincomeloss": 119000000,
        "earningspersharebasic": 0.21,
        "earningspersharediluted": 0.21,
        "othercomprehensiveincomelossforeigncurrencytransactionandtranslationadjustmentnetoftax": 170000000,
        "othercomprehensiveincomelosscashflowhedgegainlossafterreclassificationandtax": -16000000,
        "othercomprehensiveincomelosspensionandotherpostretirementbenefitplansadjustmentnetoftax": 3000000,
        "othercomprehensiveincomelossnetoftax": 151000000,
        "comprehensiveincomenetoftaxincludingportionattributabletononcontrollinginterest": 295000000,
        "othercomprehensiveincomelossnetoftaxportionattributabletononcontrollinginterest": 31000000,
        "comprehensiveincomenetoftax": 239000000,
        "othercomprehensiveincomelosscashflowhedgegainlossafterreclassificationtax": -6000000,
        "othercomprehensiveincomelosspensionandotherpostretirementbenefitplanstax": 1000000
    },
    {
        "date": "2023-12-30",
        "symbol": "NWS",
        "period": "Q2",
        "revenuefromcontractwithcustomerexcludingassessedtax": 1119000000,
        "revenues": 2586000000,
        "operatingcostsandexpenses": 1281000000,
        "sellinggeneralandadministrativeexpense": 832000000,
        "depreciationandamortization": 179000000,
        "restructuringsettlementandimpairmentprovisions": 13000000,
        "incomelossfromequitymethodinvestments": -1000000,
        "interestincomeexpensenonoperatingnet": -25000000,
        "othernonoperatingincomeexpense": 22000000,
        "incomelossfromcontinuingoperationsbeforeincometaxesextraordinaryitemsnoncontrollinginterest": 277000000,
        "incometaxexpensebenefit": 94000000,
        "profitloss": 183000000,
        "netincomelossattributabletononcontrollinginterest": 27000000,
        "netincomeloss": 156000000,
        "earningspersharebasic": 0.27,
        "earningspersharediluted": 0.27,
        "othercomprehensiveincomelossforeigncurrencytransactionandtranslationadjustmentnetoftax": 215000000,
        "othercomprehensiveincomelosscashflowhedgegainlossafterreclassificationandtax": -17000000,
        "othercomprehensiveincomelosspensionandotherpostretirementbenefitplansadjustmentnetoftax": 2000000,
        "othercomprehensiveincomelossnetoftax": 196000000,
        "comprehensiveincomenetoftaxincludingportionattributabletononcontrollinginterest": 379000000,
        "othercomprehensiveincomelossnetoftaxportionattributabletononcontrollinginterest": 49000000,
        "comprehensiveincomenetoftax": 303000000,
        "othercomprehensiveincomelosscashflowhedgegainlossafterreclassificationtax": -6000000,
        "othercomprehensiveincomelosspensionandotherpostretirementbenefitplanstax": -1000000
    },
    {
        "date": "2023-09-29",
        "symbol": "NWS",
        "period": "Q1",
        "revenuefromcontractwithcustomerexcludingassessedtax": 1129000000,
        "revenues": 2499000000,
        "operatingcostsandexpenses": 1273000000,
        "sellinggeneralandadministrativeexpense": 862000000,
        "depreciationandamortization": 171000000,
        "restructuringsettlementandimpairmentprovisions": 38000000,
        "incomelossfromequitymethodinvestments": -2000000,
        "interestincomeexpensenonoperatingnet": -23000000,
        "othernonoperatingincomeexpense": -35000000,
        "incomelossfromcontinuingoperationsbeforeincometaxesextraordinaryitemsnoncontrollinginterest": 95000000,
        "incometaxexpensebenefit": 37000000,
        "profitloss": 58000000,
        "netincomelossattributabletononcontrollinginterest": 28000000,
        "netincomeloss": 30000000,
        "earningspersharebasic": 0.05,
        "earningspersharediluted": 0.05,
        "othercomprehensiveincomelossforeigncurrencytransactionandtranslationadjustmentnetoftax": -145000000,
        "othercomprehensiveincomelosscashflowhedgegainlossafterreclassificationandtax": -1000000,
        "othercomprehensiveincomelosspensionandotherpostretirementbenefitplansadjustmentnetoftax": -15000000,
        "othercomprehensiveincomelossnetoftax": -131000000,
        "comprehensiveincomenetoftaxincludingportionattributabletononcontrollinginterest": -73000000,
        "othercomprehensiveincomelossnetoftaxportionattributabletononcontrollinginterest": -31000000,
        "comprehensiveincomenetoftax": -70000000,
        "othercomprehensiveincomelosscashflowhedgegainlossafterreclassificationtax": 1000000,
        "othercomprehensiveincomelosspensionandotherpostretirementbenefitplanstax": 5000000
    },
    {
        "date": "2023-03-30",
        "symbol": "NWS",
        "period": "Q3",
        "revenuefromcontractwithcustomerexcludingassessedtax": 1680000000,
        "operatingcostsandexpenses": 1286000000,
        "sellinggeneralandadministrativeexpense": 841000000,
        "depreciationandamortization": 183000000,
        "restructuringsettlementandimpairmentprovisions": 25000000,
        "incomelossfromequitymethodinvestments": -10000000,
        "interestincomeexpensenonoperatingnet": -25000000,
        "othernonoperatingincomeexpense": 14000000,
        "incomelossfromcontinuingoperationsbeforeincometaxesextraordinaryitemsnoncontrollinginterest": 91000000,
        "incometaxexpensebenefit": 32000000,
        "profitloss": 99000000,
        "netincomelossattributabletononcontrollinginterest": 9000000,
        "netincomeloss": 50000000,
        "earningspersharebasic": 0.08000000000000002,
        "earningspersharediluted": 0.08000000000000002,
        "othercomprehensiveincomelossforeigncurrencytransactionandtranslationadjustmentnetoftax": -33000000,
        "othercomprehensiveincomelosscashflowhedgegainlossafterreclassificationandtax": -8000000,
        "othercomprehensiveincomelosspensionandotherpostretirementbenefitplansadjustmentnetoftax": 0,
        "othercomprehensiveincomelossnetoftax": -236000000,
        "comprehensiveincomenetoftaxincludingportionattributabletononcontrollinginterest": 18000000,
        "othercomprehensiveincomelossnetoftaxportionattributabletononcontrollinginterest": -17000000,
        "comprehensiveincomenetoftax": 26000000,
        "othercomprehensiveincomelosscashflowhedgegainlossafterreclassificationtax": -2000000,
        "othercomprehensiveincomelosspensionandotherpostretirementbenefitplanstax": 0
    },
    {
        "date": "2022-12-30",
        "symbol": "NWS",
        "period": "Q2",
        "revenuefromcontractwithcustomerexcludingassessedtax": 1085000000,
        "operatingcostsandexpenses": 1294000000,
        "sellinggeneralandadministrativeexpense": 818000000,
        "depreciationandamortization": 174000000,
        "restructuringsettlementandimpairmentprovisions": 19000000,
        "incomelossfromequitymethodinvestments": -29000000,
        "interestincomeexpensenonoperatingnet": -26000000,
        "othernonoperatingincomeexpense": -6000000,
        "incomelossfromcontinuingoperationsbeforeincometaxesextraordinaryitemsnoncontrollinginterest": 155000000,
        "incometaxexpensebenefit": 61000000,
        "profitloss": 94000000,
        "netincomelossattributabletononcontrollinginterest": 27000000,
        "netincomeloss": 67000000,
        "earningspersharebasic": 0.12,
        "earningspersharediluted": 0.12,
        "othercomprehensiveincomelossforeigncurrencytransactionandtranslationadjustmentnetoftax": 279000000,
        "othercomprehensiveincomelosscashflowhedgegainlossafterreclassificationandtax": -4000000,
        "othercomprehensiveincomelosspensionandotherpostretirementbenefitplansadjustmentnetoftax": 6000000,
        "othercomprehensiveincomelossnetoftax": 269000000,
        "comprehensiveincomenetoftaxincludingportionattributabletononcontrollinginterest": 363000000,
        "othercomprehensiveincomelossnetoftaxportionattributabletononcontrollinginterest": 59000000,
        "comprehensiveincomenetoftax": 277000000,
        "othercomprehensiveincomelosscashflowhedgegainlossafterreclassificationtax": -2000000,
        "othercomprehensiveincomelosspensionandotherpostretirementbenefitplanstax": 3000000
    },
    {
        "date": "2022-09-29",
        "symbol": "NWS",
        "period": "Q1",
        "revenuefromcontractwithcustomerexcludingassessedtax": 553000000,
        "operatingcostsandexpenses": 1273000000,
        "sellinggeneralandadministrativeexpense": 855000000,
        "depreciationandamortization": 179000000,
        "restructuringsettlementandimpairmentprovisions": 21000000,
        "incomelossfromequitymethodinvestments": -4000000,
        "interestincomeexpensenonoperatingnet": -27000000,
        "othernonoperatingincomeexpense": -18000000,
        "incomelossfromcontinuingoperationsbeforeincometaxesextraordinaryitemsnoncontrollinginterest": 101000000,
        "incometaxexpensebenefit": 35000000,
        "profitloss": 26000000,
        "netincomelossattributabletononcontrollinginterest": 26000000,
        "netincomeloss": 40000000,
        "earningspersharebasic": 0.07,
        "earningspersharediluted": 0.07,
        "othercomprehensiveincomelossforeigncurrencytransactionandtranslationadjustmentnetoftax": -280000000,
        "othercomprehensiveincomelosscashflowhedgegainlossafterreclassificationandtax": 17000000,
        "othercomprehensiveincomelosspensionandotherpostretirementbenefitplansadjustmentnetoftax": -12000000,
        "othercomprehensiveincomelossnetoftax": -56000000,
        "comprehensiveincomenetoftaxincludingportionattributabletononcontrollinginterest": -185000000,
        "othercomprehensiveincomelossnetoftaxportionattributabletononcontrollinginterest": -56000000,
        "comprehensiveincomenetoftax": -155000000,
        "othercomprehensiveincomelosscashflowhedgegainlossafterreclassificationtax": 6000000,
        "othercomprehensiveincomelosspensionandotherpostretirementbenefitplanstax": -4000000
    },
    {
        "date": "2022-03-30",
        "symbol": "NWS",
        "period": "Q3",
        "revenuefromcontractwithcustomerexcludingassessedtax": 1099000000,
        "operatingcostsandexpenses": 1246000000,
        "sellinggeneralandadministrativeexpense": 888000000,
        "depreciationandamortization": 172000000,
        "restructuringsettlementandimpairmentprovisions": 37000000,
        "interestincomeexpensenonoperatingnet": -25000000,
        "othernonoperatingincomeexpense": 13000000,
        "incomelossfromcontinuingoperationsbeforeincometaxesextraordinaryitemsnoncontrollinginterest": 133000000,
        "incometaxexpensebenefit": 29000000,
        "profitloss": 104000000,
        "netincomelossattributabletononcontrollinginterest": 22000000,
        "netincomeloss": 82000000,
        "earningspersharebasic": 0.14,
        "earningspersharediluted": 0.14,
        "othercomprehensiveincomelossforeigncurrencytransactionandtranslationadjustmentnetoftax": 111000000,
        "othercomprehensiveincomelosscashflowhedgegainlossafterreclassificationandtax": 7000000,
        "othercomprehensiveincomelosspensionandotherpostretirementbenefitplansadjustmentnetoftax": -5000000,
        "othercomprehensiveincomelossnetoftax": 123000000,
        "comprehensiveincomenetoftaxincludingportionattributabletononcontrollinginterest": 227000000,
        "comprehensiveincomenetoftax": 170000000,
        "othercomprehensiveincomelosspensionandotherpostretirementbenefitplanstax": -1000000
    },
    {
        "date": "2021-12-30",
        "symbol": "NWS",
        "period": "Q2",
        "revenuefromcontractwithcustomerexcludingassessedtax": 1573000000,
        "operatingcostsandexpenses": 1279000000,
        "sellinggeneralandadministrativeexpense": 852000000,
        "depreciationandamortization": 168000000,
        "restructuringsettlementandimpairmentprovisions": 23000000,
        "interestincomeexpensenonoperatingnet": -21000000,
        "othernonoperatingincomeexpense": -7000000,
        "incomelossfromcontinuingoperationsbeforeincometaxesextraordinaryitemsnoncontrollinginterest": 361000000,
        "incometaxexpensebenefit": 99000000,
        "profitloss": 458000000,
        "netincomelossattributabletononcontrollinginterest": 27000000,
        "netincomeloss": 235000000,
        "earningspersharebasic": 0.39999999999999997,
        "earningspersharediluted": 0.38999999999999996,
        "othercomprehensiveincomelossforeigncurrencytransactionandtranslationadjustmentnetoftax": -36000000,
        "othercomprehensiveincomelosscashflowhedgegainlossafterreclassificationandtax": 1000000,
        "othercomprehensiveincomelosspensionandotherpostretirementbenefitplansadjustmentnetoftax": -7000000,
        "othercomprehensiveincomelossnetoftax": -148000000,
        "comprehensiveincomenetoftaxincludingportionattributabletononcontrollinginterest": 234000000,
        "othercomprehensiveincomelossnetoftaxportionattributabletononcontrollinginterest": 0,
        "comprehensiveincomenetoftax": 207000000,
        "othercomprehensiveincomelosspensionandotherpostretirementbenefitplanstax": -2000000
    },
    {
        "date": "2021-09-29",
        "symbol": "NWS",
        "period": "Q1",
        "revenuefromcontractwithcustomerexcludingassessedtax": 576000000,
        "operatingcostsandexpenses": 1244000000,
        "sellinggeneralandadministrativeexpense": 848000000,
        "depreciationandamortization": 165000000,
        "restructuringsettlementandimpairmentprovisions": 22000000,
        "interestincomeexpensenonoperatingnet": -22000000,
        "othernonoperatingincomeexpense": 137000000,
        "incomelossfromcontinuingoperationsbeforeincometaxesextraordinaryitemsnoncontrollinginterest": 338000000,
        "incometaxexpensebenefit": 71000000,
        "profitloss": 71000000,
        "netincomelossattributabletononcontrollinginterest": 71000000,
        "netincomeloss": 196000000,
        "earningspersharebasic": 0.33,
        "earningspersharediluted": 0.33,
        "othercomprehensiveincomelossforeigncurrencytransactionandtranslationadjustmentnetoftax": -164000000,
        "othercomprehensiveincomelosscashflowhedgegainlossafterreclassificationandtax": 1000000,
        "othercomprehensiveincomelosspensionandotherpostretirementbenefitplansadjustmentnetoftax": -5000000,
        "othercomprehensiveincomelossnetoftax": -38000000,
        "comprehensiveincomenetoftaxincludingportionattributabletononcontrollinginterest": 109000000,
        "othercomprehensiveincomelossnetoftaxportionattributabletononcontrollinginterest": -38000000,
        "comprehensiveincomenetoftax": 76000000,
        "othercomprehensiveincomelosspensionandotherpostretirementbenefitplanstax": -2000000
    },
    {
        "date": "2021-06-29",
        "symbol": "NWS",
        "period": "Q4",
        "revenuefromcontractwithcustomerexcludingassessedtax": 583000000,
        "operatingcostsandexpenses": 1283000000,
        "sellinggeneralandadministrativeexpense": 999000000,
        "depreciationandamortization": 176000000,
        "restructuringsettlementandimpairmentprovisions": 75000000,
        "incomelossfromequitymethodinvestments": -56000000,
        "interestincomeexpensenonoperatingnet": -21000000,
        "othernonoperatingincomeexpense": 11000000,
        "incomelossfromcontinuingoperationsbeforeincometaxesextraordinaryitemsnoncontrollinginterest": -107000000,
        "incometaxexpensebenefit": -92000000,
        "profitloss": -49000000,
        "netincomelossattributabletononcontrollinginterest": -1000000,
        "netincomeloss": -14000000,
        "othercomprehensiveincomelossforeigncurrencytransactionandtranslationadjustmentnetoftax": 18000000,
        "othercomprehensiveincomelosspensionandotherpostretirementbenefitplansadjustmentnetoftax": 0,
        "othercomprehensiveincomelossnetoftax": -78000000,
        "comprehensiveincomenetoftaxincludingportionattributabletononcontrollinginterest": 3000000,
        "othercomprehensiveincomelossnetoftaxportionattributabletononcontrollinginterest": -6000000,
        "comprehensiveincomenetoftax": 10000000
    },
    {
        "date": "2021-03-30",
        "symbol": "NWS",
        "period": "Q3",
        "revenuefromcontractwithcustomerexcludingassessedtax": 1076000000,
        "operatingcostsandexpenses": 1186000000,
        "sellinggeneralandadministrativeexpense": 851000000,
        "depreciationandamortization": 173000000,
        "restructuringsettlementandimpairmentprovisions": 30000000,
        "incomelossfromequitymethodinvestments": -5000000,
        "interestincomeexpensenonoperatingnet": -12000000,
        "othernonoperatingincomeexpense": 61000000,
        "incomelossfromcontinuingoperationsbeforeincometaxesextraordinaryitemsnoncontrollinginterest": 139000000,
        "incometaxexpensebenefit": 43000000,
        "profitloss": 96000000,
        "netincomelossattributabletononcontrollinginterest": 17000000,
        "netincomeloss": 79000000,
        "othercomprehensiveincomelossforeigncurrencytransactionandtranslationadjustmentnetoftax": 28000000,
        "othercomprehensiveincomelosspensionandotherpostretirementbenefitplansadjustmentnetoftax": -1000000,
        "othercomprehensiveincomelossnetoftax": 29000000,
        "comprehensiveincomenetoftaxincludingportionattributabletononcontrollinginterest": 125000000,
        "othercomprehensiveincomelossnetoftaxportionattributabletononcontrollinginterest": 4000000,
        "comprehensiveincomenetoftax": 104000000
    },
    {
        "date": "2020-12-30",
        "symbol": "NWS",
        "period": "Q2",
        "revenuefromcontractwithcustomerexcludingassessedtax": 1030000000,
        "operatingcostsandexpenses": 1198000000,
        "sellinggeneralandadministrativeexpense": 719000000,
        "depreciationandamortization": 167000000,
        "restructuringsettlementandimpairmentprovisions": 23000000,
        "incomelossfromequitymethodinvestments": -3000000,
        "interestincomeexpensenonoperatingnet": -12000000,
        "othernonoperatingincomeexpense": 54000000,
        "incomelossfromcontinuingoperationsbeforeincometaxesextraordinaryitemsnoncontrollinginterest": 346000000,
        "incometaxexpensebenefit": 85000000,
        "profitloss": 261000000,
        "netincomelossattributabletononcontrollinginterest": 30000000,
        "netincomeloss": 231000000,
        "earningspersharebasic": 0.39,
        "earningspersharediluted": 0.39,
        "othercomprehensiveincomelossforeigncurrencytransactionandtranslationadjustmentnetoftax": 315000000,
        "othercomprehensiveincomelosspensionandotherpostretirementbenefitplansadjustmentnetoftax": 7000000,
        "othercomprehensiveincomelossnetoftax": 308000000,
        "comprehensiveincomenetoftaxincludingportionattributabletononcontrollinginterest": 569000000,
        "othercomprehensiveincomelossnetoftaxportionattributabletononcontrollinginterest": 63000000,
        "comprehensiveincomenetoftax": 476000000,
        "othercomprehensiveincomelosspensionandotherpostretirementbenefitplanstax": -3000000
    },
    {
        "date": "2020-09-29",
        "symbol": "NWS",
        "period": "Q1",
        "revenuefromcontractwithcustomerexcludingassessedtax": 1002000000,
        "operatingcostsandexpenses": 1164000000,
        "sellinggeneralandadministrativeexpense": 685000000,
        "depreciationandamortization": 164000000,
        "restructuringsettlementandimpairmentprovisions": 40000000,
        "incomelossfromequitymethodinvestments": -1000000,
        "interestincomeexpensenonoperatingnet": -8000000,
        "othernonoperatingincomeexpense": 17000000,
        "incomelossfromcontinuingoperationsbeforeincometaxesextraordinaryitemsnoncontrollinginterest": 72000000,
        "incometaxexpensebenefit": 25000000,
        "profitloss": 47000000,
        "netincomelossattributabletononcontrollinginterest": 13000000,
        "netincomeloss": 34000000,
        "earningspersharebasicanddiluted": 0.06,
        "othercomprehensiveincomelossforeigncurrencytransactionandtranslationadjustmentnetoftax": 107000000,
        "othercomprehensiveincomelosscashflowhedgegainlossafterreclassificationandtax": -2000000,
        "othercomprehensiveincomelosspensionandotherpostretirementbenefitplansadjustmentnetoftax": -8000000,
        "othercomprehensiveincomelossnetoftax": 113000000,
        "comprehensiveincomenetoftaxincludingportionattributabletononcontrollinginterest": 160000000,
        "othercomprehensiveincomelossnetoftaxportionattributabletononcontrollinginterest": 17000000,
        "comprehensiveincomenetoftax": 130000000,
        "othercomprehensiveincomelosspensionandotherpostretirementbenefitplanstax": -3000000
    },
    {
        "date": "2020-06-29",
        "symbol": "NWS",
        "period": "Q4",
        "revenuefromcontractwithcustomerexcludingassessedtax": 183000000,
        "operatingcostsandexpenses": 1032000000,
        "sellinggeneralandadministrativeexpense": 696000000,
        "depreciationandamortization": 160000000,
        "restructuringsettlementandimpairmentprovisions": 379000000,
        "incomelossfromequitymethodinvestments": -35000000,
        "interestincomeexpensenonoperatingnet": -12000000,
        "othernonoperatingincomeexpense": -10000000,
        "incomelossfromcontinuingoperationsbeforeincometaxesextraordinaryitemsnoncontrollinginterest": -401000000,
        "incometaxexpensebenefit": 0,
        "profitloss": -174000000,
        "netincomelossattributabletononcontrollinginterest": -4000000,
        "netincomeloss": -397000000,
        "othercomprehensiveincomelossforeigncurrencytransactionandtranslationadjustmentnetoftax": 270000000,
        "othercomprehensiveincomelosspensionandotherpostretirementbenefitplansadjustmentnetoftax": 55000000,
        "othercomprehensiveincomelossnetoftax": 354000000,
        "comprehensiveincomenetoftaxincludingportionattributabletononcontrollinginterest": -190000000,
        "othercomprehensiveincomelossnetoftaxportionattributabletononcontrollinginterest": 75000000,
        "comprehensiveincomenetoftax": -261000000,
        "othercomprehensiveincomelosscashflowhedgegainlossafterreclassificationtax": -3000000,
        "othercomprehensiveincomelosspensionandotherpostretirementbenefitplanstax": 15000000
    },
    {
        "date": "2020-03-30",
        "symbol": "NWS",
        "period": "Q3",
        "revenuefromcontractwithcustomerexcludingassessedtax": 966000000,
        "operatingcostsandexpenses": 1281000000,
        "sellinggeneralandadministrativeexpense": 743000000,
        "depreciationandamortization": 160000000,
        "restructuringsettlementandimpairmentprovisions": 1125000000,
        "incomelossfromequitymethodinvestments": -7000000,
        "interestincomeexpensenonoperatingnet": -9000000,
        "othernonoperatingincomeexpense": 13000000,
        "incomelossfromcontinuingoperationsbeforeincometaxesextraordinaryitemsnoncontrollinginterest": -1046000000,
        "incometaxexpensebenefit": -10000000,
        "profitloss": -1036000000,
        "netincomelossattributabletononcontrollinginterest": -306000000,
        "netincomeloss": -730000000,
        "earningspersharebasicanddiluted": -1.24,
        "othercomprehensiveincomelossforeigncurrencytransactionandtranslationadjustmentnetoftax": -484000000,
        "othercomprehensiveincomelosscashflowhedgegainlossafterreclassificationandtax": 9000000,
        "othercomprehensiveincomelosspensionandotherpostretirementbenefitplansadjustmentnetoftax": -15000000,
        "othercomprehensiveincomelossnetoftax": -460000000,
        "comprehensiveincomenetoftaxincludingportionattributabletononcontrollinginterest": -1496000000,
        "othercomprehensiveincomelossnetoftaxportionattributabletononcontrollinginterest": -109000000,
        "comprehensiveincomenetoftax": -1081000000,
        "othercomprehensiveincomelosscashflowhedgegainlossafterreclassificationtax": 3000000,
        "othercomprehensiveincomelosspensionandotherpostretirementbenefitplanstax": -5000000
    },
    {
        "date": "2019-12-30",
        "symbol": "NWS",
        "period": "Q2",
        "revenuefromcontractwithcustomerexcludingassessedtax": 1713000000,
        "operatingcostsandexpenses": 1350000000,
        "sellinggeneralandadministrativeexpense": 774000000,
        "depreciationandamortization": 162000000,
        "restructuringsettlementandimpairmentprovisions": 29000000,
        "incomelossfromequitymethodinvestments": -3000000,
        "interestincomeexpensenonoperatingnet": -8000000,
        "othernonoperatingincomeexpense": 2000000,
        "incomelossfromcontinuingoperationsbeforeincometaxesextraordinaryitemsnoncontrollinginterest": 155000000,
        "incometaxexpensebenefit": 52000000,
        "profitloss": -124000000,
        "netincomelossattributabletononcontrollinginterest": 18000000,
        "netincomeloss": 85000000,
        "othercomprehensiveincomelossforeigncurrencytransactionandtranslationadjustmentnetoftax": 199000000,
        "othercomprehensiveincomelosscashflowhedgegainlossafterreclassificationandtax": 0,
        "othercomprehensiveincomelosspensionandotherpostretirementbenefitplansadjustmentnetoftax": 13000000,
        "othercomprehensiveincomelossnetoftax": 43000000,
        "comprehensiveincomenetoftaxincludingportionattributabletononcontrollinginterest": 289000000,
        "othercomprehensiveincomelossnetoftaxportionattributabletononcontrollinginterest": 36000000,
        "comprehensiveincomenetoftax": 235000000,
        "othercomprehensiveincomelosscashflowhedgegainlossafterreclassificationtax": -6000000,
        "othercomprehensiveincomelosspensionandotherpostretirementbenefitplanstax": 4000000
    },
    {
        "date": "2019-09-29",
        "symbol": "NWS",
        "period": "Q1",
        "revenuefromcontractwithcustomerexcludingassessedtax": 995000000,
        "operatingcostsandexpenses": 1337000000,
        "sellinggeneralandadministrativeexpense": 782000000,
        "depreciationandamortization": 162000000,
        "restructuringsettlementandimpairmentprovisions": 297000000,
        "incomelossfromequitymethodinvestments": -2000000,
        "interestincomeexpensenonoperatingnet": 4000000,
        "othernonoperatingincomeexpense": 4000000,
        "incomelossfromcontinuingoperationsbeforeincometaxesextraordinaryitemsnoncontrollinginterest": -232000000,
        "incometaxexpensebenefit": -21000000,
        "profitloss": -211000000,
        "netincomelossattributabletononcontrollinginterest": 16000000,
        "netincomeloss": -227000000,
        "earningspersharebasicanddiluted": -0.39,
        "othercomprehensiveincomelossforeigncurrencytransactionandtranslationadjustmentnetoftax": -185000000,
        "othercomprehensiveincomelosscashflowhedgegainlossafterreclassificationandtax": -14000000,
        "othercomprehensiveincomelosspensionandotherpostretirementbenefitplansadjustmentnetoftax": -11000000,
        "othercomprehensiveincomelossnetoftax": -188000000,
        "comprehensiveincomenetoftaxincludingportionattributabletononcontrollinginterest": -399000000,
        "othercomprehensiveincomelossnetoftaxportionattributabletononcontrollinginterest": -45000000,
        "comprehensiveincomenetoftax": -370000000,
        "othercomprehensiveincomelosscashflowhedgegainlossafterreclassificationtax": 3000000,
        "othercomprehensiveincomelosspensionandotherpostretirementbenefitplanstax": -3000000
    },
    {
        "date": "2019-03-30",
        "symbol": "NWS",
        "period": "Q3",
        "revenuefromcontractwithcustomerexcludingassessedtax": -85000000,
        "operatingcostsandexpenses": 1400000000,
        "sellinggeneralandadministrativeexpense": 810000000,
        "depreciationandamortization": 168000000,
        "restructuringsettlementandimpairmentprovisions": 34000000,
        "incomelossfromequitymethodinvestments": -4000000,
        "interestincomeexpensenonoperatingnet": -14000000,
        "othernonoperatingincomeexpense": 3000000,
        "incomelossfromcontinuingoperationsbeforeincometaxesextraordinaryitemsnoncontrollinginterest": 30000000,
        "incometaxexpensebenefit": 7000000,
        "profitloss": 13000000,
        "netincomelossattributabletononcontrollinginterest": 13000000,
        "netincomeloss": 10000000,
        "othercomprehensiveincomelossforeigncurrencytransactionandtranslationadjustmentnetoftax": 75000000,
        "othercomprehensiveincomelosspensionandotherpostretirementbenefitplansadjustmentnetoftax": 3000000,
        "othercomprehensiveincomelossnetoftax": 10000000,
        "comprehensiveincomenetoftaxincludingportionattributabletononcontrollinginterest": 90000000,
        "othercomprehensiveincomelossnetoftaxportionattributabletononcontrollinginterest": 10000000,
        "comprehensiveincomenetoftax": 67000000,
        "othercomprehensiveincomelosspensionandotherpostretirementbenefitplanstax": 1000000
    },
    {
        "date": "2018-12-30",
        "symbol": "NWS",
        "period": "Q2",
        "revenuefromcontractwithcustomerexcludingassessedtax": -564000000,
        "operatingcostsandexpenses": 1484000000,
        "sellinggeneralandadministrativeexpense": 773000000,
        "depreciationandamortization": 163000000,
        "restructuringsettlementandimpairmentprovisions": 19000000,
        "incomelossfromequitymethodinvestments": -6000000,
        "interestincomeexpensenonoperatingnet": -15000000,
        "othernonoperatingincomeexpense": 7000000,
        "incomelossfromcontinuingoperationsbeforeincometaxesextraordinaryitemsnoncontrollinginterest": 174000000,
        "incometaxexpensebenefit": 55000000,
        "profitloss": -77000000,
        "netincomelossattributabletononcontrollinginterest": 24000000,
        "netincomeloss": 191000000,
        "othercomprehensiveincomelossforeigncurrencytransactionandtranslationadjustmentnetoftax": -147000000,
        "othercomprehensiveincomelosspensionandotherpostretirementbenefitplansadjustmentnetoftax": -8000000,
        "othercomprehensiveincomelossnetoftax": 47000000,
        "comprehensiveincomenetoftaxincludingportionattributabletononcontrollinginterest": -15000000,
        "othercomprehensiveincomelossnetoftaxportionattributabletononcontrollinginterest": -28000000,
        "comprehensiveincomenetoftax": -11000000,
        "othercomprehensiveincomelosspensionandotherpostretirementbenefitplanstax": -2000000
    },
    {
        "date": "2018-09-29",
        "symbol": "NWS",
        "period": "Q1",
        "revenuefromcontractwithcustomerexcludingassessedtax": 565000000,
        "operatingcostsandexpenses": 1340000000,
        "sellinggeneralandadministrativeexpense": 826000000,
        "depreciationandamortization": 163000000,
        "restructuringsettlementandimpairmentprovisions": 18000000,
        "incomelossfromequitymethodinvestments": -3000000,
        "interestincomeexpensenonoperatingnet": -16000000,
        "othernonoperatingincomeexpense": 20000000,
        "incomelossfromcontinuingoperationsbeforeincometaxesextraordinaryitemsnoncontrollinginterest": 178000000,
        "incometaxexpensebenefit": 50000000,
        "profitloss": 128000000,
        "netincomelossattributabletononcontrollinginterest": 27000000,
        "netincomeloss": 5000000,
        "earningspersharebasicanddiluted": 0.17,
        "commonstockdividendspersharedeclared": 0.1,
        "othercomprehensiveincomelossforeigncurrencytransactionandtranslationadjustmentnetoftax": -110000000,
        "othercomprehensiveincomelossderivativesqualifyingashedgesnetoftax": 2000000,
        "othercomprehensiveincomelosspensionandotherpostretirementbenefitplansadjustmentnetoftax": -5000000,
        "othercomprehensiveincomelossnetoftax": -103000000,
        "comprehensiveincomenetoftaxincludingportionattributabletononcontrollinginterest": 25000000,
        "othercomprehensiveincomelossnetoftaxportionattributabletononcontrollinginterest": -28000000,
        "comprehensiveincomenetoftax": 26000000,
        "othercomprehensiveincomelossderivativesqualifyingashedgestax": 1000000,
        "othercomprehensiveincomelosspensionandotherpostretirementbenefitplanstax": -1000000
    },
    {
        "date": "2018-03-30",
        "symbol": "NWS",
        "period": "Q3",
        "advertisingrevenue": 687000000,
        "subscriptionrevenue": 659000000,
        "consumerrevenue": 381000000,
        "realestaterevenue": 208000000,
        "othersalesrevenuenet": 158000000,
        "salesrevenuenet": 1286000000,
        "operatingcostsandexpenses": 1151000000,
        "sellinggeneralandadministrativeexpense": 760000000,
        "depreciationandamortization": 100000000,
        "incomelossfromequitymethodinvestments": -4000000,
        "interestincomeexpensenonoperatingnet": 2000000,
        "othernonoperatingincomeexpense": 29000000,
        "incomelossfromcontinuingoperationsbeforeincometaxesextraordinaryitemsnoncontrollinginterest": -1107000000,
        "incometaxexpensebenefit": 3000000,
        "profitloss": -1125000000,
        "netincomelossattributabletononcontrollinginterest": 18000000,
        "netincomeloss": -1128000000,
        "earningspersharebasicanddiluted": -1.9300000000000002,
        "othercomprehensiveincomeunrealizedholdinggainlossonsecuritiesarisingduringperiodnetoftax": 0,
        "othercomprehensiveincomelosspensionandotherpostretirementbenefitplansadjustmentnetoftax": 9000000,
        "othercomprehensiveincomelossnetoftax": 133000000,
        "comprehensiveincomenetoftaxincludingportionattributabletononcontrollinginterest": -1109000000,
        "othercomprehensiveincomelossnetoftaxportionattributabletononcontrollinginterest": -2000000,
        "comprehensiveincomenetoftax": -1125000000,
        "othercomprehensiveincomeunrealizedholdinggainlossonsecuritiesarisingduringperiodtax": 1000000
    },
    {
        "date": "2017-12-30",
        "symbol": "NWS",
        "period": "Q2",
        "advertisingrevenue": 702000000,
        "subscriptionrevenue": 637000000,
        "consumerrevenue": 453000000,
        "realestaterevenue": 222000000,
        "othersalesrevenuenet": 166000000,
        "salesrevenuenet": 1298000000,
        "operatingcostsandexpenses": 1139000000,
        "sellinggeneralandadministrativeexpense": 1329000000,
        "depreciationandamortization": 100000000,
        "incomelossfromequitymethodinvestments": -19000000,
        "interestincomeexpensenonoperatingnet": 1000000,
        "othernonoperatingincomeexpense": -31000000,
        "incomelossfromcontinuingoperationsbeforeincometaxesextraordinaryitemsnoncontrollinginterest": 169000000,
        "incometaxexpensebenefit": 235000000,
        "profitloss": 17000000,
        "netincomelossattributabletononcontrollinginterest": 17000000,
        "netincomeloss": -83000000,
        "earningspersharebasicanddiluted": -0.15,
        "commonstockdividendspersharedeclared": 0,
        "othercomprehensiveincomelossforeigncurrencytransactionandtranslationadjustmentnetoftax": 0,
        "othercomprehensiveincomeunrealizedholdinggainlossonsecuritiesarisingduringperiodnetoftax": 18000000,
        "othercomprehensiveincomelosspensionandotherpostretirementbenefitplansadjustmentnetoftax": -1000000,
        "othercomprehensiveincomelossfromequityaffiliatesnetoftax": 0,
        "othercomprehensiveincomelossnetoftax": -1000000,
        "comprehensiveincomenetoftaxincludingportionattributabletononcontrollinginterest": -47000000,
        "othercomprehensiveincomelossnetoftaxportionattributabletononcontrollinginterest": -1000000,
        "comprehensiveincomenetoftax": -63000000,
        "othercomprehensiveincomeunrealizedholdinggainlossonsecuritiesarisingduringperiodtax": -4000000,
        "othercomprehensiveincomelosspensionandotherpostretirementbenefitplanstax": 0
    },
    {
        "date": "2017-09-29",
        "symbol": "NWS",
        "period": "Q1",
        "advertisingrevenue": 670000000,
        "subscriptionrevenue": 651000000,
        "consumerrevenue": 386000000,
        "realestaterevenue": 203000000,
        "othersalesrevenuenet": 148000000,
        "salesrevenuenet": 1241000000,
        "operatingcostsandexpenses": 1149000000,
        "sellinggeneralandadministrativeexpense": 43000000,
        "depreciationandamortization": 97000000,
        "restructuringcharges": 15000000,
        "incomelossfromequitymethodinvestments": -5000000,
        "interestincomeexpensenonoperatingnet": 6000000,
        "othernonoperatingincomeexpense": 8000000,
        "incomelossfromcontinuingoperationsbeforeincometaxesextraordinaryitemsnoncontrollinginterest": 141000000,
        "incometaxexpensebenefit": 54000000,
        "profitloss": 19000000,
        "netincomelossattributabletononcontrollinginterest": 19000000,
        "netincomeloss": 68000000,
        "earningspersharebasicanddiluted": 0.12,
        "commonstockdividendspersharedeclared": 0.1,
        "othercomprehensiveincomelossforeigncurrencytransactionandtranslationadjustmentnetoftax": 134000000,
        "othercomprehensiveincomeunrealizedholdinggainlossonsecuritiesarisingduringperiodnetoftax": -13000000,
        "othercomprehensiveincomelosspensionandotherpostretirementbenefitplansadjustmentnetoftax": 6000000,
        "othercomprehensiveincomelossfromequityaffiliatesnetoftax": 1000000,
        "othercomprehensiveincomelossnetoftax": 4000000,
        "comprehensiveincomenetoftaxincludingportionattributabletononcontrollinginterest": 203000000,
        "othercomprehensiveincomelossnetoftaxportionattributabletononcontrollinginterest": 4000000,
        "comprehensiveincomenetoftax": 180000000,
        "othercomprehensiveincomeunrealizedholdinggainlossonsecuritiesarisingduringperiodtax": 6000000,
        "othercomprehensiveincomelosspensionandotherpostretirementbenefitplanstax": -2000000
    },
    {
        "date": "2017-03-30",
        "symbol": "NWS",
        "period": "Q3",
        "advertisingrevenue": 705000000,
        "subscriptionrevenue": 618000000,
        "consumerrevenue": 359000000,
        "othersalesrevenuenet": 128000000,
        "salesrevenuenet": 1263000000,
        "operatingcostsandexpenses": 1101000000,
        "sellinggeneralandadministrativeexpense": 2000000,
        "depreciationandamortization": 109000000,
        "incomelossfromequitymethodinvestments": -16000000,
        "interestincomeexpensenonoperatingnet": 8000000,
        "othernonoperatingincomeexpense": -13000000,
        "incomelossfromcontinuingoperationsbeforeincometaxesextraordinaryitemsnoncontrollinginterest": 45000000,
        "incometaxexpensebenefit": 45000000,
        "profitloss": 294000000,
        "netincomelossattributabletononcontrollinginterest": 5000000,
        "netincomeloss": -5000000,
        "incomelossfromcontinuingoperationsperbasicanddilutedshare": -2.7755575615628914e-17,
        "earningspersharebasicanddiluted": -2.7755575615628914e-17,
        "othercomprehensiveincomelossforeigncurrencytransactionandtranslationadjustmentnetoftax": 269000000,
        "othercomprehensiveincomeunrealizedholdinggainlossonsecuritiesarisingduringperiodnetoftax": -3000000,
        "othercomprehensiveincomelosspensionandotherpostretirementbenefitplansadjustmentnetoftax": 2000000,
        "othercomprehensiveincomelossfromequityaffiliatesnetoftax": -7000000,
        "othercomprehensiveincomelossnetoftax": 316000000,
        "comprehensiveincomenetoftaxincludingportionattributabletononcontrollinginterest": 257000000,
        "othercomprehensiveincomelossnetoftaxportionattributabletononcontrollinginterest": 14000000,
        "comprehensiveincomenetoftax": 238000000,
        "othercomprehensiveincomeunrealizedholdinggainlossonsecuritiesarisingduringperiodtax": 20000000,
        "othercomprehensiveincomelosspensionandotherpostretirementbenefitplanstax": -1000000,
        "othercomprehensiveincomelossfromequityaffiliatestaxexpensebenefit": -3000000
    },
    {
        "date": "2016-12-30",
        "symbol": "NWS",
        "period": "Q2",
        "advertisingrevenue": 748000000,
        "subscriptionrevenue": 595000000,
        "consumerrevenue": 450000000,
        "realestaterevenue": 185000000,
        "othersalesrevenuenet": 138000000,
        "salesrevenuenet": 1303000000,
        "operatingcostsandexpenses": 1126000000,
        "sellinggeneralandadministrativeexpense": 2000000,
        "depreciationandamortization": 120000000,
        "restructuringsettlementandimpairmentprovisions": 356000000,
        "incomelossfromequitymethodinvestments": -233000000,
        "interestincomeexpensenonoperatingnet": 15000000,
        "othernonoperatingincomeexpense": 123000000,
        "incomelossfromcontinuingoperationsbeforeincometaxesextraordinaryitemsnoncontrollinginterest": -251000000,
        "incometaxexpensebenefit": -32000000,
        "incomelossfromcontinuingoperationsincludingportionattributabletononcontrollinginterest": -219000000,
        "profitloss": -219000000,
        "netincomelossattributabletononcontrollinginterest": 70000000,
        "netincomeloss": -289000000,
        "incomelossfromcontinuingoperationsperbasicanddilutedshare": -0.5,
        "earningspersharebasicanddiluted": -0.5,
        "othercomprehensiveincomelossforeigncurrencytransactionandtranslationadjustmentnetoftax": -347000000,
        "othercomprehensiveincomeunrealizedholdinggainlossonsecuritiesarisingduringperiodnetoftax": 7000000,
        "othercomprehensiveincomelosspensionandotherpostretirementbenefitplansadjustmentnetoftax": -20000000,
        "othercomprehensiveincomelossfromequityaffiliatesnetoftax": 9000000,
        "othercomprehensiveincomelossnetoftax": -311000000,
        "comprehensiveincomenetoftaxincludingportionattributabletononcontrollinginterest": -530000000,
        "othercomprehensiveincomelossnetoftaxportionattributabletononcontrollinginterest": -9000000,
        "comprehensiveincomenetoftax": -591000000,
        "othercomprehensiveincomeunrealizedholdinggainlossonsecuritiesarisingduringperiodtax": -2000000,
        "othercomprehensiveincomelosspensionandotherpostretirementbenefitplanstax": 5000000,
        "othercomprehensiveincomelossfromequityaffiliatestaxexpensebenefit": 4000000
    },
    {
        "date": "2016-09-29",
        "symbol": "NWS",
        "period": "Q1",
        "advertisingrevenue": 670000000,
        "subscriptionrevenue": 621000000,
        "consumerrevenue": 374000000,
        "realestatelistingrevenue": 172000000,
        "othersalesrevenuenet": 128000000,
        "salesrevenuenet": 1222000000,
        "operatingcostsandexpenses": 1157000000,
        "sellinggeneralandadministrativeexpense": 2000000,
        "depreciationandamortization": 120000000,
        "restructuringcharges": 20000000,
        "incomelossfromequitymethodinvestments": -11000000,
        "interestincomeexpensenonoperatingnet": 7000000,
        "othernonoperatingincomeexpense": 17000000,
        "incomelossfromcontinuingoperationsbeforeincometaxesextraordinaryitemsnoncontrollinginterest": -1000000,
        "incometaxexpensebenefit": -1000000,
        "profitloss": 15000000,
        "netincomelossattributabletononcontrollinginterest": 15000000,
        "netincomeloss": -15000000,
        "incomelossfromcontinuingoperationsperbasicanddilutedshare": -0.03,
        "earningspersharebasicanddiluted": -0.03,
        "othercomprehensiveincomelossforeigncurrencytransactionandtranslationadjustmentnetoftax": 56000000,
        "othercomprehensiveincomeunrealizedholdinggainlossonsecuritiesarisingduringperiodnetoftax": -26000000,
        "othercomprehensiveincomelosspensionandotherpostretirementbenefitplansadjustmentnetoftax": -11000000,
        "othercomprehensiveincomelossfromequityaffiliatesnetoftax": 2000000,
        "othercomprehensiveincomelossnetoftax": 2000000,
        "comprehensiveincomenetoftaxincludingportionattributabletononcontrollinginterest": 43000000,
        "othercomprehensiveincomelossnetoftaxportionattributabletononcontrollinginterest": 2000000,
        "comprehensiveincomenetoftax": 26000000,
        "othercomprehensiveincomeunrealizedholdinggainlossonsecuritiesarisingduringperiodtax": -10000000,
        "othercomprehensiveincomelosspensionandotherpostretirementbenefitplanstax": 3000000,
        "othercomprehensiveincomelossfromequityaffiliatestaxexpensebenefit": 1000000
    },
    {
        "date": "2016-06-29",
        "symbol": "NWS",
        "period": "Q4",
        "advertisingrevenue": 972000000,
        "subscriptionrevenue": 694000000,
        "consumerrevenue": 414000000,
        "othersalesrevenuenet": 146000000,
        "salesrevenuenet": -68000000,
        "operatingcostsandexpenses": 1252000000,
        "sellinggeneralandadministrativeexpense": 4000000,
        "depreciationandamortization": -23000000,
        "incomelossfromequitymethodinvestments": -7000000,
        "interestincomeexpensenonoperatingnet": 9000000,
        "othernonoperatingincomeexpense": -14000000,
        "incomelossfromcontinuingoperationsbeforeincometaxesextraordinaryitemsnoncontrollinginterest": 200000000,
        "incometaxexpensebenefit": 110000000,
        "incomelossfromcontinuingoperationsincludingportionattributabletononcontrollinginterest": 114000000,
        "incomelossfromdiscontinuedoperationsnetoftax": -5000000,
        "profitloss": 52000000,
        "netincomelossattributabletononcontrollinginterest": 19000000,
        "netincomeloss": 90000000,
        "incomelossfromcontinuingoperationsperbasicanddilutedshare": 0.17,
        "earningspersharebasicanddiluted": 0.15000000000000008,
        "othercomprehensiveincomelossforeigncurrencytransactionandtranslationadjustmentnetoftax": 289000000,
        "othercomprehensiveincomeunrealizedholdinggainlossonsecuritiesarisingduringperiodnetoftax": 3000000,
        "othercomprehensiveincomelosspensionandotherpostretirementbenefitplansadjustmentnetoftax": 73000000,
        "othercomprehensiveincomelossfromequityaffiliatesnetoftax": -3000000,
        "othercomprehensiveincomelossnetoftax": -187000000,
        "comprehensiveincomenetoftaxincludingportionattributabletononcontrollinginterest": -72000000,
        "othercomprehensiveincomelossnetoftaxportionattributabletononcontrollinginterest": 0,
        "comprehensiveincomenetoftax": -91000000,
        "othercomprehensiveincomelosspensionandotherpostretirementbenefitplanstax": 4000000,
        "othercomprehensiveincomelossfromequityaffiliatestaxexpensebenefit": -1000000
    },
    {
        "date": "2016-03-30",
        "symbol": "NWS",
        "period": "Q3",
        "advertisingrevenue": 816000000,
        "subscriptionrevenue": 615000000,
        "consumerrevenue": 343000000,
        "othersalesrevenuenet": 117000000,
        "salesrevenuenet": 1231000000,
        "operatingcostsandexpenses": 1084000000,
        "sellinggeneralandadministrativeexpense": 3000000,
        "litigationsettlementexpense": 280000000,
        "depreciationandamortization": 126000000,
        "restructuringcharges": 24000000,
        "incomelossfromequitymethodinvestments": -2000000,
        "interestincomeexpensenonoperatingnet": 11000000,
        "othernonoperatingincomeexpense": 33000000,
        "incomelossfromcontinuingoperationsbeforeincometaxesextraordinaryitemsnoncontrollinginterest": -226000000,
        "incometaxexpensebenefit": -107000000,
        "incomelossfromcontinuingoperationsincludingportionattributabletononcontrollinginterest": -128000000,
        "incomelossfromdiscontinuedoperationsnetoftax": -2000000,
        "profitloss": -130000000,
        "netincomelossattributabletononcontrollinginterest": 19000000,
        "netincomeloss": -149000000,
        "incomelossfromcontinuingoperationsperbasicanddilutedshare": -0.26,
        "earningspersharebasicanddiluted": -0.26,
        "othercomprehensiveincomelossforeigncurrencytransactionandtranslationadjustmentnetoftax": 66000000,
        "othercomprehensiveincomeunrealizedholdinggainlossonsecuritiesarisingduringperiodnetoftax": 14000000,
        "othercomprehensiveincomelosspensionandotherpostretirementbenefitplansadjustmentnetoftax": -16000000,
        "othercomprehensiveincomelossfromequityaffiliatesnetoftax": -15000000,
        "othercomprehensiveincomelossnetoftax": 81000000,
        "comprehensiveincomenetoftaxincludingportionattributabletononcontrollinginterest": -49000000,
        "othercomprehensiveincomelossnetoftaxportionattributabletononcontrollinginterest": 3000000,
        "comprehensiveincomenetoftax": -71000000,
        "othercomprehensiveincomeunrealizedholdinggainlossonsecuritiesarisingduringperiodtax": 7000000,
        "othercomprehensiveincomelosspensionandotherpostretirementbenefitplanstax": 4000000,
        "othercomprehensiveincomelossfromequityaffiliatestaxexpensebenefit": -7000000
    },
    {
        "date": "2015-12-30",
        "symbol": "NWS",
        "period": "Q2",
        "advertisingrevenue": 976000000,
        "subscriptionrevenue": 621000000,
        "consumerrevenue": 429000000,
        "othersalesrevenuenet": 135000000,
        "salesrevenuenet": 2161000000,
        "operatingcostsandexpenses": 1193000000,
        "sellinggeneralandadministrativeexpense": 7000000,
        "depreciationandamortization": 123000000,
        "restructuringsettlementandimpairmentprovisions": 22000000,
        "incomelossfromequitymethodinvestments": 2000000,
        "interestincomeexpensenonoperatingnet": 11000000,
        "othernonoperatingincomeexpense": -6000000,
        "incomelossfromcontinuingoperationsbeforeincometaxesextraordinaryitemsnoncontrollinginterest": 155000000,
        "incometaxexpensebenefit": 49000000,
        "incomelossfromcontinuingoperationsincludingportionattributabletononcontrollinginterest": 106000000,
        "incomelossfromdiscontinuedoperationsnetoftax": -24000000,
        "profitloss": 82000000,
        "netincomelossattributabletononcontrollinginterest": 19000000,
        "netincomeloss": 63000000,
        "incomelossfromcontinuingoperationsperbasicanddilutedshare": 0.15,
        "incomelossfromdiscontinuedoperationsnetoftaxperbasicanddilutedshare": -0.04,
        "earningspersharebasicanddiluted": 0.11,
        "othercomprehensiveincomelossforeigncurrencytransactionandtranslationadjustmentnetoftax": 89000000,
        "othercomprehensiveincomeunrealizedholdinggainlossonsecuritiesarisingduringperiodnetoftax": 9000000,
        "othercomprehensiveincomelosspensionandotherpostretirementbenefitplansadjustmentnetoftax": -10000000,
        "othercomprehensiveincomelossfromequityaffiliatesnetoftax": -3000000,
        "othercomprehensiveincomelossnetoftax": 105000000,
        "comprehensiveincomenetoftaxincludingportionattributabletononcontrollinginterest": 187000000,
        "othercomprehensiveincomelossnetoftaxportionattributabletononcontrollinginterest": 3000000,
        "comprehensiveincomenetoftax": 165000000,
        "othercomprehensiveincomeunrealizedholdinggainlossonsecuritiesarisingduringperiodtax": 5000000,
        "othercomprehensiveincomelosspensionandotherpostretirementbenefitplanstax": 2000000,
        "othercomprehensiveincomelossfromequityaffiliatestaxexpensebenefit": -1000000
    },
    {
        "date": "2015-09-29",
        "symbol": "NWS",
        "period": "Q1",
        "advertisingrevenue": 880000000,
        "subscriptionrevenue": 639000000,
        "consumerrevenue": 392000000,
        "othersalesrevenuenet": 103000000,
        "salesrevenuenet": 2014000000,
        "operatingcostsandexpenses": 1199000000,
        "sellinggeneralandadministrativeexpense": 5000000,
        "depreciationandamortization": 121000000,
        "restructuringsettlementandimpairmentprovisions": 17000000,
        "incomelossfromequitymethodinvestments": -1000000,
        "interestincomeexpensenonoperatingnet": 12000000,
        "othernonoperatingincomeexpense": 5000000,
        "incomelossfromcontinuingoperationsbeforeincometaxesextraordinaryitemsnoncontrollinginterest": 52000000,
        "incometaxexpensebenefit": -106000000,
        "incomelossfromcontinuingoperationsincludingportionattributabletononcontrollinginterest": 143000000,
        "incomelossfromdiscontinuedoperationsnetoftax": 46000000,
        "profitloss": 175000000,
        "netincomelossattributabletononcontrollinginterest": 14000000,
        "netincomeloss": 175000000,
        "incomelossfromcontinuingoperationsperbasicanddilutedshare": 0.22,
        "incomelossfromdiscontinuedoperationsnetoftaxperbasicanddilutedshare": 0.08,
        "earningspersharebasicanddiluted": 0.3,
        "othercomprehensiveincomelossforeigncurrencytransactionandtranslationadjustmentnetoftax": -445000000,
        "othercomprehensiveincomeunrealizedholdinggainlossonsecuritiesarisingduringperiodnetoftax": -25000000,
        "othercomprehensiveincomelosspensionandotherpostretirementbenefitplansadjustmentnetoftax": -15000000,
        "othercomprehensiveincomelossfromequityaffiliatesnetoftax": 5000000,
        "othercomprehensiveincomelossnetoftax": -443000000,
        "comprehensiveincomenetoftaxincludingportionattributabletononcontrollinginterest": -261000000,
        "othercomprehensiveincomelossnetoftaxportionattributabletononcontrollinginterest": -7000000,
        "comprehensiveincomenetoftax": -268000000,
        "othercomprehensiveincomeunrealizedholdinggainlossonsecuritiesarisingduringperiodtax": -12000000,
        "othercomprehensiveincomelosspensionandotherpostretirementbenefitplanstax": 4000000,
        "othercomprehensiveincomelossfromequityaffiliatestaxexpensebenefit": 2000000
    },
    {
        "date": "2015-03-30",
        "symbol": "NWS",
        "period": "Q3",
        "advertisingrevenue": 904000000,
        "subscriptionrevenue": 650000000,
        "consumerrevenue": 385000000,
        "othersalesrevenuenet": 123000000,
        "revenues": 402000000,
        "operatingcostsandexpenses": 1216000000,
        "sellinggeneralandadministrativeexpense": 15000000,
        "depreciationandamortization": 132000000,
        "restructuringsettlementandimpairmentprovisions": 10000000,
        "incomelossfromequitymethodinvestments": 22000000,
        "interestincomeexpensenet": 12000000,
        "othernonoperatingincomeexpense": 12000000,
        "incomelossfromcontinuingoperationsbeforeincometaxesextraordinaryitemsnoncontrollinginterest": 52000000,
        "incometaxexpensebenefit": 18000000,
        "profitloss": 3000000,
        "netincomelossattributabletononcontrollinginterest": 11000000,
        "netincomeloss": 23000000,
        "earningspersharebasicanddiluted": 0.05000000000000003,
        "othercomprehensiveincomelossforeigncurrencytransactionandtranslationadjustmentnetoftax": -315000000,
        "othercomprehensiveincomeunrealizedholdinggainlossonsecuritiesarisingduringperiodnetoftax": 10000000,
        "othercomprehensiveincomelosspensionandotherpostretirementbenefitplansadjustmentnetoftax": -13000000,
        "othercomprehensiveincomelossfromequityaffiliatesnetoftax": 1000000,
        "othercomprehensiveincomelossnetoftax": -285000000,
        "comprehensiveincomenetoftaxincludingportionattributabletononcontrollinginterest": -257000000,
        "comprehensiveincomenetoftaxattributabletononcontrollinginterest": 2000000,
        "comprehensiveincomenetoftax": -270000000,
        "othercomprehensiveincomeunrealizedholdinggainlossonsecuritiesarisingduringperiodtax": -16000000,
        "othercomprehensiveincomelossfromequityaffiliatestaxexpensebenefit": 0
    },
    {
        "date": "2014-12-30",
        "symbol": "NWS",
        "period": "Q2",
        "advertisingrevenue": 1038000000,
        "subscriptionrevenue": 656000000,
        "consumerrevenue": 448000000,
        "othersalesrevenuenet": 138000000,
        "revenues": 469000000,
        "operatingcostsandexpenses": 1266000000,
        "sellinggeneralandadministrativeexpense": 13000000,
        "depreciationandamortization": 135000000,
        "restructuringsettlementandimpairmentprovisions": 17000000,
        "incomelossfromequitymethodinvestments": 1000000,
        "interestincomeexpensenet": 13000000,
        "othernonoperatingincomeexpense": 10000000,
        "incomelossfromcontinuingoperationsbeforeincometaxesextraordinaryitemsnoncontrollinginterest": 215000000,
        "incometaxexpensebenefit": 52000000,
        "profitloss": 163000000,
        "netincomelossattributabletononcontrollinginterest": 20000000,
        "netincomeloss": 143000000,
        "earningspersharebasicanddiluted": 0.24,
        "othercomprehensiveincomelossforeigncurrencytransactionandtranslationadjustmentnetoftax": -456000000,
        "othercomprehensiveincomeunrealizedholdinggainlossonsecuritiesarisingduringperiodnetoftax": 26000000,
        "othercomprehensiveincomelosspensionandotherpostretirementbenefitplansadjustmentnetoftax": -15000000,
        "othercomprehensiveincomelossfromequityaffiliatesnetoftax": -6000000,
        "othercomprehensiveincomelossnetoftax": -421000000,
        "comprehensiveincomenetoftaxincludingportionattributabletononcontrollinginterest": -258000000,
        "comprehensiveincomenetoftaxattributabletononcontrollinginterest": -8000000,
        "comprehensiveincomenetoftax": -270000000,
        "othercomprehensiveincomeunrealizedholdinggainlossonsecuritiesarisingduringperiodtax": 16000000,
        "othercomprehensiveincomelosspensionandotherpostretirementbenefitplanstax": 4000000,
        "othercomprehensiveincomelossfromequityaffiliatestaxexpensebenefit": -3000000
    },
    {
        "date": "2014-09-29",
        "symbol": "NWS",
        "period": "Q1",
        "advertisingrevenue": 920000000,
        "subscriptionrevenue": 683000000,
        "consumerrevenue": 390000000,
        "othersalesrevenuenet": 157000000,
        "revenues": 406000000,
        "operatingcostsandexpenses": 1314000000,
        "sellinggeneralandadministrativeexpense": 14000000,
        "depreciationandamortization": 131000000,
        "restructuringsettlementandimpairmentprovisions": 4000000,
        "incomelossfromequitymethodinvestments": 25000000,
        "interestincomeexpensenet": 17000000,
        "othernonoperatingincomeexpense": 48000000,
        "incomelossfromcontinuingoperationsbeforeincometaxesextraordinaryitemsnoncontrollinginterest": 125000000,
        "incometaxexpensebenefit": 37000000,
        "profitloss": 65000000,
        "netincomelossattributabletononcontrollinginterest": 23000000,
        "netincomeloss": 65000000,
        "earningspersharebasicanddiluted": 0.11,
        "othercomprehensiveincomelossforeigncurrencytransactionandtranslationadjustmentnetoftax": -474000000,
        "othercomprehensiveincomeunrealizedholdinggainlossonsecuritiesarisingduringperiodnetoftax": -21000000,
        "othercomprehensiveincomelosspensionandotherpostretirementbenefitplansadjustmentnetoftax": -16000000,
        "othercomprehensiveincomelossfromequityaffiliatesnetoftax": 4000000,
        "othercomprehensiveincomelossnetoftax": -458000000,
        "comprehensiveincomenetoftaxincludingportionattributabletononcontrollinginterest": -387000000,
        "comprehensiveincomenetoftaxattributabletononcontrollinginterest": -17000000,
        "comprehensiveincomenetoftax": -393000000,
        "othercomprehensiveincomeunrealizedholdinggainlossonsecuritiesarisingduringperiodtax": 10000000,
        "othercomprehensiveincomelossreclassificationadjustmentfromaocipensionandotherpostretirementbenefitplanstax": 4000000,
        "othercomprehensiveincomelossfromequityaffiliatestaxexpensebenefit": 2000000
    },
    {
        "date": "2014-03-30",
        "symbol": "NWS",
        "period": "Q3",
        "advertisingrevenue": 952000000,
        "subscriptionrevenue": 665000000,
        "consumerrevenue": 342000000,
        "othersalesrevenuenet": 119000000,
        "revenues": 354000000,
        "operatingcostsandexpenses": 1259000000,
        "sellinggeneralandadministrativeexpense": 20000000,
        "depreciationandamortization": 142000000,
        "restructuringsettlementandimpairmentprovisions": 10000000,
        "incomelossfromequitymethodinvestments": 23000000,
        "interestincomeexpensenet": 17000000,
        "othernonoperatingincomeexpense": -1000000,
        "incomelossfromcontinuingoperationsbeforeincometaxesextraordinaryitemsnoncontrollinginterest": 62000000,
        "incometaxexpensebenefit": 1000000,
        "profitloss": 33000000,
        "netincomelossattributabletononcontrollinginterest": 13000000,
        "netincomeloss": 48000000,
        "earningspersharebasicanddiluted": 0.08,
        "othercomprehensiveincomelossforeigncurrencytransactionandtranslationadjustmentnetoftax": 223000000,
        "othercomprehensiveincomelosspensionandotherpostretirementbenefitplansadjustmentnetoftax": -12000000,
        "othercomprehensiveincomelossfromequityaffiliatesnetoftax": -5000000,
        "othercomprehensiveincomelossnetoftax": 233000000,
        "comprehensiveincomenetoftaxincludingportionattributabletononcontrollinginterest": 291000000,
        "comprehensiveincomenetoftaxattributabletononcontrollinginterest": 5000000,
        "comprehensiveincomenetoftax": 273000000,
        "othercomprehensiveincomelossreclassificationadjustmentfromaocipensionandotherpostretirementbenefitplanstax": 11000000
    },
    {
        "date": "2013-12-30",
        "symbol": "NWS",
        "period": "Q2",
        "advertisingrevenue": 1080000000,
        "subscriptionrevenue": 661000000,
        "consumerrevenue": 377000000,
        "othersalesrevenuenet": 120000000,
        "revenues": 391000000,
        "operatingcostsandexpenses": 1274000000,
        "sellinggeneralandadministrativeexpense": 19000000,
        "depreciationandamortization": 138000000,
        "restructuringsettlementandimpairmentprovisions": 36000000,
        "incomelossfromequitymethodinvestments": 17000000,
        "interestincomeexpensenet": 16000000,
        "othernonoperatingincomeexpense": -231000000,
        "incomelossfromcontinuingoperationsbeforeincometaxesextraordinaryitemsnoncontrollinginterest": -45000000,
        "incometaxexpensebenefit": -211000000,
        "profitloss": 166000000,
        "netincomelossattributabletononcontrollinginterest": 15000000,
        "netincomeloss": 151000000,
        "earningspersharebasicanddiluted": 0.26,
        "othercomprehensiveincomelossforeigncurrencytransactionandtranslationadjustmentnetoftax": -240000000,
        "othercomprehensiveincomeunrealizedholdinggainlossonsecuritiesarisingduringperiodnetoftax": -1000000,
        "othercomprehensiveincomelosspensionandotherpostretirementbenefitplansadjustmentnetoftax": 2000000,
        "othercomprehensiveincomelossfromequityaffiliatesnetoftax": 3000000,
        "othercomprehensiveincomelossnetoftax": -240000000,
        "comprehensiveincomenetoftaxincludingportionattributabletononcontrollinginterest": -74000000,
        "comprehensiveincomenetoftaxattributabletononcontrollinginterest": -8000000,
        "comprehensiveincomenetoftax": -81000000,
        "othercomprehensiveincomelossreclassificationadjustmentfromaocipensionandotherpostretirementbenefitplanstax": -2000000,
        "othercomprehensiveincomelossfromequityaffiliatestaxexpense": 1000000
    },
    {
        "date": "2013-09-29",
        "symbol": "NWS",
        "period": "Q1",
        "advertisingrevenue": 958000000,
        "subscriptionrevenue": 679000000,
        "consumerrevenue": 311000000,
        "othersalesrevenuenet": 124000000,
        "revenues": 328000000,
        "operatingcostsandexpenses": 1295000000,
        "sellinggeneralandadministrativeexpense": 17000000,
        "depreciationandamortization": 141000000,
        "restructuringsettlementandimpairmentprovisions": 27000000,
        "incomelossfromequitymethodinvestments": 13000000,
        "interestincomeexpensenet": 17000000,
        "othernonoperatingincomeexpense": -441000000,
        "incomelossfromcontinuingoperationsbeforeincometaxesextraordinaryitemsnoncontrollinginterest": -438000000,
        "incometaxexpensebenefit": -476000000,
        "profitloss": 27000000,
        "netincomelossattributabletononcontrollinginterest": 11000000,
        "netincomeloss": 27000000,
        "earningspersharebasicanddiluted": 0.05,
        "othercomprehensiveincomelossforeigncurrencytransactionandtranslationadjustmentnetoftax": 201000000,
        "othercomprehensiveincomelosspensionandotherpostretirementbenefitplansadjustmentnetoftax": -11000000,
        "othercomprehensiveincomelossfromequityaffiliatesnetoftax": 8000000,
        "othercomprehensiveincomelossnetoftax": 218000000,
        "comprehensiveincomenetoftaxincludingportionattributabletononcontrollinginterest": 258000000,
        "comprehensiveincomenetoftaxattributabletononcontrollinginterest": 2000000,
        "comprehensiveincomenetoftax": 245000000,
        "othercomprehensiveincomelossreclassificationadjustmentfromaocipensionandotherpostretirementbenefitplanstax": 10000000,
        "othercomprehensiveincomelossfromequityaffiliatestaxexpense": 3000000
    }
]