[
    {
        "date": "2024-03-30",
        "symbol": "SMCI",
        "period": "Q3",
        "revenuefromcontractwithcustomerexcludingassessedtax": 25804000,
        "costofrevenue": 130397000,
        "grossprofit": 597368000,
        "researchanddevelopmentexpense": 116226000,
        "sellingandmarketingexpense": 49691000,
        "generalandadministrativeexpense": 53137000,
        "operatingexpenses": 219054000,
        "operatingincomeloss": 378314000,
        "nonoperatingincomeexpense": 10035000,
        "interestexpense": 6246000,
        "incomelossfromcontinuingoperationsbeforeincometaxesminorityinterestandincomelossfromequitymethodinvestments": 382103000,
        "incometaxexpensebenefit": -19983000,
        "incomelossfromequitymethodinvestments": 373000,
        "netincomeloss": 402459000,
        "earningspersharebasic": 7.13,
        "earningspersharediluted": 6.56,
        "weightedaveragenumberofsharesoutstandingbasic": 56478000,
        "weightedaveragenumberofdilutedsharesoutstanding": 61431000,
        "othercomprehensiveincomeforeigncurrencytransactionandtranslationadjustmentnetoftaxportionattributabletoparent": -108000,
        "othercomprehensiveincomelossnetoftaxportionattributabletoparent": -108000,
        "comprehensiveincomenetoftax": 402351000
    },
    {
        "date": "2023-12-30",
        "symbol": "SMCI",
        "period": "Q2",
        "revenuefromcontractwithcustomerexcludingassessedtax": 15781000,
        "costofrevenue": 112445000,
        "grossprofit": 564322000,
        "researchanddevelopmentexpense": 108824000,
        "sellingandmarketingexpense": 46854000,
        "generalandadministrativeexpense": 37180000,
        "operatingexpenses": 192858000,
        "operatingincomeloss": 371464000,
        "nonoperatingincomeexpense": -7886000,
        "interestexpense": 8131000,
        "incomelossfromcontinuingoperationsbeforeincometaxesminorityinterestandincomelossfromequitymethodinvestments": 355447000,
        "incometaxexpensebenefit": 61503000,
        "incomelossfromequitymethodinvestments": 2024000,
        "netincomeloss": 295968000,
        "earningspersharebasic": 5.47,
        "earningspersharediluted": 5.1,
        "weightedaveragenumberofsharesoutstandingbasic": 54135000,
        "weightedaveragenumberofdilutedsharesoutstanding": 58078000,
        "othercomprehensiveincomeforeigncurrencytransactionandtranslationadjustmentnetoftaxportionattributabletoparent": 6000,
        "othercomprehensiveincomelossnetoftaxportionattributabletoparent": 6000,
        "comprehensiveincomenetoftax": 295974000
    },
    {
        "date": "2023-09-29",
        "symbol": "SMCI",
        "period": "Q1",
        "revenuefromcontractwithcustomerexcludingassessedtax": 17396000,
        "costofrevenue": 113107000,
        "grossprofit": 353691000,
        "researchanddevelopmentexpense": 111027000,
        "sellingandmarketingexpense": 37230000,
        "generalandadministrativeexpense": 32924000,
        "operatingexpenses": 181181000,
        "operatingincomeloss": 172510000,
        "nonoperatingincomeexpense": 6613000,
        "interestexpense": 1863000,
        "incomelossfromcontinuingoperationsbeforeincometaxesminorityinterestandincomelossfromequitymethodinvestments": 177260000,
        "incometaxexpensebenefit": 20215000,
        "incomelossfromequitymethodinvestments": -50000,
        "netincomeloss": 156995000,
        "earningspersharebasic": 2.96,
        "earningspersharediluted": 2.75,
        "weightedaveragenumberofsharesoutstandingbasic": 53093000,
        "weightedaveragenumberofdilutedsharesoutstanding": 57185000,
        "othercomprehensiveincomeforeigncurrencytransactionandtranslationadjustmentnetoftaxportionattributabletoparent": 12000,
        "othercomprehensiveincomelossnetoftaxportionattributabletoparent": 12000,
        "comprehensiveincomenetoftax": 157007000
    },
    {
        "date": "2023-03-30",
        "symbol": "SMCI",
        "period": "Q3",
        "revenuefromcontractwithcustomerexcludingassessedtax": 54854000,
        "costofrevenue": 6400000,
        "grossprofit": 226359000,
        "researchanddevelopmentexpense": 77515000,
        "sellingandmarketingexpense": 25312000,
        "generalandadministrativeexpense": 24450000,
        "operatingexpenses": 127277000,
        "operatingincomeloss": 99082000,
        "nonoperatingincomeexpense": -78000,
        "interestexpense": 1288000,
        "incomelossfromcontinuingoperationsbeforeincometaxesminorityinterestandincomelossfromequitymethodinvestments": 97716000,
        "incometaxexpensebenefit": 10857000,
        "incomelossfromequitymethodinvestments": -1013000,
        "netincomeloss": 85846000,
        "earningspersharebasic": 1.61,
        "earningspersharediluted": 1.53,
        "weightedaveragenumberofsharesoutstandingbasic": 53280000,
        "weightedaveragenumberofdilutedsharesoutstanding": 56233000,
        "revenuefromrelatedparties": 6360000,
        "relatedpartytransactionpurchasesfromrelatedparty": 54095000,
        "othercomprehensiveincomeforeigncurrencytransactionandtranslationadjustmentnetoftaxportionattributabletoparent": 71000,
        "othercomprehensiveincomelossnetoftaxportionattributabletoparent": 71000,
        "comprehensiveincomenetoftax": 85917000
    },
    {
        "date": "2022-12-30",
        "symbol": "SMCI",
        "period": "Q2",
        "revenuefromcontractwithcustomerexcludingassessedtax": 68560000,
        "costofrevenue": 6000000,
        "grossprofit": 337422000,
        "researchanddevelopmentexpense": 70700000,
        "sellingandmarketingexpense": 28445000,
        "generalandadministrativeexpense": 23095000,
        "operatingexpenses": 122240000,
        "operatingincomeloss": 215182000,
        "nonoperatingincomeexpense": -6335000,
        "interestexpense": 1756000,
        "incomelossfromcontinuingoperationsbeforeincometaxesminorityinterestandincomelossfromequitymethodinvestments": 207091000,
        "incometaxexpensebenefit": 29573000,
        "incomelossfromequitymethodinvestments": -1351000,
        "netincomeloss": 176167000,
        "earningspersharebasic": 3.31,
        "earningspersharediluted": 3.14,
        "weightedaveragenumberofsharesoutstandingbasic": 53160000,
        "weightedaveragenumberofdilutedsharesoutstanding": 56144000,
        "revenuefromrelatedparties": 5958000,
        "relatedpartytransactionpurchasesfromrelatedparty": 52028000,
        "othercomprehensiveincomeforeigncurrencytransactionandtranslationadjustmentnetoftaxportionattributabletoparent": 98000,
        "othercomprehensiveincomelossnetoftaxportionattributabletoparent": 98000,
        "comprehensiveincomenetoftax": 176265000
    },
    {
        "date": "2022-09-29",
        "symbol": "SMCI",
        "period": "Q1",
        "revenuefromcontractwithcustomerexcludingassessedtax": 8000000000,
        "costofrevenue": 11600000,
        "grossprofit": 347535000,
        "researchanddevelopmentexpense": 74243000,
        "sellingandmarketingexpense": 29363000,
        "generalandadministrativeexpense": 23806000,
        "operatingexpenses": 127412000,
        "operatingincomeloss": 220123000,
        "nonoperatingincomeexpense": 8054000,
        "interestexpense": 3938000,
        "incomelossfromcontinuingoperationsbeforeincometaxesminorityinterestandincomelossfromequitymethodinvestments": 224239000,
        "incometaxexpensebenefit": 38934000,
        "incomelossfromequitymethodinvestments": -889000,
        "netincomeloss": 184416000,
        "earningspersharebasic": 3.51,
        "earningspersharediluted": 3.35,
        "weightedaveragenumberofsharesoutstandingbasic": 52598000,
        "weightedaveragenumberofdilutedsharesoutstanding": 55017000,
        "revenuefromrelatedparties": 11293000,
        "relatedpartytransactionpurchasesfromrelatedparty": 48689000,
        "othercomprehensiveincomeforeigncurrencytransactionandtranslationadjustmentnetoftaxportionattributabletoparent": -397000,
        "othercomprehensiveincomelossnetoftaxportionattributabletoparent": -397000,
        "comprehensiveincomenetoftax": 184019000
    },
    {
        "date": "2022-06-29",
        "symbol": "SMCI",
        "period": "Q4",
        "revenuefromcontractwithcustomerexcludingassessedtax": -112310000,
        "costofrevenue": -2926982000,
        "grossprofit": 287344000,
        "researchanddevelopmentexpense": 70790000,
        "sellingandmarketingexpense": 24186000,
        "generalandadministrativeexpense": 27155000,
        "operatingexpenses": 122131000,
        "operatingincomeloss": 165213000,
        "nonoperatingincomeexpense": 3973000,
        "interestexpense": 2928000,
        "incomelossfromcontinuingoperationsbeforeincometaxesminorityinterestandincomelossfromequitymethodinvestments": 166258000,
        "incometaxexpensebenefit": 25760000,
        "incomelossfromequitymethodinvestments": 324000,
        "netincomeloss": 140822000,
        "earningspersharebasic": 2.73,
        "earningspersharediluted": 2.6300000000000003,
        "weightedaveragenumberofsharesoutstandingbasic": -102340000,
        "weightedaveragenumberofdilutedsharesoutstanding": -106598000,
        "revenuefromrelatedparties": 49828000,
        "relatedpartytransactionpurchasesfromrelatedparty": 365001000,
        "othercomprehensiveincomelossnetoftaxportionattributabletoparent": 357000,
        "comprehensiveincomenetoftax": 141179000
    },
    {
        "date": "2022-03-30",
        "symbol": "SMCI",
        "period": "Q3",
        "revenuefromcontractwithcustomerexcludingassessedtax": 77656000,
        "costofrevenue": 1144715000,
        "grossprofit": 210775000,
        "researchanddevelopmentexpense": 70869000,
        "sellingandmarketingexpense": 22356000,
        "generalandadministrativeexpense": 27773000,
        "operatingexpenses": 120998000,
        "operatingincomeloss": 89777000,
        "nonoperatingincomeexpense": 4663000,
        "interestexpense": 1531000,
        "incomelossfromcontinuingoperationsbeforeincometaxesminorityinterestandincomelossfromequitymethodinvestments": 92909000,
        "incometaxexpensebenefit": 16192000,
        "incomelossfromequitymethodinvestments": 255000,
        "netincomeloss": 76972000,
        "earningspersharebasic": 1.49,
        "earningspersharediluted": 1.43,
        "weightedaveragenumberofsharesoutstandingbasic": 51708000,
        "weightedaveragenumberofdilutedsharesoutstanding": 53786000,
        "revenuefromrelatedparties": 43739000,
        "relatedpartytransactionpurchasesfromrelatedparty": 2018000,
        "othercomprehensiveincomeforeigncurrencytransactionandtranslationadjustmentnetoftaxportionattributabletoparent": 5000,
        "othercomprehensiveincomelossnetoftaxportionattributabletoparent": 5000,
        "comprehensiveincomenetoftax": 76977000
    },
    {
        "date": "2021-12-30",
        "symbol": "SMCI",
        "period": "Q2",
        "revenuefromcontractwithcustomerexcludingassessedtax": 34654000,
        "costofrevenue": 1008676000,
        "grossprofit": 163743000,
        "researchanddevelopmentexpense": 65471000,
        "sellingandmarketingexpense": 21960000,
        "generalandadministrativeexpense": 25263000,
        "operatingexpenses": 112694000,
        "operatingincomeloss": 51049000,
        "nonoperatingincomeexpense": -607000,
        "interestexpense": 1150000,
        "incomelossfromcontinuingoperationsbeforeincometaxesminorityinterestandincomelossfromequitymethodinvestments": 49292000,
        "incometaxexpensebenefit": 7599000,
        "incomelossfromequitymethodinvestments": 239000,
        "netincomeloss": 41932000,
        "earningspersharebasic": 0.82,
        "earningspersharediluted": 0.78,
        "weightedaveragenumberofsharesoutstandingbasic": 51314000,
        "weightedaveragenumberofdilutedsharesoutstanding": 53511000,
        "revenuefromrelatedparties": 38311000,
        "relatedpartytransactionpurchasesfromrelatedparty": 2387000,
        "othercomprehensiveincomeforeigncurrencytransactionandtranslationadjustmentnetoftaxportionattributabletoparent": 100000,
        "othercomprehensiveincomelossnetoftaxportionattributabletoparent": 100000,
        "comprehensiveincomenetoftax": 42032000
    },
    {
        "date": "2021-09-29",
        "symbol": "SMCI",
        "period": "Q1",
        "revenuefromcontractwithcustomerexcludingassessedtax": 8000000000,
        "costofrevenue": 894591000,
        "grossprofit": 138139000,
        "researchanddevelopmentexpense": 65143000,
        "sellingandmarketingexpense": 21624000,
        "generalandadministrativeexpense": 22244000,
        "operatingexpenses": 109011000,
        "operatingincomeloss": 29128000,
        "nonoperatingincomeexpense": 50000,
        "interestexpense": 804000,
        "incomelossfromcontinuingoperationsbeforeincometaxesminorityinterestandincomelossfromequitymethodinvestments": 28374000,
        "incometaxexpensebenefit": 3325000,
        "incomelossfromequitymethodinvestments": 388000,
        "netincomeloss": 25437000,
        "earningspersharebasic": 0.5,
        "earningspersharediluted": 0.48,
        "weightedaveragenumberofsharesoutstandingbasic": 50796000,
        "weightedaveragenumberofdilutedsharesoutstanding": 52916000,
        "revenuefromrelatedparties": 15213000,
        "relatedpartytransactionpurchasesfromrelatedparty": 1670000,
        "othercomprehensiveincomeforeigncurrencytransactionandtranslationadjustmentnetoftaxportionattributabletoparent": -4000,
        "othercomprehensiveincomelossnetoftaxportionattributabletoparent": -4000,
        "comprehensiveincomenetoftax": 25433000
    },
    {
        "date": "2021-06-29",
        "symbol": "SMCI",
        "period": "Q4",
        "revenuefromcontractwithcustomerexcludingassessedtax": 7894331000,
        "costofrevenue": 20600000,
        "grossprofit": 145511000,
        "researchanddevelopmentexpense": 58930000,
        "sellingandmarketingexpense": 22825000,
        "generalandadministrativeexpense": 24675000,
        "operatingexpenses": 106430000,
        "operatingincomeloss": 39081000,
        "nonoperatingincomeexpense": -1471000,
        "interestexpense": 635000,
        "incomelossfromcontinuingoperationsbeforeincometaxesminorityinterestandincomelossfromequitymethodinvestments": 36975000,
        "incometaxexpensebenefit": -1605000,
        "incomelossfromequitymethodinvestments": 582000,
        "netincomeloss": 39162000,
        "earningspersharebasic": 0.78,
        "earningspersharediluted": 0.7299999999999998,
        "weightedaveragenumberofsharesoutstandingbasic": -103224000,
        "weightedaveragenumberofdilutedsharesoutstanding": -107721000,
        "revenuefromrelatedparties": 5414000,
        "relatedpartytransactionpurchasesfromrelatedparty": -97011000,
        "othercomprehensiveincomelossnetoftaxportionattributabletoparent": 91000,
        "comprehensiveincomenetoftax": 39253000
    },
    {
        "date": "2021-03-30",
        "symbol": "SMCI",
        "period": "Q3",
        "revenuefromcontractwithcustomerexcludingassessedtax": 895881000,
        "costofrevenue": 772864000,
        "grossprofit": 123017000,
        "researchanddevelopmentexpense": 57912000,
        "sellingandmarketingexpense": 21826000,
        "generalandadministrativeexpense": 26224000,
        "operatingexpenses": 105962000,
        "operatingincomeloss": 17055000,
        "nonoperatingincomeexpense": 2017000,
        "interestexpense": 607000,
        "incomelossfromcontinuingoperationsbeforeincometaxesminorityinterestandincomelossfromequitymethodinvestments": 18465000,
        "incometaxexpensebenefit": -227000,
        "incomelossfromequitymethodinvestments": -264000,
        "netincomeloss": 18428000,
        "earningspersharebasic": 0.36,
        "earningspersharediluted": 0.35,
        "weightedaveragenumberofsharesoutstandingbasic": 50553000,
        "weightedaveragenumberofdilutedsharesoutstanding": 53218000,
        "revenuefromrelatedparties": 20432000,
        "relatedpartytransactionpurchasesfromrelatedparty": 64787000,
        "othercomprehensiveincomeforeigncurrencytransactionandtranslationadjustmentnetoftaxportionattributabletoparent": -34000,
        "othercomprehensiveincomelossnetoftaxportionattributabletoparent": -34000,
        "comprehensiveincomenetoftax": 18394000
    },
    {
        "date": "2020-12-30",
        "symbol": "SMCI",
        "period": "Q2",
        "revenuefromcontractwithcustomerexcludingassessedtax": 830306000,
        "costofrevenue": 694211000,
        "grossprofit": 136095000,
        "researchanddevelopmentexpense": 52729000,
        "sellingandmarketingexpense": 20740000,
        "generalandadministrativeexpense": 25261000,
        "operatingexpenses": 98730000,
        "operatingincomeloss": 37365000,
        "nonoperatingincomeexpense": -2539000,
        "interestexpense": 569000,
        "incomelossfromcontinuingoperationsbeforeincometaxesminorityinterestandincomelossfromequitymethodinvestments": 34257000,
        "incometaxexpensebenefit": 5108000,
        "incomelossfromequitymethodinvestments": -1475000,
        "netincomeloss": 27674000,
        "earningspersharebasic": 0.54,
        "earningspersharediluted": 0.52,
        "weightedaveragenumberofsharesoutstandingbasic": 51499000,
        "weightedaveragenumberofdilutedsharesoutstanding": 53584000,
        "revenuefromrelatedparties": 18706000,
        "relatedpartytransactionpurchasesfromrelatedparty": 50835000,
        "othercomprehensiveincomeforeigncurrencytransactionandtranslationgainlossarisingduringperiodnetoftax": 301000,
        "othercomprehensiveincomelossnetoftaxportionattributabletoparent": 301000,
        "comprehensiveincomenetoftax": 27975000
    },
    {
        "date": "2020-09-29",
        "symbol": "SMCI",
        "period": "Q1",
        "revenuefromcontractwithcustomerexcludingassessedtax": 762250000,
        "costofrevenue": 632335000,
        "grossprofit": 129915000,
        "researchanddevelopmentexpense": 54798000,
        "sellingandmarketingexpense": 20292000,
        "generalandadministrativeexpense": 24379000,
        "operatingexpenses": 99469000,
        "operatingincomeloss": 30446000,
        "nonoperatingincomeexpense": -841000,
        "interestexpense": 674000,
        "incomelossfromcontinuingoperationsbeforeincometaxesminorityinterestandincomelossfromequitymethodinvestments": 28931000,
        "incometaxexpensebenefit": 3660000,
        "incomelossfromequitymethodinvestments": 1330000,
        "netincomeloss": 26601000,
        "earningspersharebasic": 0.51,
        "earningspersharediluted": 0.49,
        "weightedaveragenumberofsharesoutstandingbasic": 52329000,
        "weightedaveragenumberofdilutedsharesoutstanding": 54426000,
        "revenuefromrelatedparties": 13899000,
        "relatedpartytransactionpurchasesfromrelatedparty": 62199000,
        "othercomprehensiveincomeforeigncurrencytransactionandtranslationgainlossarisingduringperiodnetoftax": 247000,
        "othercomprehensiveincomelossnetoftaxportionattributabletoparent": 247000,
        "comprehensiveincomenetoftax": 26848000
    },
    {
        "date": "2020-06-29",
        "symbol": "SMCI",
        "period": "Q4",
        "netincomeloss": 18450000,
        "othercomprehensiveincomeforeigncurrencytransactionandtranslationgainlossarisingduringperiodnetoftax": 14000,
        "othercomprehensiveincomelossnetoftaxportionattributabletoparent": 14000,
        "comprehensiveincomenetoftax": 18464000,
        "revenuefromcontractwithcustomerexcludingassessedtax": 896126000,
        "costofrevenue": 772609000,
        "grossprofit": 123517000,
        "researchanddevelopmentexpense": 66748000,
        "sellingandmarketingexpense": 21080000,
        "generalandadministrativeexpense": 26261000,
        "operatingexpenses": 114089000,
        "operatingincomeloss": 9428000,
        "nonoperatingincomeexpense": -700000,
        "interestexpense": 606000,
        "incomelossfromcontinuingoperationsbeforeincometaxesminorityinterestandincomelossfromequitymethodinvestments": 8122000,
        "incometaxexpensebenefit": -6860000,
        "incomelossfromequitymethodinvestments": 3468000,
        "earningspersharebasic": 0.34999999999999987,
        "earningspersharediluted": 0.3400000000000001,
        "weightedaveragenumberofsharesoutstandingbasic": -100994000,
        "weightedaveragenumberofdilutedsharesoutstanding": -104568000,
        "revenuefromrelatedparties": 14785000,
        "relatedpartytransactionpurchasesfromrelatedparty": 82303000
    },
    {
        "date": "2020-03-30",
        "symbol": "SMCI",
        "period": "Q3",
        "netincomeloss": 15807000,
        "othercomprehensiveincomeforeigncurrencytransactionandtranslationgainlossarisingduringperiodnetoftax": -31000,
        "othercomprehensiveincomelossnetoftaxportionattributabletoparent": -31000,
        "comprehensiveincomenetoftax": 15776000,
        "revenuefromcontractwithcustomerexcludingassessedtax": 772408000,
        "costofrevenue": 639048000,
        "grossprofit": 133360000,
        "researchanddevelopmentexpense": 49586000,
        "sellingandmarketingexpense": 21886000,
        "generalandadministrativeexpense": 46342000,
        "operatingexpenses": 117814000,
        "operatingincomeloss": 15546000,
        "nonoperatingincomeexpense": 937000,
        "interestexpense": 518000,
        "incomelossfromcontinuingoperationsbeforeincometaxesminorityinterestandincomelossfromequitymethodinvestments": 15965000,
        "incometaxexpensebenefit": -899000,
        "incomelossfromequitymethodinvestments": -1057000,
        "earningspersharebasic": 0.31,
        "earningspersharediluted": 0.29,
        "weightedaveragenumberofsharesoutstandingbasic": 51526000,
        "weightedaveragenumberofdilutedsharesoutstanding": 53693000,
        "revenuefromrelatedparties": 21528000,
        "relatedpartytransactionpurchasesfromrelatedparty": 60387000
    },
    {
        "date": "2019-12-30",
        "symbol": "SMCI",
        "period": "Q2",
        "netincomeloss": 23706000,
        "othercomprehensiveincomeforeigncurrencytransactionandtranslationgainlossarisingduringperiodnetoftax": 85000,
        "othercomprehensiveincomelossnetoftaxportionattributabletoparent": 85000,
        "comprehensiveincomenetoftax": 23791000,
        "revenuefromcontractwithcustomerexcludingassessedtax": 870943000,
        "costofrevenue": 732539000,
        "grossprofit": 138404000,
        "researchanddevelopmentexpense": 55572000,
        "sellingandmarketingexpense": 21977000,
        "generalandadministrativeexpense": 33040000,
        "operatingexpenses": 110589000,
        "operatingincomeloss": 27815000,
        "nonoperatingincomeexpense": -416000,
        "interestexpense": 560000,
        "incomelossfromcontinuingoperationsbeforeincometaxesminorityinterestandincomelossfromequitymethodinvestments": 26839000,
        "incometaxexpensebenefit": 2113000,
        "incomelossfromequitymethodinvestments": -1020000,
        "earningspersharebasic": 0.47,
        "earningspersharediluted": 0.46,
        "weightedaveragenumberofsharesoutstandingbasic": 50181000,
        "weightedaveragenumberofdilutedsharesoutstanding": 52009000,
        "revenuefromrelatedparties": 21784000,
        "relatedpartytransactionpurchasesfromrelatedparty": 75333000
    },
    {
        "date": "2019-09-29",
        "symbol": "SMCI",
        "period": "Q1",
        "netincomeloss": 26345000,
        "othercomprehensiveincomeforeigncurrencytransactionandtranslationgainlossarisingduringperiodnetoftax": -140000,
        "othercomprehensiveincomelossnetoftaxportionattributabletoparent": -140000,
        "comprehensiveincomenetoftax": 26205000,
        "revenuefromcontractwithcustomerexcludingassessedtax": 799804000,
        "costofrevenue": 668875000,
        "grossprofit": 130929000,
        "researchanddevelopmentexpense": 49572000,
        "sellingandmarketingexpense": 20194000,
        "generalandadministrativeexpense": 28298000,
        "operatingexpenses": 98064000,
        "operatingincomeloss": 32865000,
        "nonoperatingincomeexpense": 1589000,
        "interestexpense": 552000,
        "incomelossfromcontinuingoperationsbeforeincometaxesminorityinterestandincomelossfromequitymethodinvestments": 33902000,
        "incometaxexpensebenefit": 8568000,
        "incomelossfromequitymethodinvestments": 1011000,
        "earningspersharebasic": 0.52,
        "earningspersharediluted": 0.51,
        "weightedaveragenumberofsharesoutstandingbasic": 50274000,
        "weightedaveragenumberofdilutedsharesoutstanding": 51704000,
        "revenuefromrelatedparties": 27662000,
        "relatedpartytransactionpurchasesfromrelatedparty": 65033000
    },
    {
        "date": "2019-03-30",
        "symbol": "SMCI",
        "period": "Q3",
        "netincomeloss": 11298000,
        "othercomprehensiveincomeforeigncurrencytransactionandtranslationgainlossarisingduringperiodnetoftax": 60000,
        "othercomprehensiveincomelossnetoftaxportionattributabletoparent": 60000,
        "comprehensiveincomenetoftax": 10706000,
        "revenuefromcontractwithcustomerexcludingassessedtax": 741878000,
        "costofrevenue": 630769000,
        "grossprofit": 111109000,
        "researchanddevelopmentexpense": 44800000,
        "sellingandmarketingexpense": 18494000,
        "generalandadministrativeexpense": 34548000,
        "operatingexpenses": 99468000,
        "operatingincomeloss": 12859000,
        "nonoperatingincomeexpense": -86000,
        "interestexpense": 1271000,
        "incomelossfromcontinuingoperationsbeforeincometaxesminorityinterestandincomelossfromequitymethodinvestments": 11910000,
        "incometaxexpensebenefit": 253000,
        "incomelossfromequitymethodinvestments": -400000,
        "earningspersharebasic": 0.21,
        "earningspersharediluted": 0.21,
        "weightedaveragenumberofsharesoutstandingbasic": 49988000,
        "weightedaveragenumberofdilutedsharesoutstanding": 51558000,
        "revenuefromrelatedparties": 3846000,
        "relatedpartytransactionpurchasesfromrelatedparty": 34140000
    },
    {
        "date": "2018-12-30",
        "symbol": "SMCI",
        "period": "Q2",
        "netincomeloss": 18523000,
        "othercomprehensiveincomeforeigncurrencytransactionandtranslationgainlossarisingduringperiodnetoftax": -6000,
        "othercomprehensiveincomelossnetoftaxportionattributabletoparent": -6000,
        "comprehensiveincomenetoftax": 18214000,
        "revenuefromcontractwithcustomerexcludingassessedtax": 939720000,
        "costofrevenue": 812405000,
        "grossprofit": 127315000,
        "researchanddevelopmentexpense": 45924000,
        "sellingandmarketingexpense": 19677000,
        "generalandadministrativeexpense": 35544000,
        "operatingexpenses": 102181000,
        "operatingincomeloss": 25741000,
        "nonoperatingincomeexpense": 624000,
        "interestexpense": 1831000,
        "incomelossfromcontinuingoperationsbeforeincometaxesminorityinterestandincomelossfromequitymethodinvestments": 24963000,
        "incometaxexpensebenefit": 4646000,
        "incomelossfromequitymethodinvestments": -1800000,
        "earningspersharebasic": 0.37,
        "earningspersharediluted": 0.36,
        "weightedaveragenumberofsharesoutstandingbasic": 49844000,
        "weightedaveragenumberofdilutedsharesoutstanding": 50810000,
        "revenuefromrelatedparties": 4640000,
        "relatedpartytransactionpurchasesfromrelatedparty": 40277000
    },
    {
        "date": "2018-09-29",
        "symbol": "SMCI",
        "period": "Q1",
        "netincomeloss": 20433000,
        "othercomprehensiveincomeforeigncurrencytransactionandtranslationgainlossarisingduringperiodnetoftax": -231000,
        "othercomprehensiveincomelossnetoftaxportionattributabletoparent": -231000,
        "comprehensiveincomenetoftax": 19111000,
        "revenuefromcontractwithcustomerexcludingassessedtax": 982978000,
        "costofrevenue": 858459000,
        "grossprofit": 124519000,
        "researchanddevelopmentexpense": 42994000,
        "sellingandmarketingexpense": 18292000,
        "generalandadministrativeexpense": 33460000,
        "operatingexpenses": 94746000,
        "operatingincomeloss": 28493000,
        "nonoperatingincomeexpense": 169000,
        "interestexpense": 2378000,
        "incomelossfromcontinuingoperationsbeforeincometaxesminorityinterestandincomelossfromequitymethodinvestments": 27564000,
        "incometaxexpensebenefit": 5712000,
        "incomelossfromequitymethodinvestments": -1400000,
        "earningspersharebasic": 0.39,
        "earningspersharediluted": 0.37,
        "weightedaveragenumberofsharesoutstandingbasic": 49704000,
        "weightedaveragenumberofdilutedsharesoutstanding": 52218000,
        "revenuefromrelatedparties": 5142000,
        "relatedpartytransactionpurchasesfromrelatedparty": 37212000
    },
    {
        "date": "2017-06-29",
        "symbol": "SMCI",
        "period": "Q4",
        "netincomeloss": 14660000,
        "othercomprehensiveincomeforeigncurrencytransactionandtranslationgainlossarisingduringperiodnetoftax": 4000,
        "othercomprehensiveincomelossnetoftaxportionattributabletoparent": -7000,
        "comprehensiveincomenetoftax": 14653000,
        "costofrevenue": 584693000,
        "grossprofit": 88190000,
        "researchanddevelopmentexpense": 40898000,
        "sellingandmarketingexpense": 15209000,
        "generalandadministrativeexpense": 11588000,
        "operatingexpenses": 67695000,
        "operatingincomeloss": 20495000,
        "nonoperatingincomeexpense": -1310000,
        "interestexpense": 915000,
        "incomelossfromcontinuingoperationsbeforeincometaxesminorityinterestandincomelossfromequitymethodinvestments": 18270000,
        "incometaxexpensebenefit": 3610000,
        "earningspersharebasic": 0.2999999999999998,
        "earningspersharediluted": 0.28,
        "weightedaveragenumberofsharesoutstandingbasic": -96351000,
        "weightedaveragenumberofdilutedsharesoutstanding": -102880000,
        "revenuefromrelatedparties": 8545000,
        "relatedpartytransactionpurchasesfromrelatedparty": -58601000
    },
    {
        "date": "2017-03-30",
        "symbol": "SMCI",
        "period": "Q3",
        "netincomeloss": 16666000,
        "othercomprehensiveincomeforeigncurrencytransactionandtranslationgainlossarisingduringperiodnetoftax": 13000,
        "othercomprehensiveincomelossnetoftaxportionattributabletoparent": 13000,
        "comprehensiveincomenetoftax": 16679000,
        "salesrevenuenet": 114832000,
        "costofrevenue": 542798000,
        "grossprofit": 88326000,
        "researchanddevelopmentexpense": 35870000,
        "sellingandmarketingexpense": 17167000,
        "generalandadministrativeexpense": 12874000,
        "operatingexpenses": 65911000,
        "operatingincomeloss": 22415000,
        "nonoperatingincomeexpense": -51000,
        "interestexpense": 558000,
        "incomelossfromcontinuingoperationsbeforeincometaxesminorityinterestandincomelossfromequitymethodinvestments": 21806000,
        "incometaxexpensebenefit": 5140000,
        "earningspersharebasic": 0.34,
        "earningspersharediluted": 0.32,
        "weightedaveragenumberofsharesoutstandingbasic": 48445000,
        "weightedaveragenumberofdilutedsharesoutstanding": 51918000,
        "revenuefromrelatedparties": 4069000,
        "relatedpartytransactionpurchasesfromrelatedparty": 62378000
    },
    {
        "date": "2016-12-30",
        "symbol": "SMCI",
        "period": "Q2",
        "netincomeloss": 21996000,
        "othercomprehensiveincomeforeigncurrencytransactionandtranslationgainlossarisingduringperiodnetoftax": -7000,
        "othercomprehensiveincomelossnetoftaxportionattributabletoparent": -7000,
        "comprehensiveincomenetoftax": 21989000,
        "salesrevenuenet": 130076000,
        "costofrevenue": 558576000,
        "grossprofit": 93378000,
        "researchanddevelopmentexpense": 34033000,
        "sellingandmarketingexpense": 18153000,
        "generalandadministrativeexpense": 9429000,
        "operatingexpenses": 61615000,
        "operatingincomeloss": 31763000,
        "nonoperatingincomeexpense": 45000,
        "interestexpense": 497000,
        "incomelossfromcontinuingoperationsbeforeincometaxesminorityinterestandincomelossfromequitymethodinvestments": 31311000,
        "incometaxexpensebenefit": 9315000,
        "earningspersharebasic": 0.46,
        "earningspersharediluted": 0.43,
        "weightedaveragenumberofsharesoutstandingbasic": 48124000,
        "weightedaveragenumberofdilutedsharesoutstanding": 51521000,
        "revenuefromrelatedparties": 7003000,
        "relatedpartytransactionpurchasesfromrelatedparty": 64930000
    },
    {
        "date": "2016-09-29",
        "symbol": "SMCI",
        "period": "Q1",
        "netincomeloss": 13532000,
        "othercomprehensiveincomeforeigncurrencytransactionandtranslationgainlossarisingduringperiodnetoftax": 9000,
        "othercomprehensiveincomelossnetoftaxportionattributabletoparent": 9000,
        "comprehensiveincomenetoftax": 13541000,
        "salesrevenuenet": 528968000,
        "costofrevenue": 448904000,
        "grossprofit": 80064000,
        "researchanddevelopmentexpense": 33191000,
        "sellingandmarketingexpense": 15916000,
        "generalandadministrativeexpense": 10755000,
        "operatingexpenses": 59862000,
        "operatingincomeloss": 20202000,
        "nonoperatingincomeexpense": 29000,
        "interestexpense": 330000,
        "incomelossfromcontinuingoperationsbeforeincometaxesminorityinterestandincomelossfromequitymethodinvestments": 19901000,
        "incometaxexpensebenefit": 6369000,
        "earningspersharebasic": 0.28,
        "earningspersharediluted": 0.26,
        "weightedaveragenumberofsharesoutstandingbasic": 48165000,
        "weightedaveragenumberofdilutedsharesoutstanding": 51120000,
        "revenuefromrelatedparties": 3342000,
        "relatedpartytransactionpurchasesfromrelatedparty": 50205000
    },
    {
        "date": "2016-06-29",
        "symbol": "SMCI",
        "period": "Q4",
        "netincomeloss": 6971000,
        "othercomprehensiveincomeforeigncurrencytransactionandtranslationgainlossarisingduringperiodnetoftax": 1000,
        "othercomprehensiveincomelossnetoftaxportionattributabletoparent": 7000,
        "comprehensiveincomenetoftax": 6978000,
        "salesrevenuenet": 91580000,
        "costofrevenue": 450474000,
        "grossprofit": 73796000,
        "researchanddevelopmentexpense": 34148000,
        "sellingandmarketingexpense": 17664000,
        "generalandadministrativeexpense": 10145000,
        "operatingexpenses": 61957000,
        "operatingincomeloss": 11839000,
        "nonoperatingincomeexpense": 40000,
        "interestexpense": 453000,
        "incomelossfromcontinuingoperationsbeforeincometaxesminorityinterestandincomelossfromequitymethodinvestments": 11426000,
        "incometaxexpensebenefit": 4455000,
        "earningspersharebasic": 0.12999999999999995,
        "earningspersharediluted": 0.12999999999999978,
        "weightedaveragenumberofsharesoutstandingbasic": -95298000,
        "weightedaveragenumberofdilutedsharesoutstanding": -103243000,
        "revenuefromrelatedparties": 7328000,
        "relatedpartycosts": 55991000
    },
    {
        "date": "2016-03-30",
        "symbol": "SMCI",
        "period": "Q3",
        "netincomeloss": 16662000,
        "othercomprehensiveincomeforeigncurrencytransactionandtranslationgainlossarisingduringperiodnetoftax": 4000,
        "othercomprehensiveincomelossnetoftaxportionattributabletoparent": 4000,
        "comprehensiveincomenetoftax": 16666000,
        "salesrevenuenet": 93279000,
        "costofrevenue": 453569000,
        "grossprofit": 79152000,
        "researchanddevelopmentexpense": 31256000,
        "sellingandmarketingexpense": 14467000,
        "generalandadministrativeexpense": 8984000,
        "operatingexpenses": 54707000,
        "operatingincomeloss": 24445000,
        "nonoperatingincomeexpense": 20000,
        "interestexpense": 417000,
        "incomelossfromcontinuingoperationsbeforeincometaxesminorityinterestandincomelossfromequitymethodinvestments": 24048000,
        "incometaxexpensebenefit": 7386000,
        "earningspersharebasic": 0.35,
        "earningspersharediluted": 0.32,
        "weightedaveragenumberofsharesoutstandingbasic": 48047000,
        "weightedaveragenumberofdilutedsharesoutstanding": 52238000,
        "revenuefromrelatedparties": 4413000,
        "relatedpartycosts": 55133000
    },
    {
        "date": "2015-12-30",
        "symbol": "SMCI",
        "period": "Q2",
        "netincomeloss": 34689000,
        "othercomprehensiveincomeforeigncurrencytransactionandtranslationgainlossarisingduringperiodnetoftax": 2000,
        "othercomprehensiveincomelossnetoftaxportionattributabletoparent": 2000,
        "comprehensiveincomenetoftax": 34691000,
        "salesrevenuenet": 114134000,
        "costofrevenue": 532602000,
        "grossprofit": 106362000,
        "researchanddevelopmentexpense": 30264000,
        "sellingandmarketingexpense": 16461000,
        "generalandadministrativeexpense": 10511000,
        "operatingexpenses": 57236000,
        "operatingincomeloss": 49126000,
        "nonoperatingincomeexpense": 24000,
        "interestexpense": 400000,
        "incomelossfromcontinuingoperationsbeforeincometaxesminorityinterestandincomelossfromequitymethodinvestments": 48750000,
        "incometaxexpensebenefit": 14061000,
        "earningspersharebasic": 0.73,
        "earningspersharediluted": 0.67,
        "weightedaveragenumberofsharesoutstandingbasic": 47651000,
        "weightedaveragenumberofdilutedsharesoutstanding": 51489000,
        "revenuefromrelatedparties": 2492000,
        "relatedpartycosts": 71451000
    },
    {
        "date": "2015-09-29",
        "symbol": "SMCI",
        "period": "Q1",
        "netincomeloss": 13699000,
        "othercomprehensiveincomeforeigncurrencytransactionandtranslationgainlossarisingduringperiodnetoftax": -18000,
        "othercomprehensiveincomelossnetoftaxportionattributabletoparent": -18000,
        "comprehensiveincomenetoftax": 13681000,
        "salesrevenuenet": 86826000,
        "costofrevenue": 447403000,
        "grossprofit": 72215000,
        "researchanddevelopmentexpense": 28326000,
        "sellingandmarketingexpense": 14249000,
        "generalandadministrativeexpense": 8200000,
        "operatingexpenses": 50775000,
        "operatingincomeloss": 21440000,
        "nonoperatingincomeexpense": 87000,
        "interestexpense": 324000,
        "incomelossfromcontinuingoperationsbeforeincometaxesminorityinterestandincomelossfromequitymethodinvestments": 21203000,
        "incometaxexpensebenefit": 7504000,
        "earningspersharebasic": 0.29,
        "earningspersharediluted": 0.27,
        "weightedaveragenumberofsharesoutstandingbasic": 47517000,
        "weightedaveragenumberofdilutedsharesoutstanding": 51352000,
        "revenuefromrelatedparties": 5220000,
        "relatedpartycosts": 59261000
    },
    {
        "date": "2015-06-29",
        "symbol": "SMCI",
        "period": "Q4",
        "netincomeloss": 26702000,
        "othercomprehensiveincomeforeigncurrencytransactionandtranslationgainlossarisingduringperiodnetoftax": 2000,
        "othercomprehensiveincomelossnetoftaxportionattributabletoparent": -6000,
        "comprehensiveincomenetoftax": 26696000,
        "salesrevenuenet": 176527000,
        "costofrevenue": 483828000,
        "grossprofit": 89766000,
        "researchanddevelopmentexpense": 27741000,
        "sellingandmarketingexpense": 14195000,
        "generalandadministrativeexpense": 7043000,
        "operatingexpenses": 48979000,
        "operatingincomeloss": 40787000,
        "nonoperatingincomeexpense": 23000,
        "interestexpense": 309000,
        "incomelossfromcontinuingoperationsbeforeincometaxesminorityinterestandincomelossfromequitymethodinvestments": 40501000,
        "incometaxexpensebenefit": 13799000,
        "earningspersharebasic": 0.56,
        "earningspersharediluted": 0.5599999999999998,
        "weightedaveragenumberofsharesoutstandingbasic": -91994000,
        "weightedaveragenumberofdilutedsharesoutstanding": -102692000,
        "revenuefromrelatedparties": 14489000,
        "relatedpartycosts": 57644000
    },
    {
        "date": "2015-03-30",
        "symbol": "SMCI",
        "period": "Q3",
        "netincomeloss": 23056000,
        "othercomprehensiveincomeforeigncurrencytransactionandtranslationgainlossarisingduringperiodnetoftax": 5000,
        "othercomprehensiveincomelossnetoftaxportionattributabletoparent": 5000,
        "comprehensiveincomenetoftax": 23061000,
        "salesrevenuenet": 88259000,
        "costofrevenue": 394405000,
        "grossprofit": 76820000,
        "researchanddevelopmentexpense": 25542000,
        "sellingandmarketingexpense": 12496000,
        "generalandadministrativeexpense": 7334000,
        "operatingexpenses": 45372000,
        "operatingincomeloss": 31448000,
        "nonoperatingincomeexpense": 21000,
        "interestexpense": 277000,
        "incomelossfromcontinuingoperationsbeforeincometaxesminorityinterestandincomelossfromequitymethodinvestments": 31192000,
        "incometaxexpensebenefit": 8136000,
        "earningspersharebasic": 0.49,
        "earningspersharediluted": 0.44,
        "weightedaveragenumberofsharesoutstandingbasic": 46824000,
        "weightedaveragenumberofdilutedsharesoutstanding": 52008000,
        "revenuefromrelatedparties": 6067000,
        "relatedpartycosts": 58002000
    },
    {
        "date": "2014-12-30",
        "symbol": "SMCI",
        "period": "Q2",
        "netincomeloss": 31242000,
        "othercomprehensiveincomeforeigncurrencytransactionandtranslationgainlossarisingduringperiodnetoftax": -13000,
        "othercomprehensiveincomelossnetoftaxportionattributabletoparent": -13000,
        "comprehensiveincomenetoftax": 31229000,
        "salesrevenuenet": 91588000,
        "costofrevenue": 418562000,
        "grossprofit": 84452000,
        "researchanddevelopmentexpense": 25465000,
        "sellingandmarketingexpense": 11158000,
        "generalandadministrativeexpense": 4944000,
        "operatingexpenses": 41567000,
        "operatingincomeloss": 42885000,
        "nonoperatingincomeexpense": 36000,
        "interestexpense": 183000,
        "incomelossfromcontinuingoperationsbeforeincometaxesminorityinterestandincomelossfromequitymethodinvestments": 42738000,
        "incometaxexpensebenefit": 11496000,
        "earningspersharebasic": 0.68,
        "earningspersharediluted": 0.61,
        "weightedaveragenumberofsharesoutstandingbasic": 46131000,
        "weightedaveragenumberofdilutedsharesoutstanding": 51091000,
        "revenuefromrelatedparties": 10879000,
        "relatedpartycosts": 57513000
    },
    {
        "date": "2014-09-29",
        "symbol": "SMCI",
        "period": "Q1",
        "netincomeloss": 20863000,
        "othercomprehensiveincomeforeigncurrencytransactionandtranslationgainlossarisingduringperiodnetoftax": -3000,
        "othercomprehensiveincomelossnetoftaxportionattributabletoparent": -3000,
        "comprehensiveincomenetoftax": 20860000,
        "salesrevenuenet": 21949000,
        "costofrevenue": 374129000,
        "grossprofit": 69193000,
        "researchanddevelopmentexpense": 21509000,
        "sellingandmarketingexpense": 11002000,
        "generalandadministrativeexpense": 5056000,
        "operatingexpenses": 37567000,
        "operatingincomeloss": 31626000,
        "nonoperatingincomeexpense": 35000,
        "interestexpense": 196000,
        "incomelossfromcontinuingoperationsbeforeincometaxesminorityinterestandincomelossfromequitymethodinvestments": 31465000,
        "incometaxexpensebenefit": 10602000,
        "earningspersharebasic": 0.46,
        "earningspersharediluted": 0.42,
        "weightedaveragenumberofsharesoutstandingbasic": 45473000,
        "weightedaveragenumberofdilutedsharesoutstanding": 49687000,
        "revenuefromrelatedparties": 26578000,
        "relatedpartycosts": 54403000
    },
    {
        "date": "2014-06-29",
        "symbol": "SMCI",
        "period": "Q4",
        "netincomeloss": 16549000,
        "othercomprehensiveincomelossnetoftaxportionattributabletoparent": 11000,
        "comprehensiveincomenetoftax": 16560000,
        "salesrevenuenet": 475365000,
        "costofrevenue": 361672000,
        "grossprofit": 66397000,
        "researchanddevelopmentexpense": 23023000,
        "sellingandmarketingexpense": 10755000,
        "generalandadministrativeexpense": 6079000,
        "operatingexpenses": 39857000,
        "operatingincomeloss": 26540000,
        "nonoperatingincomeexpense": 19000,
        "interestexpense": 222000,
        "incomelossfromcontinuingoperationsbeforeincometaxesminorityinterestandincomelossfromequitymethodinvestments": 26337000,
        "incometaxexpensebenefit": 9788000,
        "earningspersharebasic": 0.37000000000000005,
        "earningspersharediluted": 0.33999999999999997,
        "weightedaveragenumberofsharesoutstandingbasic": -85804000,
        "weightedaveragenumberofdilutedsharesoutstanding": -90553000,
        "revenuefromrelatedparties": 3771000,
        "relatedpartycosts": 56709000
    },
    {
        "date": "2014-03-30",
        "symbol": "SMCI",
        "period": "Q3",
        "netincomeloss": 16574000,
        "othercomprehensiveincomeforeigncurrencytransactionandtranslationgainlossarisingduringperiodnetoftax": -4000,
        "othercomprehensiveincomelossnetoftaxportionattributabletoparent": -4000,
        "comprehensiveincomenetoftax": 16570000,
        "revenuefromrelatedparties": 3418000,
        "relatedpartycosts": 45398000,
        "salesrevenuenet": 186473000,
        "costofrevenue": 316491000,
        "grossprofit": 57264000,
        "researchanddevelopmentexpense": 20570000,
        "sellingandmarketingexpense": 9416000,
        "generalandadministrativeexpense": 5806000,
        "operatingexpenses": 35792000,
        "operatingincomeloss": 21472000,
        "nonoperatingincomeexpense": 10000,
        "interestexpense": 156000,
        "incomelossfromcontinuingoperationsbeforeincometaxesminorityinterestandincomelossfromequitymethodinvestments": 21326000,
        "incometaxexpensebenefit": 4752000,
        "earningspersharebasic": 0.38,
        "earningspersharediluted": 0.35,
        "weightedaveragenumberofsharesoutstandingbasic": 43992000,
        "weightedaveragenumberofdilutedsharesoutstanding": 47424000
    },
    {
        "date": "2013-12-30",
        "symbol": "SMCI",
        "period": "Q2",
        "netincomeloss": 13335000,
        "othercomprehensiveincomeforeigncurrencytransactionandtranslationgainlossarisingduringperiodnetoftax": -5000,
        "othercomprehensiveincomelossnetoftaxportionattributabletoparent": -5000,
        "comprehensiveincomenetoftax": 13330000,
        "revenuefromrelatedparties": 3859000,
        "relatedpartycosts": 54424000,
        "salesrevenuenet": 9603000,
        "costofrevenue": 301270000,
        "grossprofit": 55092000,
        "researchanddevelopmentexpense": 20428000,
        "sellingandmarketingexpense": 8976000,
        "generalandadministrativeexpense": 5484000,
        "operatingexpenses": 34888000,
        "operatingincomeloss": 20204000,
        "nonoperatingincomeexpense": 46000,
        "interestexpense": 184000,
        "incomelossfromcontinuingoperationsbeforeincometaxesminorityinterestandincomelossfromequitymethodinvestments": 20066000,
        "incometaxexpensebenefit": 6731000,
        "earningspersharebasic": 0.31,
        "earningspersharediluted": 0.3,
        "weightedaveragenumberofsharesoutstandingbasic": 42915000,
        "weightedaveragenumberofdilutedsharesoutstanding": 45039000
    },
    {
        "date": "2013-09-29",
        "symbol": "SMCI",
        "period": "Q1",
        "netincomeloss": 7699000,
        "othercomprehensiveincomeforeigncurrencytransactionandtranslationgainlossarisingduringperiodnetoftax": 4000,
        "othercomprehensiveincomelossnetoftaxportionattributabletoparent": 4000,
        "comprehensiveincomenetoftax": 7703000,
        "revenuefromrelatedparties": 3528000,
        "relatedpartycosts": 45317000,
        "salesrevenuenet": 54972000,
        "costofrevenue": 262224000,
        "grossprofit": 46792000,
        "researchanddevelopmentexpense": 20236000,
        "sellingandmarketingexpense": 8865000,
        "generalandadministrativeexpense": 5648000,
        "operatingexpenses": 34749000,
        "operatingincomeloss": 12043000,
        "nonoperatingincomeexpense": 17000,
        "interestexpense": 195000,
        "incomelossfromcontinuingoperationsbeforeincometaxesminorityinterestandincomelossfromequitymethodinvestments": 11865000,
        "incometaxexpensebenefit": 4166000,
        "earningspersharebasic": 0.18,
        "earningspersharediluted": 0.17,
        "weightedaveragenumberofsharesoutstandingbasic": 42496000,
        "weightedaveragenumberofdilutedsharesoutstanding": 44602000
    },
    {
        "date": "2013-06-29",
        "symbol": "SMCI",
        "period": "Q4",
        "netincomeloss": 8426000,
        "othercomprehensiveincomeforeigncurrencytransactionandtranslationgainlossarisingduringperiodnetoftax": 0,
        "salesrevenuenet": 323951000,
        "costofrevenue": 276310000,
        "grossprofit": 46023000,
        "researchanddevelopmentexpense": 19557000,
        "sellingandmarketingexpense": 8361000,
        "generalandadministrativeexpense": 5677000,
        "operatingexpenses": 33595000,
        "operatingincomeloss": 12428000,
        "nonoperatingincomeexpense": 24000,
        "interestexpense": 161000,
        "incomelossfromcontinuingoperationsbeforeincometaxesminorityinterestandincomelossfromequitymethodinvestments": 12291000,
        "incometaxexpensebenefit": 3865000,
        "earningspersharebasic": 0.18999999999999997,
        "earningspersharediluted": 0.18999999999999997,
        "weightedaveragenumberofsharesoutstandingbasic": 91000,
        "weightedaveragenumberofdilutedsharesoutstanding": -14000,
        "revenuefromrelatedparties": 4415000,
        "relatedpartycosts": 47031000
    },
    {
        "date": "2013-03-30",
        "symbol": "SMCI",
        "period": "Q3",
        "netincomeloss": 7040000,
        "othercomprehensiveincomeforeigncurrencytransactionandtranslationgainlossarisingduringperiodnetoftax": -9000,
        "othercomprehensiveincomelossnetoftaxportionattributabletoparent": -9000,
        "comprehensiveincomenetoftax": 7031000,
        "revenuefromrelatedparties": 3599000,
        "relatedpartycosts": 44764000,
        "salesrevenuenet": -151311000,
        "costofrevenue": 239141000,
        "grossprofit": 38893000,
        "researchanddevelopmentexpense": 18606000,
        "sellingandmarketingexpense": 8713000,
        "generalandadministrativeexpense": 6134000,
        "operatingexpenses": 33453000,
        "operatingincomeloss": 5440000,
        "nonoperatingincomeexpense": 2000,
        "interestexpense": 142000,
        "incomelossfromcontinuingoperationsbeforeincometaxesminorityinterestandincomelossfromequitymethodinvestments": 5300000,
        "incometaxexpensebenefit": -1740000,
        "earningspersharebasic": 0.17,
        "earningspersharediluted": 0.16,
        "weightedaveragenumberofsharesoutstandingbasic": -41659000,
        "weightedaveragenumberofdilutedsharesoutstanding": -43684000
    },
    {
        "date": "2012-12-30",
        "symbol": "SMCI",
        "period": "Q2",
        "netincomeloss": 4914000,
        "othercomprehensiveincomeforeigncurrencytransactionandtranslationgainlossarisingduringperiodnetoftax": 4000,
        "othercomprehensiveincomeunrealizedholdinggainlossonsecuritiesarisingduringperiodnetoftax": 16000,
        "othercomprehensiveincomelossnetoftaxportionattributabletoparent": 20000,
        "comprehensiveincomenetoftax": 4934000,
        "revenuefromrelatedparties": 2898000,
        "relatedpartycosts": 38683000,
        "salesrevenuenet": 165370000,
        "costofrevenue": 251365000,
        "grossprofit": 40122000,
        "researchanddevelopmentexpense": 18824000,
        "sellingandmarketingexpense": 7945000,
        "generalandadministrativeexpense": 5745000,
        "operatingexpenses": 32514000,
        "operatingincomeloss": 7608000,
        "nonoperatingincomeexpense": 7000,
        "interestexpense": 152000,
        "incomelossfromcontinuingoperationsbeforeincometaxesminorityinterestandincomelossfromequitymethodinvestments": 7463000,
        "incometaxexpensebenefit": 2549000,
        "earningspersharebasic": 0.12,
        "earningspersharediluted": 0.11,
        "weightedaveragenumberofsharesoutstandingbasic": 41893000,
        "weightedaveragenumberofdilutedsharesoutstanding": 43431000
    },
    {
        "date": "2012-09-29",
        "symbol": "SMCI",
        "period": "Q1",
        "netincomeloss": 899000,
        "othercomprehensiveincomeforeigncurrencytransactionandtranslationgainlossarisingduringperiodnetoftax": 4000,
        "othercomprehensiveincomelossnetoftaxportionattributabletoparent": 4000,
        "comprehensiveincomenetoftax": 903000,
        "salesrevenuenet": 163858000,
        "costofrevenue": 235692000,
        "grossprofit": 35015000,
        "researchanddevelopmentexpense": 18221000,
        "sellingandmarketingexpense": 8766000,
        "generalandadministrativeexpense": 6346000,
        "operatingexpenses": 33333000,
        "operatingincomeloss": 1682000,
        "nonoperatingincomeexpense": 15000,
        "interestexpense": 155000,
        "incomelossfromcontinuingoperationsbeforeincometaxesminorityinterestandincomelossfromequitymethodinvestments": 1542000,
        "incometaxexpensebenefit": 643000,
        "earningspersharebasic": 0.02,
        "earningspersharediluted": 0.02,
        "weightedaveragenumberofsharesoutstandingbasic": 41667000,
        "weightedaveragenumberofdilutedsharesoutstanding": 44174000,
        "revenuefromrelatedparties": 2893000,
        "relatedpartycosts": 49257000
    },
    {
        "date": "2012-03-30",
        "symbol": "SMCI",
        "period": "Q3",
        "salesrevenuenet": 240178000,
        "costofrevenue": 199449000,
        "grossprofit": 40729000,
        "researchanddevelopmentexpense": 17162000,
        "sellingandmarketingexpense": 8175000,
        "generalandadministrativeexpense": 5802000,
        "operatingexpenses": 31139000,
        "operatingincomeloss": 9590000,
        "nonoperatingincomeexpense": 9000,
        "interestexpense": 189000,
        "incomelossfromcontinuingoperationsbeforeincometaxesminorityinterestandincomelossfromequitymethodinvestments": 9410000,
        "incometaxexpensebenefit": 2333000,
        "netincomeloss": 7077000,
        "earningspersharebasic": 0.17,
        "earningspersharediluted": 0.16000000000000003,
        "weightedaveragenumberofsharesoutstandingbasic": -40232000,
        "weightedaveragenumberofdilutedsharesoutstanding": -43254000,
        "revenuefromrelatedparties": 3347000,
        "relatedpartycosts": 40166000
    },
    {
        "date": "2011-12-30",
        "symbol": "SMCI",
        "period": "Q2",
        "salesrevenuenet": 249915000,
        "costofrevenue": 207301000,
        "grossprofit": 42614000,
        "researchanddevelopmentexpense": 15657000,
        "sellingandmarketingexpense": 8032000,
        "generalandadministrativeexpense": 5207000,
        "operatingexpenses": 28896000,
        "operatingincomeloss": 13718000,
        "nonoperatingincomeexpense": 20000,
        "interestexpense": 173000,
        "incomelossfromcontinuingoperationsbeforeincometaxesminorityinterestandincomelossfromequitymethodinvestments": 13565000,
        "incometaxexpensebenefit": 4791000,
        "netincomeloss": 8774000,
        "earningspersharebasic": 0.21,
        "earningspersharediluted": 0.2,
        "weightedaveragenumberofsharesoutstandingbasic": 40555000,
        "weightedaveragenumberofdilutedsharesoutstanding": 43816000,
        "revenuefromrelatedparties": 2643000,
        "relatedpartycosts": 38340000
    },
    {
        "date": "2011-09-29",
        "symbol": "SMCI",
        "period": "Q1",
        "salesrevenuenet": 247885000,
        "costofrevenue": 208259000,
        "grossprofit": 39626000,
        "researchanddevelopmentexpense": 13824000,
        "sellingandmarketingexpense": 7710000,
        "generalandadministrativeexpense": 4578000,
        "operatingexpenses": 26112000,
        "operatingincomeloss": 13514000,
        "nonoperatingincomeexpense": 17000,
        "interestexpense": 194000,
        "incomelossfromcontinuingoperationsbeforeincometaxesminorityinterestandincomelossfromequitymethodinvestments": 13337000,
        "incometaxexpensebenefit": 4845000,
        "netincomeloss": 8492000,
        "earningspersharebasic": 0.21,
        "earningspersharediluted": 0.19,
        "weightedaveragenumberofsharesoutstandingbasic": 40356000,
        "weightedaveragenumberofdilutedsharesoutstanding": 43395000,
        "revenuefromrelatedparties": 2835000,
        "relatedpartycosts": 37393000
    }
]