[
    {
        "date": "2024-10-30",
        "symbol": "ZS",
        "period": "Q1",
        "revenuefromcontractwithcustomerexcludingassessedtax": 627955000,
        "costofrevenue": 141462000,
        "grossprofit": 486493000,
        "sellingandmarketingexpense": 306087000,
        "researchanddevelopmentexpense": 154254000,
        "generalandadministrativeexpense": 56819000,
        "operatingexpenses": 517160000,
        "operatingincomeloss": -30667000,
        "investmentincomeinterest": 30048000,
        "interestexpensenonoperating": 3143000,
        "othernonoperatingincomeexpense": -652000,
        "incomelossfromcontinuingoperationsbeforeincometaxesextraordinaryitemsnoncontrollinginterest": -4414000,
        "incometaxexpensebenefit": 7600000,
        "netincomeloss": -12051000,
        "earningspersharebasic": -0.08,
        "earningspersharediluted": -0.08,
        "weightedaveragenumberofsharesoutstandingbasic": 152557000,
        "weightedaveragenumberofdilutedsharesoutstanding": 152557000,
        "othercomprehensiveincomelossavailableforsalesecuritiesadjustmentnetoftax": 1041000,
        "othercomprehensiveincomelosscashflowhedgegainlossbeforereclassificationaftertax": 469000,
        "othercomprehensiveincomelosscashflowhedgegainlossreclassificationaftertax": 1208000,
        "othercomprehensiveincomelosscashflowhedgegainlossafterreclassificationandtaxparent": -739000,
        "othercomprehensiveincomelossnetoftaxportionattributabletoparent": 302000,
        "comprehensiveincomenetoftax": -11749000
    },
    {
        "date": "2024-07-30",
        "symbol": "ZS",
        "period": "Q4",
        "revenuefromcontractwithcustomerexcludingassessedtax": 592868000,
        "costofrevenue": 130205000,
        "grossprofit": 462663000,
        "sellingandmarketingexpense": 294200000,
        "researchanddevelopmentexpense": 139150000,
        "generalandadministrativeexpense": 56263000,
        "operatingexpenses": 489613000,
        "operatingincomeloss": -26950000,
        "investmentincomeinterest": 27233000,
        "othernonoperatingincomeexpense": -1783000,
        "incomelossfromcontinuingoperationsbeforeincometaxesextraordinaryitemsnoncontrollinginterest": -5104000,
        "incometaxexpensebenefit": -23903000,
        "netincomeloss": -14878000,
        "earningspersharebasic": -0.1,
        "earningspersharediluted": -0.09,
        "weightedaveragenumberofsharesoutstandingbasic": 149586000,
        "weightedaveragenumberofdilutedsharesoutstanding": 149586000,
        "othercomprehensiveincomelosscashflowhedgegainlossbeforereclassificationaftertax": 2338000,
        "othercomprehensiveincomelosscashflowhedgegainlossafterreclassificationandtaxparent": 3613000,
        "othercomprehensiveincomelossnetoftaxportionattributabletoparent": 10886000,
        "comprehensiveincomenetoftax": -3992000
    },
    {
        "date": "2024-04-29",
        "symbol": "ZS",
        "period": "Q3",
        "revenuefromcontractwithcustomerexcludingassessedtax": 553201000,
        "costofrevenue": 118331000,
        "grossprofit": 434870000,
        "sellingandmarketingexpense": 262447000,
        "researchanddevelopmentexpense": 124958000,
        "generalandadministrativeexpense": 50478000,
        "operatingexpenses": 437883000,
        "operatingincomeloss": -3013000,
        "investmentincomeinterest": 27570000,
        "interestexpense": 2764000,
        "othernonoperatingincomeexpense": -927000,
        "incomelossfromcontinuingoperationsbeforeincometaxesextraordinaryitemsnoncontrollinginterest": 20866000,
        "incometaxexpensebenefit": 1742000,
        "netincomeloss": 19124000,
        "earningspersharebasic": 0.13,
        "earningspersharediluted": 0.12,
        "weightedaveragenumberofsharesoutstandingbasic": 150290000,
        "weightedaveragenumberofdilutedsharesoutstanding": 154081000,
        "othercomprehensiveincomelossavailableforsalesecuritiesadjustmentnetoftax": -5940000,
        "othercomprehensiveincomelosscashflowhedgegainlossbeforereclassificationaftertax": -5316000,
        "othercomprehensiveincomelosscashflowhedgegainlossreclassificationaftertax": 1410000,
        "othercomprehensiveincomelosscashflowhedgegainlossafterreclassificationandtaxparent": -6726000,
        "othercomprehensiveincomelossnetoftaxportionattributabletoparent": -12666000,
        "comprehensiveincomenetoftax": 6458000
    },
    {
        "date": "2024-01-30",
        "symbol": "ZS",
        "period": "Q2",
        "revenuefromcontractwithcustomerexcludingassessedtax": 524999000,
        "costofrevenue": 117199000,
        "grossprofit": 407800000,
        "sellingandmarketingexpense": 276481000,
        "researchanddevelopmentexpense": 122181000,
        "generalandadministrativeexpense": 54595000,
        "operatingexpenses": 453257000,
        "operatingincomeloss": -45457000,
        "investmentincomeinterest": 28385000,
        "interestexpense": 3605000,
        "othernonoperatingincomeexpense": 172000,
        "incomelossfromcontinuingoperationsbeforeincometaxesextraordinaryitemsnoncontrollinginterest": -20505000,
        "incometaxexpensebenefit": 7964000,
        "netincomeloss": -28469000,
        "earningspersharebasic": -0.19,
        "earningspersharediluted": -0.19,
        "weightedaveragenumberofsharesoutstandingbasic": 148951000,
        "weightedaveragenumberofdilutedsharesoutstanding": 148951000,
        "othercomprehensiveincomelossavailableforsalesecuritiesadjustmentnetoftax": 9204000,
        "othercomprehensiveincomelosscashflowhedgegainlossbeforereclassificationaftertax": 7353000,
        "othercomprehensiveincomelosscashflowhedgegainlossreclassificationaftertax": 1611000,
        "othercomprehensiveincomelosscashflowhedgegainlossafterreclassificationandtaxparent": 5742000,
        "othercomprehensiveincomelossnetoftaxportionattributabletoparent": 14946000,
        "comprehensiveincomenetoftax": -13523000
    },
    {
        "date": "2023-10-30",
        "symbol": "ZS",
        "period": "Q1",
        "revenuefromcontractwithcustomerexcludingassessedtax": 496703000,
        "costofrevenue": 111394000,
        "grossprofit": 385309000,
        "sellingandmarketingexpense": 267111000,
        "researchanddevelopmentexpense": 113539000,
        "generalandadministrativeexpense": 50716000,
        "operatingexpenses": 431366000,
        "operatingincomeloss": -46057000,
        "investmentincomeinterest": 25942000,
        "interestexpense": 3159000,
        "othernonoperatingincomeexpense": -1212000,
        "incomelossfromcontinuingoperationsbeforeincometaxesextraordinaryitemsnoncontrollinginterest": -24486000,
        "incometaxexpensebenefit": 8997000,
        "netincomeloss": -33483000,
        "earningspersharebasic": -0.23,
        "earningspersharediluted": -0.23,
        "weightedaveragenumberofsharesoutstandingbasic": 147625000,
        "weightedaveragenumberofdilutedsharesoutstanding": 147625000,
        "othercomprehensiveincomeunrealizedholdinggainlossonsecuritiesarisingduringperiodnetoftax": -589000,
        "othercomprehensiveincomelosscashflowhedgegainlossbeforereclassificationaftertax": -15136000,
        "othercomprehensiveincomelosscashflowhedgegainlossafterreclassificationtaxparent": 654000,
        "othercomprehensiveincomelosscashflowhedgegainlossafterreclassificationandtaxparent": -15790000,
        "othercomprehensiveincomelossnetoftaxportionattributabletoparent": -16379000,
        "comprehensiveincomenetoftax": -49862000
    },
    {
        "date": "2023-07-30",
        "symbol": "ZS",
        "period": "Q4",
        "revenuefromcontractwithcustomerexcludingassessedtax": 455006000,
        "costofrevenue": 102682000,
        "grossprofit": 352324000,
        "sellingandmarketingexpense": 252810000,
        "researchanddevelopmentexpense": 96387000,
        "generalandadministrativeexpense": 46380000,
        "operatingexpenses": 396876000,
        "operatingincomeloss": -44552000,
        "investmentincomeinterest": 21351000,
        "interestexpense": 2494000,
        "othernonoperatingincomeexpense": -331000,
        "incomelossfromcontinuingoperationsbeforeincometaxesextraordinaryitemsnoncontrollinginterest": -26026000,
        "incometaxexpensebenefit": 4648000,
        "netincomeloss": -30674000,
        "earningspersharebasic": -0.19999999999999984,
        "earningspersharediluted": -0.19999999999999984,
        "weightedaveragenumberofsharesoutstandingbasic": -288399000,
        "weightedaveragenumberofdilutedsharesoutstanding": -288399000,
        "othercomprehensiveincomeunrealizedholdinggainlossonsecuritiesarisingduringperiodnetoftax": -3078000,
        "othercomprehensiveincomelosscashflowhedgegainlossbeforereclassificationaftertax": 306000,
        "othercomprehensiveincomelosscashflowhedgegainlossreclassificationaftertax": -5767000,
        "othercomprehensiveincomelosscashflowhedgegainlossafterreclassificationandtaxparent": 1604000,
        "othercomprehensiveincomelossnetoftaxportionattributabletoparent": -1474000,
        "comprehensiveincomenetoftax": -32148000
    },
    {
        "date": "2023-04-29",
        "symbol": "ZS",
        "period": "Q3",
        "revenuefromcontractwithcustomerexcludingassessedtax": 418800000,
        "costofrevenue": 95849000,
        "grossprofit": 322951000,
        "sellingandmarketingexpense": 236273000,
        "researchanddevelopmentexpense": 92637000,
        "generalandadministrativeexpense": 43486000,
        "restructuringandothercosts": 6301000,
        "operatingexpenses": 378697000,
        "operatingincomeloss": -55746000,
        "investmentincomeinterest": 18577000,
        "interestexpense": 1383000,
        "othernonoperatingincomeexpense": -809000,
        "incomelossfromcontinuingoperationsbeforeincometaxesextraordinaryitemsnoncontrollinginterest": -39361000,
        "incometaxexpensebenefit": 6685000,
        "netincomeloss": -46046000,
        "earningspersharebasic": -0.32,
        "earningspersharediluted": -0.32,
        "weightedaveragenumberofsharesoutstandingbasic": 145354000,
        "weightedaveragenumberofdilutedsharesoutstanding": 145354000,
        "othercomprehensiveincomeunrealizedholdinggainlossonsecuritiesarisingduringperiodnetoftax": 2817000,
        "othercomprehensiveincomelosscashflowhedgegainlossbeforereclassificationaftertax": 817000,
        "othercomprehensiveincomelosscashflowhedgegainlossreclassificationaftertax": -1301000,
        "othercomprehensiveincomelosscashflowhedgegainlossafterreclassificationandtaxparent": 2118000,
        "othercomprehensiveincomelossnetoftaxportionattributabletoparent": 4935000,
        "comprehensiveincomenetoftax": -41111000
    },
    {
        "date": "2023-01-30",
        "symbol": "ZS",
        "period": "Q2",
        "revenuefromcontractwithcustomerexcludingassessedtax": 387598000,
        "costofrevenue": 87604000,
        "grossprofit": 299994000,
        "sellingandmarketingexpense": 235945000,
        "researchanddevelopmentexpense": 85765000,
        "generalandadministrativeexpense": 43522000,
        "operatingexpenses": 365232000,
        "operatingincomeloss": -65238000,
        "investmentincomeinterest": 12669000,
        "interestexpense": 1333000,
        "othernonoperatingincomeexpense": 141000,
        "incomelossfromcontinuingoperationsbeforeincometaxesextraordinaryitemsnoncontrollinginterest": -53761000,
        "incometaxexpensebenefit": 3692000,
        "netincomeloss": -57453000,
        "earningspersharebasic": -0.4,
        "earningspersharediluted": -0.4,
        "weightedaveragenumberofsharesoutstandingbasic": 144511000,
        "weightedaveragenumberofdilutedsharesoutstanding": 144511000,
        "othercomprehensiveincomeunrealizedholdinggainlossonsecuritiesarisingduringperiodnetoftax": 4501000,
        "othercomprehensiveincomelosscashflowhedgegainlossbeforereclassificationaftertax": 24019000,
        "othercomprehensiveincomelosscashflowhedgegainlossreclassificationaftertax": -4267000,
        "othercomprehensiveincomelosscashflowhedgegainlossafterreclassificationandtaxparent": 28286000,
        "othercomprehensiveincomelossnetoftaxportionattributabletoparent": 32787000,
        "comprehensiveincomenetoftax": -24666000
    },
    {
        "date": "2022-10-30",
        "symbol": "ZS",
        "period": "Q1",
        "revenuefromcontractwithcustomerexcludingassessedtax": 355548000,
        "costofrevenue": 76697000,
        "grossprofit": 278851000,
        "sellingandmarketingexpense": 228836000,
        "researchanddevelopmentexpense": 74946000,
        "generalandadministrativeexpense": 44156000,
        "operatingexpenses": 347938000,
        "operatingincomeloss": -69087000,
        "investmentincomeinterest": 7865000,
        "interestexpense": 1331000,
        "othernonoperatingincomeexpense": -863000,
        "incomelossfromcontinuingoperationsbeforeincometaxesextraordinaryitemsnoncontrollinginterest": -63416000,
        "incometaxexpensebenefit": 4746000,
        "netincomeloss": -68162000,
        "earningspersharebasic": -0.48,
        "earningspersharediluted": -0.48,
        "weightedaveragenumberofsharesoutstandingbasic": 143476000,
        "weightedaveragenumberofdilutedsharesoutstanding": 143476000,
        "othercomprehensiveincomeunrealizedholdinggainlossonsecuritiesarisingduringperiodnetoftax": -2648000,
        "othercomprehensiveincomelosscashflowhedgegainlossbeforereclassificationaftertax": -14039000,
        "othercomprehensiveincomelosscashflowhedgegainlossreclassificationaftertax": -244000,
        "othercomprehensiveincomelosscashflowhedgegainlossafterreclassificationandtaxparent": -9326000,
        "othercomprehensiveincomelossnetoftaxportionattributabletoparent": -11974000,
        "comprehensiveincomenetoftax": -80136000
    },
    {
        "date": "2022-07-30",
        "symbol": "ZS",
        "period": "Q4",
        "revenuefromcontractwithcustomerexcludingassessedtax": 318059000,
        "costofrevenue": 68308000,
        "grossprofit": 249751000,
        "sellingandmarketingexpense": 214228000,
        "researchanddevelopmentexpense": 78150000,
        "generalandadministrativeexpense": 39902000,
        "operatingexpenses": 332280000,
        "operatingincomeloss": -82529000,
        "investmentincomeinterest": 2607000,
        "interestexpense": 14458000,
        "othernonoperatingincomeexpense": -774000,
        "incomelossfromcontinuingoperationsbeforeincometaxesextraordinaryitemsnoncontrollinginterest": -95154000,
        "incometaxexpensebenefit": -5150000,
        "netincomeloss": -97652000,
        "earningspersharebasic": -0.6899999999999998,
        "earningspersharediluted": -0.6899999999999998,
        "weightedaveragenumberofsharesoutstandingbasic": -280338000,
        "weightedaveragenumberofdilutedsharesoutstanding": -280338000,
        "othercomprehensiveincomeunrealizedholdinggainlossonsecuritiesarisingduringperiodnetoftax": 449000,
        "othercomprehensiveincomelosscashflowhedgegainlossbeforereclassificationaftertax": -6358000,
        "othercomprehensiveincomelosscashflowhedgegainlossreclassificationaftertax": -3116000,
        "othercomprehensiveincomelosscashflowhedgegainlossafterreclassificationandtaxparent": -1821000,
        "othercomprehensiveincomelossnetoftaxportionattributabletoparent": -1372000,
        "comprehensiveincomenetoftax": -99024000
    },
    {
        "date": "2022-04-29",
        "symbol": "ZS",
        "period": "Q3",
        "revenuefromcontractwithcustomerexcludingassessedtax": 286807000,
        "costofrevenue": 64022000,
        "grossprofit": 222785000,
        "sellingandmarketingexpense": 192132000,
        "researchanddevelopmentexpense": 76578000,
        "generalandadministrativeexpense": 40672000,
        "operatingexpenses": 309382000,
        "operatingincomeloss": -86597000,
        "investmentincomeinterest": 949000,
        "interestexpense": 14246000,
        "othernonoperatingincomeexpense": -2001000,
        "incomelossfromcontinuingoperationsbeforeincometaxesextraordinaryitemsnoncontrollinginterest": -101895000,
        "incometaxexpensebenefit": -490000,
        "netincomeloss": -101405000,
        "earningspersharebasic": -0.72,
        "earningspersharediluted": -0.72,
        "weightedaveragenumberofsharesoutstandingbasic": 141422000,
        "weightedaveragenumberofdilutedsharesoutstanding": 141422000,
        "othercomprehensiveincomeunrealizedholdinggainlossonsecuritiesarisingduringperiodnetoftax": -7121000,
        "othercomprehensiveincomelosscashflowhedgegainlossbeforereclassificationaftertax": -9304000,
        "othercomprehensiveincomelosscashflowhedgegainlossreclassificationaftertax": -1246000,
        "othercomprehensiveincomelosscashflowhedgegainlossafterreclassificationandtaxparent": -8058000,
        "othercomprehensiveincomelossnetoftaxportionattributabletoparent": -15179000,
        "comprehensiveincomenetoftax": -116584000
    },
    {
        "date": "2022-01-30",
        "symbol": "ZS",
        "period": "Q2",
        "revenuefromcontractwithcustomerexcludingassessedtax": 255563000,
        "costofrevenue": 57783000,
        "grossprofit": 197780000,
        "sellingandmarketingexpense": 175073000,
        "researchanddevelopmentexpense": 69195000,
        "generalandadministrativeexpense": 37444000,
        "operatingexpenses": 281712000,
        "operatingincomeloss": -83932000,
        "investmentincomeinterest": 557000,
        "interestexpense": 14040000,
        "othernonoperatingincomeexpense": -844000,
        "incomelossfromcontinuingoperationsbeforeincometaxesextraordinaryitemsnoncontrollinginterest": -98259000,
        "incometaxexpensebenefit": 2161000,
        "netincomeloss": -100420000,
        "earningspersharebasic": -0.71,
        "earningspersharediluted": -0.71,
        "weightedaveragenumberofsharesoutstandingbasic": 140515000,
        "weightedaveragenumberofdilutedsharesoutstanding": 140515000,
        "othercomprehensiveincomeunrealizedholdinggainlossonsecuritiesarisingduringperiodnetoftax": -4247000,
        "othercomprehensiveincomelosscashflowhedgegainlossbeforereclassificationaftertax": -3164000,
        "othercomprehensiveincomelosscashflowhedgegainlossreclassificationaftertax": -876000,
        "othercomprehensiveincomelosscashflowhedgegainlossafterreclassificationandtaxparent": -2288000,
        "othercomprehensiveincomelossnetoftaxportionattributabletoparent": -6535000,
        "comprehensiveincomenetoftax": -106955000
    },
    {
        "date": "2021-10-30",
        "symbol": "ZS",
        "period": "Q1",
        "revenuefromcontractwithcustomerexcludingassessedtax": 230517000,
        "costofrevenue": 52169000,
        "grossprofit": 178348000,
        "sellingandmarketingexpense": 153786000,
        "researchanddevelopmentexpense": 65216000,
        "generalandadministrativeexpense": 33717000,
        "operatingexpenses": 252719000,
        "operatingincomeloss": -74371000,
        "investmentincomeinterest": 473000,
        "interestexpense": 13835000,
        "othernonoperatingincomeexpense": -589000,
        "incomelossfromcontinuingoperationsbeforeincometaxesextraordinaryitemsnoncontrollinginterest": -88322000,
        "incometaxexpensebenefit": 2479000,
        "netincomeloss": -90801000,
        "earningspersharebasic": -0.65,
        "earningspersharediluted": -0.65,
        "weightedaveragenumberofsharesoutstandingbasic": 139296000,
        "weightedaveragenumberofdilutedsharesoutstanding": 139296000,
        "othercomprehensiveincomeunrealizedholdinggainlossonsecuritiesarisingduringperiodnetoftax": -1164000,
        "othercomprehensiveincomelosscashflowhedgegainlossbeforereclassificationaftertax": -1304000,
        "othercomprehensiveincomelosscashflowhedgegainlossreclassificationaftertax": -354000,
        "othercomprehensiveincomelosscashflowhedgegainlossafterreclassificationandtaxparent": -950000,
        "othercomprehensiveincomelossnetoftaxportionattributabletoparent": -2114000,
        "comprehensiveincomenetoftax": -92915000
    },
    {
        "date": "2021-04-29",
        "symbol": "ZS",
        "period": "Q3",
        "revenuefromcontractwithcustomerexcludingassessedtax": 176404000,
        "costofrevenue": 38977000,
        "grossprofit": 137427000,
        "sellingandmarketingexpense": 115730000,
        "researchanddevelopmentexpense": 40952000,
        "generalandadministrativeexpense": 24595000,
        "operatingexpenses": 181277000,
        "operatingincomeloss": -43850000,
        "investmentincomeinterest": 593000,
        "interestexpense": 13436000,
        "othernonoperatingincomeexpense": 71000,
        "incomelossfromcontinuingoperationsbeforeincometaxesextraordinaryitemsnoncontrollinginterest": -56622000,
        "incometaxexpensebenefit": 1837000,
        "netincomeloss": -58459000,
        "earningspersharebasicanddiluted": -0.43,
        "weightedaveragenumberofshareoutstandingbasicanddiluted": 136385000,
        "othercomprehensiveincomeunrealizedholdinggainlossonsecuritiesarisingduringperiodnetoftax": -316000,
        "othercomprehensiveincomelosscashflowhedgegainlossbeforereclassificationaftertax": 572000,
        "othercomprehensiveincomelosscashflowhedgegainlossreclassificationaftertax": 69000,
        "othercomprehensiveincomelosscashflowhedgegainlossafterreclassificationandtaxparent": 503000,
        "othercomprehensiveincomelossnetoftaxportionattributabletoparent": 187000,
        "comprehensiveincomenetoftax": -58272000
    },
    {
        "date": "2021-01-30",
        "symbol": "ZS",
        "period": "Q2",
        "revenuefromcontractwithcustomerexcludingassessedtax": 157044000,
        "costofrevenue": 34135000,
        "grossprofit": 122909000,
        "sellingandmarketingexpense": 110403000,
        "researchanddevelopmentexpense": 41751000,
        "generalandadministrativeexpense": 24653000,
        "operatingexpenses": 176807000,
        "operatingincomeloss": -53898000,
        "investmentincomeinterest": 755000,
        "interestexpense": 13245000,
        "othernonoperatingincomeexpense": 518000,
        "incomelossfromcontinuingoperationsbeforeincometaxesextraordinaryitemsnoncontrollinginterest": -65870000,
        "incometaxexpensebenefit": 1671000,
        "netincomeloss": -67541000,
        "earningspersharebasicanddiluted": -0.5,
        "weightedaveragenumberofshareoutstandingbasicanddiluted": 135024000,
        "othercomprehensiveincomeunrealizedholdinggainlossonsecuritiesarisingduringperiodnetoftax": 388000,
        "othercomprehensiveincomelosscashflowhedgegainlossafterreclassificationandtaxparent": 351000,
        "othercomprehensiveincomelossnetoftaxportionattributabletoparent": 739000,
        "comprehensiveincomenetoftax": -66802000
    },
    {
        "date": "2020-10-30",
        "symbol": "ZS",
        "period": "Q1",
        "revenuefromcontractwithcustomerexcludingassessedtax": 142578000,
        "costofrevenue": 31727000,
        "grossprofit": 110851000,
        "sellingandmarketingexpense": 96889000,
        "researchanddevelopmentexpense": 35770000,
        "generalandadministrativeexpense": 20859000,
        "operatingexpenses": 153518000,
        "operatingincomeloss": -42667000,
        "investmentincomeinterest": 940000,
        "interestexpense": 13049000,
        "othernonoperatingincomeexpense": 268000,
        "incomelossfromcontinuingoperationsbeforeincometaxesextraordinaryitemsnoncontrollinginterest": -54508000,
        "incometaxexpensebenefit": 498000,
        "netincomeloss": -55006000,
        "earningspersharebasicanddiluted": -0.41,
        "weightedaveragenumberofshareoutstandingbasicanddiluted": 133452000,
        "othercomprehensiveincomeunrealizedholdinggainlossonsecuritiesarisingduringperiodnetoftax": -730000,
        "othercomprehensiveincomelossnetoftaxportionattributabletoparent": -730000,
        "comprehensiveincomenetoftax": -55736000
    },
    {
        "date": "2020-07-30",
        "symbol": "ZS",
        "period": "Q4",
        "revenuefromcontractwithcustomerexcludingassessedtax": 125887000,
        "costofrevenue": 31358000,
        "grossprofit": 94529000,
        "sellingandmarketingexpense": 89222000,
        "researchanddevelopmentexpense": 32785000,
        "generalandadministrativeexpense": 17409000,
        "operatingexpenses": 139416000,
        "operatingincomeloss": -44887000,
        "incomelossfromcontinuingoperationsbeforeincometaxesextraordinaryitemsnoncontrollinginterest": -49092000,
        "incometaxexpensebenefit": 457000,
        "netincomeloss": -49549000,
        "earningspersharebasicanddiluted": -0.38,
        "weightedaveragenumberofshareoutstandingbasicanddiluted": -256315000,
        "othercomprehensiveincomeunrealizedholdinggainlossonsecuritiesarisingduringperiodnetoftax": -364000,
        "othercomprehensiveincomelossnetoftaxportionattributabletoparent": -364000,
        "comprehensiveincomenetoftax": -49913000
    },
    {
        "date": "2020-04-29",
        "symbol": "ZS",
        "period": "Q3",
        "revenuefromcontractwithcustomerexcludingassessedtax": 110524000,
        "costofrevenue": 24579000,
        "grossprofit": 85945000,
        "sellingandmarketingexpense": 67727000,
        "researchanddevelopmentexpense": 24117000,
        "generalandadministrativeexpense": 14615000,
        "operatingexpenses": 106459000,
        "operatingincomeloss": -20514000,
        "interestincomeexpensenet": 1528000,
        "nonoperatingincomeexpense": 70000,
        "incomelossfromcontinuingoperationsbeforeincometaxesextraordinaryitemsnoncontrollinginterest": -18916000,
        "incometaxexpensebenefit": 421000,
        "netincomeloss": -19337000,
        "earningspersharebasicanddiluted": -0.15,
        "weightedaveragenumberofshareoutstandingbasicanddiluted": 129682000,
        "othercomprehensiveincomeunrealizedholdinggainlossonsecuritiesarisingduringperiodnetoftax": 336000,
        "othercomprehensiveincomelossnetoftaxportionattributabletoparent": 336000,
        "comprehensiveincomenetoftax": -19001000
    },
    {
        "date": "2020-01-30",
        "symbol": "ZS",
        "period": "Q2",
        "revenuefromcontractwithcustomerexcludingassessedtax": 101268000,
        "costofrevenue": 20238000,
        "grossprofit": 81030000,
        "sellingandmarketingexpense": 61621000,
        "researchanddevelopmentexpense": 20706000,
        "generalandadministrativeexpense": 28983000,
        "operatingexpenses": 111310000,
        "operatingincomeloss": -30280000,
        "interestincomeexpensenet": 1855000,
        "nonoperatingincomeexpense": -13000,
        "incomelossfromcontinuingoperationsbeforeincometaxesextraordinaryitemsnoncontrollinginterest": -28438000,
        "incometaxexpensebenefit": 716000,
        "netincomeloss": -29154000,
        "earningspersharebasicanddiluted": -0.23,
        "weightedaveragenumberofshareoutstandingbasicanddiluted": 128408000,
        "othercomprehensiveincomeunrealizedholdinggainlossonsecuritiesarisingduringperiodnetoftax": 55000,
        "othercomprehensiveincomelossnetoftaxportionattributabletoparent": 55000,
        "comprehensiveincomenetoftax": -29099000
    },
    {
        "date": "2019-10-30",
        "symbol": "ZS",
        "period": "Q1",
        "revenuefromcontractwithcustomerexcludingassessedtax": 93590000,
        "costofrevenue": 19558000,
        "grossprofit": 74032000,
        "sellingandmarketingexpense": 59411000,
        "researchanddevelopmentexpense": 20271000,
        "generalandadministrativeexpense": 12625000,
        "operatingexpenses": 92307000,
        "operatingincomeloss": -18275000,
        "interestincomeexpensenet": 2022000,
        "nonoperatingincomeexpense": -29000,
        "incomelossfromcontinuingoperationsbeforeincometaxesextraordinaryitemsnoncontrollinginterest": -16282000,
        "incometaxexpensebenefit": 794000,
        "netincomeloss": -17076000,
        "earningspersharebasicanddiluted": -0.13,
        "weightedaveragenumberofshareoutstandingbasicanddiluted": 127548000,
        "othercomprehensiveincomeunrealizedholdinggainlossonsecuritiesarisingduringperiodnetoftax": 168000,
        "othercomprehensiveincomelossnetoftaxportionattributabletoparent": 168000,
        "comprehensiveincomenetoftax": -16908000
    },
    {
        "date": "2019-07-30",
        "symbol": "ZS",
        "period": "Q4",
        "revenuefromcontractwithcustomerexcludingassessedtax": 86108000,
        "costofrevenue": 17339000,
        "grossprofit": 68769000,
        "sellingandmarketingexpense": 49317000,
        "researchanddevelopmentexpense": 17213000,
        "generalandadministrativeexpense": 10170000,
        "operatingexpenses": 76700000,
        "operatingincomeloss": -7931000,
        "interestincomeexpensenet": 2135000,
        "nonoperatingincomeexpense": -247000,
        "incomelossfromcontinuingoperationsbeforeincometaxesextraordinaryitemsnoncontrollinginterest": -6043000,
        "incometaxexpensebenefit": -740000,
        "netincomeloss": -5276000,
        "netincomelossavailabletocommonstockholdersbasic": -5276000,
        "earningspersharebasicanddiluted": -0.04000000000000001,
        "weightedaveragenumberofshareoutstandingbasicanddiluted": -244434000,
        "othercomprehensiveincomeunrealizedholdinggainlossonsecuritiesarisingduringperiodnetoftax": 167000,
        "othercomprehensiveincomelossnetoftaxportionattributabletoparent": 167000,
        "comprehensiveincomenetoftax": -5109000
    },
    {
        "date": "2019-04-29",
        "symbol": "ZS",
        "period": "Q3",
        "revenuefromcontractwithcustomerexcludingassessedtax": 79128000,
        "costofrevenue": 14960000,
        "grossprofit": 64168000,
        "sellingandmarketingexpense": 45295000,
        "researchanddevelopmentexpense": 16499000,
        "generalandadministrativeexpense": 15911000,
        "operatingexpenses": 77705000,
        "operatingincomeloss": -13537000,
        "interestincomeexpensenet": 2081000,
        "nonoperatingincomeexpense": -144000,
        "incomelossfromcontinuingoperationsbeforeincometaxesextraordinaryitemsnoncontrollinginterest": -11600000,
        "incometaxexpensebenefit": 636000,
        "netincomeloss": -12236000,
        "netincomelossavailabletocommonstockholdersbasic": -12236000,
        "earningspersharebasicanddiluted": -0.1,
        "weightedaveragenumberofshareoutstandingbasicanddiluted": 124672000,
        "othercomprehensiveincomeunrealizedholdinggainlossonsecuritiesarisingduringperiodnetoftax": 160000,
        "othercomprehensiveincomelossnetoftaxportionattributabletoparent": 160000,
        "comprehensiveincomenetoftax": -12076000
    },
    {
        "date": "2019-01-30",
        "symbol": "ZS",
        "period": "Q2",
        "revenuefromcontractwithcustomerexcludingassessedtax": 74302000,
        "costofrevenue": 15271000,
        "grossprofit": 59031000,
        "sellingandmarketingexpense": 38756000,
        "researchanddevelopmentexpense": 15071000,
        "generalandadministrativeexpense": 10386000,
        "operatingexpenses": 64213000,
        "operatingincomeloss": -5182000,
        "interestincomeexpensenet": 1924000,
        "nonoperatingincomeexpense": 250000,
        "incomelossfromcontinuingoperationsbeforeincometaxesextraordinaryitemsnoncontrollinginterest": -3008000,
        "incometaxexpensebenefit": 547000,
        "netincomeloss": -3555000,
        "netincomelossavailabletocommonstockholdersbasic": -3555000,
        "earningspersharebasicanddiluted": -0.03,
        "weightedaveragenumberofshareoutstandingbasicanddiluted": 122741000,
        "othercomprehensiveincomeunrealizedholdinggainlossonsecuritiesarisingduringperiodnetoftax": 258000,
        "othercomprehensiveincomelossnetoftaxportionattributabletoparent": 258000,
        "comprehensiveincomenetoftax": -3297000
    },
    {
        "date": "2018-10-30",
        "symbol": "ZS",
        "period": "Q1",
        "revenuefromcontractwithcustomerexcludingassessedtax": 63298000,
        "costofrevenue": 12099000,
        "grossprofit": 51199000,
        "sellingandmarketingexpense": 36545000,
        "researchanddevelopmentexpense": 13186000,
        "generalandadministrativeexpense": 10131000,
        "operatingexpenses": 59862000,
        "operatingincomeloss": -8663000,
        "interestincomeexpensenet": 1590000,
        "nonoperatingincomeexpense": -188000,
        "incomelossfromcontinuingoperationsbeforeincometaxesextraordinaryitemsnoncontrollinginterest": -7261000,
        "incometaxexpensebenefit": 300000,
        "netincomeloss": -7588000,
        "netincomelossavailabletocommonstockholdersbasic": -7588000,
        "earningspersharebasicanddiluted": -0.06,
        "weightedaveragenumberofshareoutstandingbasicanddiluted": 120587000,
        "othercomprehensiveincomeunrealizedholdinggainlossonsecuritiesarisingduringperiodnetoftax": -193000,
        "othercomprehensiveincomelossnetoftaxportionattributabletoparent": -193000,
        "comprehensiveincomenetoftax": -7781000
    },
    {
        "date": "2018-04-29",
        "symbol": "ZS",
        "period": "Q3",
        "revenuefromcontractwithcustomerexcludingassessedtax": 1269000,
        "costofrevenue": 9424000,
        "grossprofit": 39739000,
        "sellingandmarketingexpense": 29892000,
        "researchanddevelopmentexpense": 9907000,
        "generalandadministrativeexpense": 8964000,
        "operatingexpenses": 48763000,
        "operatingincomeloss": -9024000,
        "nonoperatingincomeexpense": 610000,
        "incomelossfromcontinuingoperationsbeforeincometaxesextraordinaryitemsnoncontrollinginterest": -8414000,
        "incometaxexpensebenefit": 357000,
        "netincomeloss": -8771000,
        "temporaryequityaccretiontoredemptionvalueadjustment": 1223000,
        "netincomelossavailabletocommonstockholdersbasic": -9994000,
        "earningspersharebasicanddiluted": -0.14,
        "weightedaveragenumberofshareoutstandingbasicanddiluted": 73818000
    }
]