[
    {
        "date": "2024-09-29",
        "symbol": "ARE",
        "period": "Q3",
        "revenuefromcontractwithcustomerincludingassessedtax": 775744000,
        "directcostsofleasedandrentedpropertyorequipment": 233265000,
        "generalandadministrativeexpense": 43945000,
        "interestexpense": 43550000,
        "depreciationandamortization": 293998000,
        "impairmentofrealestate": 5700000,
        "costsandexpenses": 620499000,
        "incomelossfromequitymethodinvestments": 139000,
        "equitysecuritiesfvnigainloss": 15242000,
        "gainlossonsaleofproperties": 27114000,
        "profitloss": 213603000,
        "netincomelossattributabletononcontrollinginterest": 45656000,
        "netincomeloss": 167947000,
        "participatingsecuritiesdistributedandundistributedearningslossdiluted": 3273000,
        "netincomelossavailabletocommonstockholdersbasic": 164674000,
        "earningspersharebasic": 0.96,
        "earningspersharediluted": 0.96,
        "othercomprehensiveincomeforeigncurrencytransactionandtranslationgainlossarisingduringperiodnetoftax": 5056000,
        "othercomprehensiveincomelossforeigncurrencytransactionandtranslationreclassificationadjustmentfromaocirealizeduponsaleorliquidationnetoftax": -125000,
        "othercomprehensiveincomelossforeigncurrencytransactionandtranslationadjustmentnetoftax": 5181000,
        "othercomprehensiveincomelossnetoftax": 5181000,
        "comprehensiveincomenetoftaxincludingportionattributabletononcontrollinginterest": 218784000,
        "comprehensiveincomenetoftaxattributabletononcontrollinginterest": 45656000,
        "comprehensiveincomenetoftax": 173128000
    },
    {
        "date": "2024-06-29",
        "symbol": "ARE",
        "period": "Q2",
        "revenuefromcontractwithcustomerincludingassessedtax": 755162000,
        "directcostsofleasedandrentedpropertyorequipment": 217254000,
        "generalandadministrativeexpense": 44629000,
        "interestexpense": 45789000,
        "depreciationandamortization": 290720000,
        "costsandexpenses": 629155000,
        "incomelossfromequitymethodinvestments": 130000,
        "equitysecuritiesfvnigainloss": -43660000,
        "gainlossonsaleofproperties": 0,
        "profitloss": 94049000,
        "netincomelossattributabletononcontrollinginterest": 47347000,
        "netincomeloss": 46702000,
        "participatingsecuritiesdistributedandundistributedearningslossdiluted": 3785000,
        "netincomelossavailabletocommonstockholdersbasic": 42917000,
        "earningspersharebasic": 0.25,
        "earningspersharediluted": 0.25,
        "othercomprehensiveincomeforeigncurrencytransactionandtranslationgainlossarisingduringperiodnetoftax": -3895000,
        "othercomprehensiveincomelossforeigncurrencytransactionandtranslationadjustmentnetoftax": -3895000,
        "othercomprehensiveincomelossnetoftax": -3895000,
        "comprehensiveincomenetoftaxincludingportionattributabletononcontrollinginterest": 90154000,
        "comprehensiveincomenetoftaxattributabletononcontrollinginterest": 47347000,
        "comprehensiveincomenetoftax": 42807000
    },
    {
        "date": "2024-03-30",
        "symbol": "ARE",
        "period": "Q1",
        "revenuefromcontractwithcustomerincludingassessedtax": 755551000,
        "directcostsofleasedandrentedpropertyorequipment": 218314000,
        "generalandadministrativeexpense": 47055000,
        "interestexpense": 40840000,
        "depreciationandamortization": 287554000,
        "costsandexpenses": 593763000,
        "incomelossfromequitymethodinvestments": 155000,
        "equitysecuritiesfvnigainloss": 43284000,
        "gainlossonsaleofproperties": 392000,
        "profitloss": 219176000,
        "netincomelossattributabletononcontrollinginterest": 48631000,
        "netincomeloss": 170545000,
        "participatingsecuritiesdistributedandundistributedearningslossdiluted": 3659000,
        "netincomelossavailabletocommonstockholdersbasic": 166886000,
        "earningspersharebasic": 0.97,
        "earningspersharediluted": 0.97,
        "othercomprehensiveincomeforeigncurrencytransactionandtranslationgainlossarisingduringperiodnetoftax": -7919000,
        "othercomprehensiveincomelossforeigncurrencytransactionandtranslationadjustmentnetoftax": -7919000,
        "othercomprehensiveincomelossnetoftax": -7919000,
        "comprehensiveincomenetoftaxincludingportionattributabletononcontrollinginterest": 211257000,
        "comprehensiveincomenetoftaxattributabletononcontrollinginterest": 48631000,
        "comprehensiveincomenetoftax": 162626000
    },
    {
        "date": "2023-12-30",
        "symbol": "ARE",
        "period": "Q4",
        "revenuefromcontractwithcustomerincludingassessedtax": 742637000,
        "directcostsofleasedandrentedpropertyorequipment": 222726000,
        "generalandadministrativeexpense": 59289000,
        "interestexpense": 31967000,
        "depreciationandamortization": 285246000,
        "costsandexpenses": 871118000,
        "incomelossfromequitymethodinvestments": 363000,
        "equitysecuritiesfvnigainloss": 8654000,
        "profitloss": -42658000,
        "netincomelossattributabletononcontrollinginterest": 45771000,
        "netincomeloss": -88429000,
        "participatingsecuritiesdistributedandundistributedearningslossdiluted": 3498000,
        "netincomelossavailabletocommonstockholdersbasic": -91927000,
        "earningspersharebasic": -0.54,
        "earningspersharediluted": -0.54,
        "othercomprehensiveincomeforeigncurrencytransactionandtranslationgainlossarisingduringperiodnetoftax": 9088000,
        "othercomprehensiveincomelossforeigncurrencytransactionandtranslationadjustmentnetoftax": 9088000,
        "othercomprehensiveincomelossnetoftax": 9088000,
        "comprehensiveincomenetoftaxincludingportionattributabletononcontrollinginterest": -33570000,
        "comprehensiveincomenetoftaxattributabletononcontrollinginterest": 45771000,
        "comprehensiveincomenetoftax": -79341000
    },
    {
        "date": "2023-09-29",
        "symbol": "ARE",
        "period": "Q3",
        "revenuefromcontractwithcustomerincludingassessedtax": 1372780000,
        "directcostsofleasedandrentedpropertyorequipment": 217687000,
        "generalandadministrativeexpense": 45987000,
        "interestexpense": 11411000,
        "depreciationandamortization": 269370000,
        "costsandexpenses": 565104000,
        "incomelossfromequitymethodinvestments": 6636000,
        "equitysecuritiesfvnigainloss": -80672000,
        "profitloss": 68254000,
        "netincomelossattributabletononcontrollinginterest": 43985000,
        "netincomeloss": 24269000,
        "participatingsecuritiesdistributedandundistributedearningslossdiluted": 2414000,
        "netincomelossavailabletocommonstockholdersbasic": 21855000,
        "earningspersharebasic": 0.13000000000000006,
        "earningspersharediluted": 0.13000000000000006,
        "othercomprehensiveincomeforeigncurrencytransactionandtranslationgainlossarisingduringperiodnetoftax": -8395000,
        "othercomprehensiveincomelossforeigncurrencytransactionandtranslationadjustmentnetoftax": -8395000,
        "othercomprehensiveincomelossnetoftax": -8395000,
        "comprehensiveincomenetoftaxincludingportionattributabletononcontrollinginterest": 59859000,
        "comprehensiveincomenetoftaxattributabletononcontrollinginterest": 43985000,
        "comprehensiveincomenetoftax": 15874000
    },
    {
        "date": "2023-06-29",
        "symbol": "ARE",
        "period": "Q2",
        "revenuefromcontractwithcustomerincludingassessedtax": 704339000,
        "directcostsofleasedandrentedpropertyorequipment": 211834000,
        "generalandadministrativeexpense": 45882000,
        "interestexpense": 17072000,
        "depreciationandamortization": 273555000,
        "impairmentofrealestate": 168575000,
        "costsandexpenses": 716918000,
        "incomelossfromequitymethodinvestments": 181000,
        "equitysecuritiesfvnigainloss": -78268000,
        "gainlossonsaleofproperties": 214810000,
        "profitloss": 133705000,
        "netincomelossattributabletononcontrollinginterest": 43768000,
        "netincomeloss": 89937000,
        "participatingsecuritiesdistributedandundistributedearningslossdiluted": 2677000,
        "netincomelossavailabletocommonstockholdersbasic": 87260000,
        "earningspersharebasic": 0.51,
        "earningspersharediluted": 0.51,
        "othercomprehensiveincomeforeigncurrencytransactionandtranslationgainlossarisingduringperiodnetoftax": 3947000,
        "othercomprehensiveincomelossforeigncurrencytransactionandtranslationadjustmentnetoftax": 3947000,
        "othercomprehensiveincomelossnetoftax": 3947000,
        "comprehensiveincomenetoftaxincludingportionattributabletononcontrollinginterest": 137652000,
        "comprehensiveincomenetoftaxattributabletononcontrollinginterest": 43768000,
        "comprehensiveincomenetoftax": 93884000
    },
    {
        "date": "2023-03-30",
        "symbol": "ARE",
        "period": "Q1",
        "revenuefromcontractwithcustomerincludingassessedtax": 22700000,
        "directcostsofleasedandrentedpropertyorequipment": 206933000,
        "generalandadministrativeexpense": 48196000,
        "interestexpense": 13754000,
        "depreciationandamortization": 265302000,
        "costsandexpenses": 534185000,
        "incomelossfromequitymethodinvestments": -6200000,
        "equitysecuritiesfvnigainloss": -45111000,
        "profitloss": 121693000,
        "netincomelossattributabletononcontrollinginterest": 43831000,
        "netincomeloss": 77862000,
        "participatingsecuritiesdistributedandundistributedearningslossdiluted": 2606000,
        "netincomelossavailabletocommonstockholdersbasic": 75256000,
        "earningspersharebasic": 0.44,
        "earningspersharediluted": 0.44,
        "othercomprehensiveincomeforeigncurrencytransactionandtranslationgainlossarisingduringperiodnetoftax": 276000,
        "othercomprehensiveincomelossforeigncurrencytransactionandtranslationadjustmentnetoftax": 276000,
        "othercomprehensiveincomelossnetoftax": 276000,
        "comprehensiveincomenetoftaxincludingportionattributabletononcontrollinginterest": 121969000,
        "comprehensiveincomenetoftaxattributabletononcontrollinginterest": 43831000,
        "comprehensiveincomenetoftax": 78138000
    },
    {
        "date": "2022-12-30",
        "symbol": "ARE",
        "period": "Q4",
        "revenuefromcontractwithcustomerincludingassessedtax": 14400000,
        "directcostsofleasedandrentedpropertyorequipment": 204352000,
        "generalandadministrativeexpense": 42992000,
        "interestexpense": 17522000,
        "depreciationandamortization": 264480000,
        "costsandexpenses": 555532000,
        "incomelossfromequitymethodinvestments": -5183000,
        "equitysecuritiesfvnigainloss": -19653000,
        "profitloss": 95268000,
        "netincomelossattributabletononcontrollinginterest": 40949000,
        "netincomeloss": 54319000,
        "participatingsecuritiesdistributedandundistributedearningslossdiluted": 120000,
        "earningspersharebasic": 0.3600000000000003,
        "earningspersharediluted": 0.3600000000000003,
        "othercomprehensiveincomeforeigncurrencytransactionandtranslationgainlossarisingduringperiodnetoftax": 3913000,
        "othercomprehensiveincomelossforeigncurrencytransactionandtranslationadjustmentnetoftax": 3913000,
        "othercomprehensiveincomelossnetoftax": 3913000,
        "comprehensiveincomenetoftaxincludingportionattributabletononcontrollinginterest": 99181000,
        "comprehensiveincomenetoftaxattributabletononcontrollinginterest": 40949000,
        "comprehensiveincomenetoftax": 58232000
    },
    {
        "date": "2022-09-29",
        "symbol": "ARE",
        "period": "Q3",
        "revenuefromcontractwithcustomerincludingassessedtax": 656853000,
        "directcostsofleasedandrentedpropertyorequipment": 201189000,
        "generalandadministrativeexpense": 49958000,
        "interestexpense": 22984000,
        "depreciationandamortization": 254929000,
        "impairmentofrealestate": 38783000,
        "gainslossesonextinguishmentofdebt": 3300000,
        "costsandexpenses": 567843000,
        "incomelossfromequitymethodinvestments": 40000,
        "equitysecuritiesfvnigainloss": -32305000,
        "gainlossonsaleofproperties": 323699000,
        "profitloss": 383443000,
        "netincomelossattributabletononcontrollinginterest": 38747000,
        "netincomeloss": 344696000,
        "participatingsecuritiesdistributedandundistributedearningslossdiluted": 3257000,
        "netincomelossavailabletocommonstockholdersbasic": 341439000,
        "earningspersharebasic": 2.11,
        "earningspersharediluted": 2.11,
        "othercomprehensiveincomeforeigncurrencytransactionandtranslationgainlossarisingduringperiodnetoftax": -12874000,
        "othercomprehensiveincomelossforeigncurrencytransactionandtranslationadjustmentnetoftax": -12874000,
        "othercomprehensiveincomelossnetoftax": -12874000,
        "comprehensiveincomenetoftaxincludingportionattributabletononcontrollinginterest": 370569000,
        "comprehensiveincomenetoftaxattributabletononcontrollinginterest": 38747000,
        "comprehensiveincomenetoftax": 331822000
    },
    {
        "date": "2022-06-29",
        "symbol": "ARE",
        "period": "Q2",
        "revenuefromcontractwithcustomerincludingassessedtax": 640959000,
        "directcostsofleasedandrentedpropertyorequipment": 196284000,
        "generalandadministrativeexpense": 43397000,
        "interestexpense": 24257000,
        "depreciationandamortization": 242078000,
        "gainslossesonextinguishmentofdebt": -3317000,
        "costsandexpenses": 509333000,
        "incomelossfromequitymethodinvestments": 213000,
        "equitysecuritiesfvnigainloss": -39481000,
        "gainlossonsaleofproperties": 214219000,
        "profitloss": 309382000,
        "netincomelossattributabletononcontrollinginterest": 37168000,
        "netincomeloss": 272214000,
        "participatingsecuritiesdistributedandundistributedearningslossdiluted": 2934000,
        "netincomelossavailabletocommonstockholdersbasic": 269280000,
        "earningspersharebasic": 1.67,
        "earningspersharediluted": 1.67,
        "othercomprehensiveincomeforeigncurrencytransactionandtranslationgainlossarisingduringperiodnetoftax": -6124000,
        "othercomprehensiveincomelossforeigncurrencytransactionandtranslationadjustmentnetoftax": -6124000,
        "othercomprehensiveincomelossnetoftax": -6124000,
        "comprehensiveincomenetoftaxincludingportionattributabletononcontrollinginterest": 303258000,
        "comprehensiveincomenetoftaxattributabletononcontrollinginterest": 37168000,
        "comprehensiveincomenetoftax": 266090000
    },
    {
        "date": "2022-03-30",
        "symbol": "ARE",
        "period": "Q1",
        "revenuefromcontractwithcustomerincludingassessedtax": 10500000,
        "directcostsofleasedandrentedpropertyorequipment": 181328000,
        "generalandadministrativeexpense": 40931000,
        "interestexpense": 29440000,
        "depreciationandamortization": 240659000,
        "costsandexpenses": 492358000,
        "incomelossfromequitymethodinvestments": 283000,
        "equitysecuritiesfvnigainloss": -240319000,
        "profitloss": -117392000,
        "netincomelossattributabletononcontrollinginterest": 32177000,
        "netincomeloss": -149569000,
        "participatingsecuritiesdistributedandundistributedearningslossdiluted": 2081000,
        "netincomelossavailabletocommonstockholdersbasic": -151650000,
        "earningspersharebasic": -0.96,
        "earningspersharediluted": -0.96,
        "othercomprehensiveincomeforeigncurrencytransactionandtranslationgainlossarisingduringperiodnetoftax": 1567000,
        "othercomprehensiveincomelossforeigncurrencytransactionandtranslationadjustmentnetoftax": 1567000,
        "othercomprehensiveincomelossnetoftax": 1567000,
        "comprehensiveincomenetoftaxincludingportionattributabletononcontrollinginterest": -115825000,
        "comprehensiveincomenetoftaxattributabletononcontrollinginterest": 32177000,
        "comprehensiveincomenetoftax": -148002000
    },
    {
        "date": "2021-09-29",
        "symbol": "ARE",
        "period": "Q3",
        "revenuefromcontractwithcustomerincludingassessedtax": 546527000,
        "directcostsofleasedandrentedpropertyorequipment": 165995000,
        "generalandadministrativeexpense": 37931000,
        "interestexpense": 35678000,
        "depreciationandamortization": 210842000,
        "impairmentofrealestate": 42620000,
        "gainslossesonextinguishmentofdebt": 0,
        "costsandexpenses": 493066000,
        "incomelossfromequitymethodinvestments": 3091000,
        "equitysecuritiesfvnigainloss": 67084000,
        "profitloss": 124433000,
        "netincomelossattributabletononcontrollinginterest": 21286000,
        "netincomeloss": 103147000,
        "participatingsecuritiesdistributedandundistributedearningslossdiluted": 1087000,
        "netincomelossavailabletocommonstockholdersbasic": 102060000,
        "earningspersharebasic": 0.6499999999999999,
        "earningspersharediluted": 0.6399999999999997,
        "othercomprehensiveincomeforeigncurrencytransactionandtranslationgainlossarisingduringperiodnetoftax": -1521000,
        "othercomprehensiveincomelossforeigncurrencytransactionandtranslationadjustmentnetoftax": -1521000,
        "othercomprehensiveincomelossnetoftax": -1521000,
        "comprehensiveincomenetoftaxincludingportionattributabletononcontrollinginterest": 122912000,
        "comprehensiveincomenetoftaxattributabletononcontrollinginterest": 21286000,
        "comprehensiveincomenetoftax": 101626000
    },
    {
        "date": "2021-06-29",
        "symbol": "ARE",
        "period": "Q2",
        "revenuefromcontractwithcustomerincludingassessedtax": 981666000,
        "directcostsofleasedandrentedpropertyorequipment": 143955000,
        "generalandadministrativeexpense": 37880000,
        "interestexpense": 35158000,
        "depreciationandamortization": 190052000,
        "impairmentofrealestate": 4926000,
        "gainslossesonextinguishmentofdebt": -134453000,
        "costsandexpenses": 411971000,
        "incomelossfromequitymethodinvestments": 2609000,
        "equitysecuritiesfvnigainloss": 304263000,
        "gainlossonsaleofproperties": 0,
        "profitloss": 404520000,
        "netincomelossattributabletononcontrollinginterest": 19436000,
        "netincomeloss": 385084000,
        "participatingsecuritiesdistributedandundistributedearningslossdiluted": 2649000,
        "netincomelossavailabletocommonstockholdersbasic": 382435000,
        "earningspersharebasic": 2.7,
        "earningspersharediluted": 2.7,
        "othercomprehensiveincomeforeigncurrencytransactionandtranslationgainlossarisingduringperiodnetoftax": 1291000,
        "othercomprehensiveincomelossforeigncurrencytransactionandtranslationadjustmentnetoftax": 1291000,
        "othercomprehensiveincomelossnetoftax": 1291000,
        "comprehensiveincomenetoftaxincludingportionattributabletononcontrollinginterest": 405811000,
        "comprehensiveincomenetoftaxattributabletononcontrollinginterest": 19436000,
        "comprehensiveincomenetoftax": 386375000
    },
    {
        "date": "2021-03-30",
        "symbol": "ARE",
        "period": "Q1",
        "revenuefromcontractwithcustomerincludingassessedtax": 478695000,
        "directcostsofleasedandrentedpropertyorequipment": 137888000,
        "generalandadministrativeexpense": 33996000,
        "interestexpense": 36467000,
        "depreciationandamortization": 180913000,
        "impairmentofrealestate": 5129000,
        "gainslossesonextinguishmentofdebt": -67253000,
        "costsandexpenses": 461646000,
        "incomelossfromequitymethodinvestments": 3537000,
        "equitysecuritiesfvnigainloss": 1014000,
        "gainlossonsaleofproperties": 2779000,
        "profitloss": 25533000,
        "netincomelossattributabletononcontrollinginterest": 17412000,
        "netincomeloss": 8121000,
        "participatingsecuritiesdistributedandundistributedearningslossdiluted": 2014000,
        "netincomelossavailabletocommonstockholdersbasic": 6107000,
        "earningspersharebasic": 0.04,
        "earningspersharediluted": 0.04,
        "othercomprehensiveincomeforeigncurrencytransactionandtranslationgainlossarisingduringperiodnetoftax": 826000,
        "othercomprehensiveincomelossforeigncurrencytransactionandtranslationadjustmentnetoftax": 826000,
        "othercomprehensiveincomelossnetoftax": 826000,
        "comprehensiveincomenetoftaxincludingportionattributabletononcontrollinginterest": 26359000,
        "comprehensiveincomenetoftaxattributabletononcontrollinginterest": 17412000,
        "comprehensiveincomenetoftax": 8947000
    },
    {
        "date": "2020-12-30",
        "symbol": "ARE",
        "period": "Q4",
        "revenuefromcontractwithcustomerincludingassessedtax": 461335000,
        "directcostsofleasedandrentedpropertyorequipment": 136767000,
        "generalandadministrativeexpense": 32690000,
        "interestexpense": 37538000,
        "depreciationandamortization": 177750000,
        "impairmentofrealestate": 25177000,
        "costsandexpenses": 417820000,
        "incomelossfromequitymethodinvestments": 3593000,
        "equitysecuritiesfvnigainloss": 255137000,
        "profitloss": 457133000,
        "netincomelossattributabletononcontrollinginterest": 15649000,
        "netincomeloss": 441484000,
        "participatingsecuritiesdistributedandundistributedearningslossdiluted": 3459000,
        "earningspersharebasic": 3.43,
        "earningspersharediluted": 3.4199999999999995,
        "othercomprehensiveincomeforeigncurrencytransactionandtranslationgainlossarisingduringperiodnetoftax": 4013000,
        "othercomprehensiveincomelossforeigncurrencytransactionandtranslationadjustmentnetoftax": 4013000,
        "othercomprehensiveincomelossnetoftax": 4013000,
        "comprehensiveincomenetoftaxincludingportionattributabletononcontrollinginterest": 461146000,
        "comprehensiveincomenetoftaxattributabletononcontrollinginterest": 15649000,
        "comprehensiveincomenetoftax": 445497000
    },
    {
        "date": "2020-09-29",
        "symbol": "ARE",
        "period": "Q3",
        "revenuefromcontractwithcustomerincludingassessedtax": 543412000,
        "directcostsofleasedandrentedpropertyorequipment": 140443000,
        "generalandadministrativeexpense": 36913000,
        "interestexpense": 43318000,
        "depreciationandamortization": 176831000,
        "impairmentofrealestate": 7680000,
        "gainslossesonextinguishmentofdebt": -52770000,
        "costsandexpenses": 457955000,
        "incomelossfromequitymethodinvestments": 3778000,
        "equitysecuritiesfvnigainloss": 3348000,
        "gainlossonsaleofproperties": 1586000,
        "profitloss": 95799000,
        "netincomelossattributabletononcontrollinginterest": 14743000,
        "netincomeloss": 81056000,
        "participatingsecuritiesdistributedandundistributedearningslossdiluted": 1730000,
        "netincomelossavailabletocommonstockholdersbasic": 79326000,
        "earningspersharebasic": 0.64,
        "earningspersharediluted": 0.63,
        "othercomprehensiveincomeforeigncurrencytransactionandtranslationgainlossarisingduringperiodnetoftax": 2442000,
        "othercomprehensiveincomelossforeigncurrencytransactionandtranslationadjustmentnetoftax": 2442000,
        "othercomprehensiveincomelossnetoftax": 2442000,
        "comprehensiveincomenetoftaxincludingportionattributabletononcontrollinginterest": 98241000,
        "comprehensiveincomenetoftaxattributabletononcontrollinginterest": 14743000,
        "comprehensiveincomenetoftax": 83498000
    },
    {
        "date": "2020-06-29",
        "symbol": "ARE",
        "period": "Q2",
        "revenuefromcontractwithcustomerincludingassessedtax": 435856000,
        "directcostsofleasedandrentedpropertyorequipment": 123911000,
        "generalandadministrativeexpense": 31775000,
        "interestexpense": 45014000,
        "depreciationandamortization": 168027000,
        "impairmentofrealestate": 13218000,
        "costsandexpenses": 381945000,
        "incomelossfromequitymethodinvestments": 3893000,
        "equitysecuritiesfvnigainloss": 184657000,
        "profitloss": 243561000,
        "netincomelossattributabletononcontrollinginterest": 13907000,
        "netincomeloss": 229654000,
        "participatingsecuritiesdistributedandundistributedearningslossdiluted": 3054000,
        "netincomelossavailabletocommonstockholdersbasic": 226600000,
        "earningspersharebasic": 1.82,
        "earningspersharediluted": 1.82,
        "othercomprehensiveincomeforeigncurrencytransactionandtranslationgainlossarisingduringperiodnetoftax": 2526000,
        "othercomprehensiveincomelossforeigncurrencytransactionandtranslationadjustmentnetoftax": 2526000,
        "othercomprehensiveincomelossnetoftax": 2526000,
        "comprehensiveincomenetoftaxincludingportionattributabletononcontrollinginterest": 246087000,
        "comprehensiveincomenetoftaxattributabletononcontrollinginterest": 13907000,
        "comprehensiveincomenetoftax": 232180000
    },
    {
        "date": "2020-03-30",
        "symbol": "ARE",
        "period": "Q1",
        "profitloss": 30678000,
        "othercomprehensiveincomeforeigncurrencytransactionandtranslationgainlossarisingduringperiodnetoftax": -5857000,
        "othercomprehensiveincomelossforeigncurrencytransactionandtranslationadjustmentnetoftax": -5857000,
        "othercomprehensiveincomelossnetoftax": -5857000,
        "comprehensiveincomenetoftaxincludingportionattributabletononcontrollinginterest": 24821000,
        "comprehensiveincomenetoftaxattributabletononcontrollinginterest": 11913000,
        "comprehensiveincomenetoftax": 12908000,
        "revenuefromcontractwithcustomerincludingassessedtax": 437605000,
        "directcostsofleasedandrentedpropertyorequipment": 129103000,
        "generalandadministrativeexpense": 31963000,
        "interestexpense": 45739000,
        "depreciationandamortization": 175496000,
        "impairmentofrealestate": 2003000,
        "costsandexpenses": 384304000,
        "incomelossfromequitymethodinvestments": -3116000,
        "equitysecuritiesfvnigainloss": -21821000,
        "netincomelossattributabletononcontrollinginterest": 11913000,
        "netincomeloss": 18765000,
        "participatingsecuritiesdistributedandundistributedearningslossdiluted": 1925000,
        "netincomelossavailabletocommonstockholdersbasic": 16840000,
        "earningspersharebasic": 0.14,
        "earningspersharediluted": 0.14
    },
    {
        "date": "2019-12-30",
        "symbol": "ARE",
        "period": "Q4",
        "profitloss": 216053000,
        "othercomprehensiveincomeunrealizedgainlossonderivativesarisingduringperiodnetoftax": 0,
        "othercomprehensiveincomelossreclassificationadjustmentfromaocionderivativesnetoftax": 0,
        "othercomprehensiveincomelossderivativesqualifyingashedgesnetoftax": 0,
        "othercomprehensiveincomeforeigncurrencytransactionandtranslationgainlossarisingduringperiodnetoftax": 1800000,
        "othercomprehensiveincomelossforeigncurrencytransactionandtranslationadjustmentnetoftax": 1800000,
        "othercomprehensiveincomelossnetoftax": 1800000,
        "comprehensiveincomenetoftaxincludingportionattributabletononcontrollinginterest": 217853000,
        "comprehensiveincomenetoftaxattributabletononcontrollinginterest": 13612000,
        "comprehensiveincomenetoftax": 204241000,
        "revenuefromcontractwithcustomerincludingassessedtax": 404721000,
        "directcostsofleasedandrentedpropertyorequipment": 121852000,
        "generalandadministrativeexpense": 29782000,
        "interestexpense": 45493000,
        "depreciationandamortization": 140518000,
        "costsandexpenses": 349979000,
        "incomelossfromequitymethodinvestments": 4777000,
        "equitysecuritiesfvnigainloss": 152667000,
        "netincomelossattributabletononcontrollinginterest": 13612000,
        "netincomeloss": 202441000,
        "dividendspreferredstock": 0,
        "participatingsecuritiesdistributedandundistributedearningslossdiluted": 1854000,
        "earningspersharebasic": 1.78,
        "earningspersharediluted": 1.7700000000000002
    },
    {
        "date": "2019-09-29",
        "symbol": "ARE",
        "period": "Q3",
        "profitloss": -36003000,
        "othercomprehensiveincomeunrealizedgainlossonderivativesarisingduringperiodnetoftax": -79000,
        "othercomprehensiveincomelossreclassificationadjustmentfromaocionderivativesnetoftax": -38000,
        "othercomprehensiveincomelossderivativesqualifyingashedgesnetoftax": 1661000,
        "othercomprehensiveincomeforeigncurrencytransactionandtranslationgainlossarisingduringperiodnetoftax": -2076000,
        "othercomprehensiveincomelossforeigncurrencytransactionandtranslationadjustmentnetoftax": -2076000,
        "othercomprehensiveincomelossnetoftax": -415000,
        "comprehensiveincomenetoftaxincludingportionattributabletononcontrollinginterest": -36418000,
        "comprehensiveincomenetoftaxattributabletononcontrollinginterest": 11199000,
        "comprehensiveincomenetoftax": -47617000,
        "revenuefromcontractwithcustomerincludingassessedtax": 385776000,
        "directcostsofleasedandrentedpropertyorequipment": 116450000,
        "generalandadministrativeexpense": 27930000,
        "interestexpense": 46203000,
        "depreciationandamortization": 135570000,
        "costsandexpenses": 366362000,
        "incomelossfromequitymethodinvestments": 2951000,
        "equitysecuritiesfvnigainloss": -63076000,
        "netincomelossattributabletononcontrollinginterest": 11199000,
        "netincomeloss": -47202000,
        "dividendspreferredstock": 1173000,
        "participatingsecuritiesdistributedandundistributedearningslossdiluted": 1398000,
        "netincomelossavailabletocommonstockholdersbasic": -49773000,
        "earningspersharebasic": -0.44999999999999996,
        "earningspersharediluted": -0.44999999999999996
    },
    {
        "date": "2019-06-29",
        "symbol": "ARE",
        "period": "Q2",
        "profitloss": 87179000,
        "othercomprehensiveincomeunrealizedgainlossonderivativesarisingduringperiodnetoftax": -1126000,
        "othercomprehensiveincomelossreclassificationadjustmentfromaocionderivativesnetoftax": -114000,
        "othercomprehensiveincomelossderivativesqualifyingashedgesnetoftax": -1012000,
        "othercomprehensiveincomeforeigncurrencytransactionandtranslationgainlossarisingduringperiodnetoftax": 590000,
        "othercomprehensiveincomelossforeigncurrencytransactionandtranslationadjustmentnetoftax": 590000,
        "othercomprehensiveincomelossnetoftax": -422000,
        "comprehensiveincomenetoftaxincludingportionattributabletononcontrollinginterest": 86757000,
        "comprehensiveincomenetoftaxattributabletononcontrollinginterest": 8412000,
        "comprehensiveincomenetoftax": 78345000,
        "revenuefromcontractwithcustomerincludingassessedtax": 367525000,
        "directcostsofleasedandrentedpropertyorequipment": 105689000,
        "generalandadministrativeexpense": 26434000,
        "interestexpense": 42879000,
        "depreciationandamortization": 134437000,
        "gainslossesonextinguishmentofdebt": 0,
        "costsandexpenses": 309439000,
        "incomelossfromequitymethodinvestments": 1262000,
        "equitysecuritiesfvnigainloss": 21500000,
        "netincomelossattributabletononcontrollinginterest": 8412000,
        "netincomeloss": 78767000,
        "dividendspreferredstock": 1005000,
        "preferredstockaccretionofredemptiondiscount": 0,
        "participatingsecuritiesdistributedandundistributedearningslossdiluted": 1179000,
        "netincomelossavailabletocommonstockholdersbasic": 76583000,
        "earningspersharebasic": 0.69,
        "earningspersharediluted": 0.69
    },
    {
        "date": "2019-03-30",
        "symbol": "ARE",
        "period": "Q1",
        "profitloss": 136818000,
        "othercomprehensiveincomeunrealizedgainlossonderivativesarisingduringperiodnetoftax": -558000,
        "othercomprehensiveincomelossreclassificationadjustmentfromaocionderivativesnetoftax": 1929000,
        "othercomprehensiveincomelossderivativesqualifyingashedgesnetoftax": -2487000,
        "othercomprehensiveincomeforeigncurrencytransactionandtranslationgainlossarisingduringperiodnetoftax": 2210000,
        "othercomprehensiveincomelossforeigncurrencytransactionandtranslationadjustmentnetoftax": 2210000,
        "othercomprehensiveincomelossnetoftax": -277000,
        "comprehensiveincomenetoftaxincludingportionattributabletononcontrollinginterest": 136541000,
        "comprehensiveincomenetoftaxattributabletononcontrollinginterest": 7659000,
        "comprehensiveincomenetoftax": 128882000,
        "revenuefromcontractwithcustomerincludingassessedtax": 358842000,
        "directcostsofleasedandrentedpropertyorequipment": 101501000,
        "generalandadministrativeexpense": 24677000,
        "interestexpense": 39100000,
        "depreciationandamortization": 134087000,
        "gainslossesonextinguishmentofdebt": -7361000,
        "costsandexpenses": 306726000,
        "incomelossfromequitymethodinvestments": 1146000,
        "equitysecuritiesfvnigainloss": 83556000,
        "netincomelossattributabletononcontrollinginterest": 7659000,
        "netincomeloss": 129159000,
        "dividendspreferredstock": 1026000,
        "preferredstockaccretionofredemptiondiscount": 2580000,
        "participatingsecuritiesdistributedandundistributedearningslossdiluted": 1955000,
        "netincomelossavailabletocommonstockholdersbasic": 123598000,
        "earningspersharebasic": 1.11,
        "earningspersharediluted": 1.11
    },
    {
        "date": "2018-09-29",
        "symbol": "ARE",
        "period": "Q3",
        "profitloss": -420898000,
        "othercomprehensiveincomeunrealizedgainlossonderivativesarisingduringperiodnetoftax": 165000,
        "othercomprehensiveincomelossreclassificationadjustmentfromaocionderivativesnetoftax": 1432000,
        "othercomprehensiveincomelossderivativesqualifyingashedgesnetoftax": -1267000,
        "othercomprehensiveincomeforeigncurrencytransactionandtranslationgainlossarisingduringperiodnetoftax": -59000,
        "othercomprehensiveincomelossforeigncurrencytransactionandtranslationadjustmentnetoftax": -59000,
        "othercomprehensiveincomelossnetoftax": -1267000,
        "comprehensiveincomenetoftaxincludingportionattributabletononcontrollinginterest": -420898000,
        "comprehensiveincomenetoftaxattributabletononcontrollinginterest": 5723000,
        "comprehensiveincomenetoftax": -420898000,
        "revenuefromcontractwithcustomerincludingassessedtax": 5276000,
        "directcostsofleasedandrentedpropertyorequipment": 99759000,
        "generalandadministrativeexpense": -5464000,
        "interestexpense": 37236000,
        "depreciationandamortization": 1506000,
        "gainslossesonextinguishmentofdebt": -634000,
        "costsandexpenses": -5464000,
        "incomelossfromequitymethodinvestments": 40718000,
        "equitysecuritiesfvnigainloss": 122092000,
        "gainlossonsaleofrentalpropertiesnetofapplicableincometaxes": 35700000,
        "netincomelossattributabletononcontrollinginterest": 5723000,
        "netincomeloss": -420898000,
        "dividendspreferredstock": 1301000,
        "participatingsecuritiesdistributedandundistributedearningslossdiluted": 3395000,
        "netincomelossavailabletocommonstockholdersbasic": -420898000,
        "earningspersharebasic": 2.01,
        "earningspersharediluted": 1.99,
        "commonstockdividendspersharedeclared": 0.93
    },
    {
        "date": "2018-06-29",
        "symbol": "ARE",
        "period": "Q2",
        "profitloss": -207290000,
        "othercomprehensiveincomeunrealizedgainlossonderivativesarisingduringperiodnetoftax": 661000,
        "othercomprehensiveincomelossreclassificationadjustmentfromaocionderivativesnetoftax": 1131000,
        "othercomprehensiveincomelossderivativesqualifyingashedgesnetoftax": -470000,
        "othercomprehensiveincomeforeigncurrencytransactionandtranslationgainlossarisingduringperiodnetoftax": -3243000,
        "othercomprehensiveincomelossforeigncurrencytransactionandtranslationadjustmentnetoftax": -3243000,
        "othercomprehensiveincomelossnetoftax": -470000,
        "comprehensiveincomenetoftaxincludingportionattributabletononcontrollinginterest": -207290000,
        "comprehensiveincomenetoftaxattributabletononcontrollinginterest": 5817000,
        "comprehensiveincomenetoftax": -207290000,
        "revenuefromcontractwithcustomerincludingassessedtax": 2240000,
        "directcostsofleasedandrentedpropertyorequipment": 91908000,
        "generalandadministrativeexpense": -5837000,
        "interestexpense": 32139000,
        "depreciationandamortization": 1647000,
        "impairmentofrealestate": 6300000,
        "costsandexpenses": -5837000,
        "incomelossfromequitymethodinvestments": 1090000,
        "equitysecuritiesfvnigainloss": 12627000,
        "netincomelossattributabletononcontrollinginterest": 5817000,
        "netincomeloss": -207290000,
        "dividendspreferredstock": 1302000,
        "participatingsecuritiesdistributedandundistributedearningslossdiluted": 1412000,
        "netincomelossavailabletocommonstockholdersbasic": -207290000,
        "earningspersharebasic": 0.51,
        "earningspersharediluted": 0.51,
        "commonstockdividendspersharedeclared": 0.93
    },
    {
        "date": "2018-03-30",
        "symbol": "ARE",
        "period": "Q1",
        "profitloss": 141518000,
        "othercomprehensiveincomeunrealizedgainlossonderivativesarisingduringperiodnetoftax": 1982000,
        "othercomprehensiveincomelossreclassificationadjustmentfromaocionderivativesnetoftax": 678000,
        "othercomprehensiveincomelossderivativesqualifyingashedgesnetoftax": 1304000,
        "othercomprehensiveincomeforeigncurrencytransactionandtranslationgainlossarisingduringperiodnetoftax": -329000,
        "othercomprehensiveincomelossforeigncurrencytransactionandtranslationadjustmentnetoftax": -329000,
        "othercomprehensiveincomelossnetoftax": -329000,
        "comprehensiveincomenetoftaxincludingportionattributabletononcontrollinginterest": 142493000,
        "comprehensiveincomenetoftaxattributabletononcontrollinginterest": 5888000,
        "comprehensiveincomenetoftax": 136605000,
        "operatingleasesincomestatementleaserevenue": 244485000,
        "tenantreimbursements": 73170000,
        "otherincome": 2484000,
        "realestaterevenuenet": 320139000,
        "directcostsofleasedandrentedpropertyorequipment": 91771000,
        "generalandadministrativeexpense": 22421000,
        "interestexpense": 36915000,
        "depreciationandamortization": 114219000,
        "costsandexpenses": 265326000,
        "incomelossfromequitymethodinvestments": 1144000,
        "gainlossoninvestmentsadoptionofnewasu": 85561000,
        "netincomelossattributabletononcontrollinginterest": 5888000,
        "netincomeloss": 135630000,
        "dividendspreferredstock": 1302000,
        "participatingsecuritiesdistributedandundistributedearningslossdiluted": 1941000,
        "netincomelossavailabletocommonstockholdersbasic": 132387000,
        "earningspersharebasic": 1.33,
        "earningspersharediluted": 1.32,
        "commonstockdividendspersharedeclared": 0.9
    },
    {
        "date": "2017-09-29",
        "symbol": "ARE",
        "period": "Q3",
        "profitloss": -183488000,
        "othercomprehensiveincomeunrealizedholdinggainlossonsecuritiesarisingduringperiodnetoftax": 16953000,
        "othercomprehensiveincomelossreclassificationadjustmentfromaociforsaleofsecuritiesnetoftax": 0,
        "othercomprehensiveincomelossavailableforsalesecuritiesadjustmentnetoftax": 16953000,
        "othercomprehensiveincomeunrealizedgainlossonderivativesarisingduringperiodnetoftax": 174000,
        "othercomprehensiveincomelossreclassificationadjustmentfromaocionderivativesnetoftax": -195000,
        "othercomprehensiveincomelossderivativesqualifyingashedgesnetoftax": 369000,
        "othercomprehensiveincomeforeigncurrencytransactionandtranslationgainlossarisingduringperiodnetoftax": 3836000,
        "othercomprehensiveincomelossforeigncurrencytransactionandtranslationadjustmentnetoftax": 3836000,
        "othercomprehensiveincomelossnetoftax": 3836000,
        "comprehensiveincomenetoftaxincludingportionattributabletononcontrollinginterest": -183488000,
        "comprehensiveincomenetoftaxattributabletononcontrollinginterest": 5783000,
        "comprehensiveincomenetoftax": -183488000,
        "operatingleasesincomestatementleaserevenue": 216021000,
        "tenantreimbursements": 67058000,
        "otherincome": -4086000,
        "realestaterevenuenet": -4086000,
        "directcostsofleasedandrentedpropertyorequipment": 83469000,
        "generalandadministrativeexpense": -4086000,
        "interestexpense": 23958000,
        "depreciationandamortization": 1787000,
        "gainslossesonextinguishmentofdebt": -1340000,
        "costsandexpenses": -4086000,
        "incomelossfromequitymethodinvestments": 14100000,
        "netincomelossattributabletononcontrollinginterest": 5773000,
        "netincomeloss": -183488000,
        "dividendspreferredstock": 1302000,
        "preferredstockaccretionofredemptiondiscount": -5479000,
        "participatingsecuritiesdistributedandundistributedearningslossdiluted": 1198000,
        "netincomelossavailabletocommonstockholdersbasic": -183488000,
        "earningspersharebasicanddiluted": 0.5599999999999998,
        "commonstockdividendspersharedeclared": 0.86
    },
    {
        "date": "2017-06-29",
        "symbol": "ARE",
        "period": "Q2",
        "profitloss": -363540000,
        "othercomprehensiveincomeunrealizedholdinggainlossonsecuritiesarisingduringperiodnetoftax": -3980000,
        "othercomprehensiveincomelossreclassificationadjustmentfromaociforsaleofsecuritiesnetoftax": -2345000,
        "othercomprehensiveincomelossavailableforsalesecuritiesadjustmentnetoftax": -1635000,
        "othercomprehensiveincomeunrealizedgainlossonderivativesarisingduringperiodnetoftax": -329000,
        "othercomprehensiveincomelossreclassificationadjustmentfromaocionderivativesnetoftax": -704000,
        "othercomprehensiveincomelossderivativesqualifyingashedgesnetoftax": 375000,
        "othercomprehensiveincomeforeigncurrencytransactionandtranslationgainlossarisingduringperiodnetoftax": 2744000,
        "othercomprehensiveincomelossforeigncurrencytransactionandtranslationreclassificationadjustmentfromaocirealizeduponsaleorliquidationnetoftax": 0,
        "othercomprehensiveincomelossforeigncurrencytransactionandtranslationadjustmentnetoftax": 2744000,
        "othercomprehensiveincomelossnetoftax": 2744000,
        "comprehensiveincomenetoftaxincludingportionattributabletononcontrollinginterest": -379649000,
        "comprehensiveincomenetoftaxattributabletononcontrollinginterest": 7283000,
        "comprehensiveincomenetoftax": -373801000,
        "operatingleasesincomestatementleaserevenue": 211942000,
        "tenantreimbursements": 60470000,
        "otherincome": -11935000,
        "realestaterevenuenet": -280474000,
        "directcostsofleasedandrentedpropertyorequipment": 76980000,
        "generalandadministrativeexpense": -28826000,
        "interestexpense": 19165000,
        "depreciationandamortization": -93753000,
        "gainslossesonextinguishmentofdebt": 1340000,
        "costsandexpenses": -233550000,
        "incomelossfromequitymethodinvestments": 589000,
        "gainlossonsaleofrentalpropertiesnetofapplicableincometaxes": 0,
        "netincomelossattributabletononcontrollinginterest": 7275000,
        "netincomeloss": -357696000,
        "dividendspreferredstock": 1278000,
        "preferredstockaccretionofredemptiondiscount": 5779000,
        "participatingsecuritiesdistributedandundistributedearningslossdiluted": 1313000,
        "netincomelossavailabletocommonstockholdersbasic": -341646000,
        "earningspersharebasicanddiluted": 0.35000000000000003,
        "commonstockdividendspersharedeclared": 0.86
    },
    {
        "date": "2017-03-30",
        "symbol": "ARE",
        "period": "Q1",
        "profitloss": 47555000,
        "othercomprehensiveincomeunrealizedholdinggainlossonsecuritiesarisingduringperiodnetoftax": 10421000,
        "othercomprehensiveincomelossreclassificationadjustmentfromaociforsaleofsecuritiesnetoftax": -133000,
        "othercomprehensiveincomelossavailableforsalesecuritiesadjustmentnetoftax": 10554000,
        "othercomprehensiveincomeunrealizedgainlossonderivativesarisingduringperiodnetoftax": 1217000,
        "othercomprehensiveincomelossreclassificationadjustmentfromaocionderivativesnetoftax": -905000,
        "othercomprehensiveincomelossderivativesqualifyingashedgesnetoftax": 2122000,
        "othercomprehensiveincomeforeigncurrencytransactionandtranslationgainlossarisingduringperiodnetoftax": 1012000,
        "othercomprehensiveincomelossforeigncurrencytransactionandtranslationreclassificationadjustmentfromaocirealizeduponsaleorliquidationnetoftax": -2421000,
        "othercomprehensiveincomelossforeigncurrencytransactionandtranslationadjustmentnetoftax": 3433000,
        "othercomprehensiveincomelossnetoftax": 3433000,
        "comprehensiveincomenetoftaxincludingportionattributabletononcontrollinginterest": 63664000,
        "comprehensiveincomenetoftaxattributabletononcontrollinginterest": 5848000,
        "comprehensiveincomenetoftax": 57816000,
        "operatingleasesincomestatementleaserevenue": 207193000,
        "tenantreimbursements": 61346000,
        "otherincome": 2338000,
        "realestaterevenuenet": 270877000,
        "directcostsofleasedandrentedpropertyorequipment": 77087000,
        "generalandadministrativeexpense": 19229000,
        "interestexpense": 29784000,
        "depreciationandamortization": 97183000,
        "gainslossesonextinguishmentofdebt": -670000,
        "costsandexpenses": 223953000,
        "incomelossfromequitymethodinvestments": 361000,
        "gainlossonsaleofrentalpropertiesnetofapplicableincometaxes": 270000,
        "netincomelossattributabletononcontrollinginterest": 5844000,
        "netincomeloss": 41711000,
        "dividendspreferredstock": 3784000,
        "preferredstockaccretionofredemptiondiscount": 5500000,
        "participatingsecuritiesdistributedandundistributedearningslossdiluted": 987000,
        "netincomelossavailabletocommonstockholdersbasic": 25661000,
        "earningspersharebasicanddiluted": 0.29,
        "commonstockdividendspersharedeclared": 0.83
    },
    {
        "date": "2016-09-29",
        "symbol": "ARE",
        "period": "Q3",
        "profitloss": -201167000,
        "othercomprehensiveincomeunrealizedholdinggainlossonsecuritiesarisingduringperiodnetoftax": -38656000,
        "othercomprehensiveincomelossreclassificationadjustmentfromaociforsaleofsecuritiesnetoftax": 8392000,
        "othercomprehensiveincomelossavailableforsalesecuritiesadjustmentnetoftax": -47048000,
        "othercomprehensiveincomeunrealizedgainlossonderivativesarisingduringperiodnetoftax": 2979000,
        "othercomprehensiveincomelossreclassificationadjustmentfromaocionderivativesnetoftax": -1714000,
        "othercomprehensiveincomelossderivativesqualifyingashedgesnetoftax": 4693000,
        "othercomprehensiveincomeforeigncurrencytransactionandtranslationgainlossarisingduringperiodnetoftax": -1322000,
        "othercomprehensiveincomelossforeigncurrencytransactionandtranslationadjustmentnetoftax": 2457000,
        "othercomprehensiveincomelossnetoftax": 9932000,
        "comprehensiveincomenetoftaxincludingportionattributabletononcontrollinginterest": -143443000,
        "comprehensiveincomenetoftaxattributabletononcontrollinginterest": 4081000,
        "comprehensiveincomenetoftax": -139413000,
        "operatingleasesincomestatementleaserevenue": 166591000,
        "tenantreimbursements": 58681000,
        "otherincome": -12725000,
        "realestaterevenuenet": -223598000,
        "directcostsofleasedandrentedpropertyorequipment": 72002000,
        "generalandadministrativeexpense": -22697000,
        "interestexpense": 15685000,
        "depreciationandamortization": -67530000,
        "impairmentofrealestate": 8114000,
        "costsandexpenses": -213235000,
        "incomelossfromequitymethodinvestments": 273000,
        "incomelossfromcontinuingoperationsincludingportionattributabletononcontrollinginterest": 78641000,
        "netincomelossattributabletononcontrollinginterest": 4084000,
        "netincomeloss": -197137000,
        "dividendspreferredstock": 5007000,
        "preferredstockaccretionofredemptiondiscount": 13095000,
        "participatingsecuritiesdistributedandundistributedearningslossdiluted": 921000,
        "netincomelossavailabletocommonstockholdersbasic": -187383000,
        "incomelossfromcontinuingoperationsperbasicanddilutedshare": 0.08000000000000003,
        "earningspersharebasicanddiluted": 0.08000000000000003,
        "commonstockdividendspersharedeclared": 0.7999999999999998
    },
    {
        "date": "2016-06-29",
        "symbol": "ARE",
        "period": "Q2",
        "profitloss": 171692000,
        "othercomprehensiveincomeunrealizedholdinggainlossonsecuritiesarisingduringperiodnetoftax": 15888000,
        "othercomprehensiveincomelossreclassificationadjustmentfromaociforsaleofsecuritiesnetoftax": 3061000,
        "othercomprehensiveincomelossavailableforsalesecuritiesadjustmentnetoftax": 12827000,
        "othercomprehensiveincomeunrealizedgainlossonderivativesarisingduringperiodnetoftax": -3676000,
        "othercomprehensiveincomelossreclassificationadjustmentfromaocionderivativesnetoftax": -1865000,
        "othercomprehensiveincomelossderivativesqualifyingashedgesnetoftax": -1811000,
        "othercomprehensiveincomeforeigncurrencytransactionandtranslationgainlossarisingduringperiodnetoftax": -1364000,
        "othercomprehensiveincomelossforeigncurrencytransactionandtranslationreclassificationadjustmentfromaocirealizeduponsaleorliquidationnetoftax": -7028000,
        "othercomprehensiveincomelossforeigncurrencytransactionandtranslationadjustmentnetoftax": 5664000,
        "othercomprehensiveincomelossnetoftax": -1811000,
        "comprehensiveincomenetoftaxincludingportionattributabletononcontrollinginterest": 171692000,
        "comprehensiveincomenetoftaxattributabletononcontrollinginterest": 3476000,
        "comprehensiveincomenetoftax": 171692000,
        "operatingleasesincomestatementleaserevenue": 161638000,
        "tenantreimbursements": 54107000,
        "otherincome": -3129000,
        "realestaterevenuenet": -3129000,
        "directcostsofleasedandrentedpropertyorequipment": 67325000,
        "generalandadministrativeexpense": -3129000,
        "interestexpense": 20189000,
        "depreciationandamortization": 1661000,
        "impairmentofrealestate": 156143000,
        "costsandexpenses": -3129000,
        "incomelossfromequitymethodinvestments": -146000,
        "incomelossfromcontinuingoperationsincludingportionattributabletononcontrollinginterest": -108116000,
        "netincomelossattributabletononcontrollinginterest": 3500000,
        "netincomeloss": 171692000,
        "dividendspreferredstock": 5474000,
        "preferredstockaccretionofredemptiondiscount": 9473000,
        "participatingsecuritiesdistributedandundistributedearningslossdiluted": 1085000,
        "netincomelossavailabletocommonstockholdersbasic": 171692000,
        "incomelossfromcontinuingoperationsperbasicanddilutedshare": -1.72,
        "earningspersharebasicanddiluted": -1.72,
        "commonstockdividendspersharedeclared": 0.8
    },
    {
        "date": "2016-03-30",
        "symbol": "ARE",
        "period": "Q1",
        "profitloss": 9966000,
        "othercomprehensiveincomeunrealizedholdinggainlossonsecuritiesarisingduringperiodnetoftax": -47423000,
        "othercomprehensiveincomelossreclassificationadjustmentfromaociforsaleofsecuritiesnetoftax": 7026000,
        "othercomprehensiveincomelossavailableforsalesecuritiesadjustmentnetoftax": -54449000,
        "othercomprehensiveincomeunrealizedgainlossonderivativesarisingduringperiodnetoftax": -6961000,
        "othercomprehensiveincomelossreclassificationadjustmentfromaocionderivativesnetoftax": -158000,
        "othercomprehensiveincomelossderivativesqualifyingashedgesnetoftax": -6803000,
        "othercomprehensiveincomeforeigncurrencytransactionandtranslationgainlossarisingduringperiodnetoftax": 3528000,
        "othercomprehensiveincomelossforeigncurrencytransactionandtranslationadjustmentnetoftax": 3528000,
        "othercomprehensiveincomelossnetoftax": 3528000,
        "comprehensiveincomenetoftaxincludingportionattributabletononcontrollinginterest": -47758000,
        "comprehensiveincomenetoftaxattributabletononcontrollinginterest": 4030000,
        "comprehensiveincomenetoftax": -51788000,
        "operatingleasesincomestatementleaserevenue": 158276000,
        "tenantreimbursements": 52597000,
        "otherincome": 5216000,
        "realestaterevenuenet": 216089000,
        "directcostsofleasedandrentedpropertyorequipment": 65837000,
        "generalandadministrativeexpense": 15188000,
        "interestexpense": 24855000,
        "depreciationandamortization": 70866000,
        "impairmentofrealestate": 28980000,
        "costsandexpenses": 205726000,
        "incomelossfromequitymethodinvestments": -397000,
        "incomelossfromcontinuingoperationsincludingportionattributabletononcontrollinginterest": 9966000,
        "netincomelossattributabletononcontrollinginterest": 4030000,
        "netincomeloss": 5936000,
        "dividendspreferredstock": 5907000,
        "preferredstockaccretionofredemptiondiscount": 3046000,
        "participatingsecuritiesdistributedandundistributedearningslossdiluted": 801000,
        "netincomelossavailabletocommonstockholdersbasic": -3818000,
        "incomelossfromcontinuingoperationsperbasicanddilutedshare": -0.05,
        "earningspersharebasicanddiluted": -0.05,
        "commonstockdividendspersharedeclared": 0.8
    },
    {
        "date": "2015-09-29",
        "symbol": "ARE",
        "period": "Q3",
        "profitloss": 39529000,
        "othercomprehensiveincomeunrealizedholdinggainlossonsecuritiesarisingduringperiodnetoftax": -29791000,
        "othercomprehensiveincomelossreclassificationadjustmentfromaociforsaleofsecuritiesnetoftax": 4851000,
        "othercomprehensiveincomelossavailableforsalesecuritiesadjustmentnetoftax": -34642000,
        "othercomprehensiveincomeunrealizedgainlossonderivativesarisingduringperiodnetoftax": -5474000,
        "othercomprehensiveincomelossreclassificationadjustmentfromaocionderivativesnetoftax": -727000,
        "othercomprehensiveincomelossderivativesqualifyingashedgesnetoftax": -4747000,
        "othercomprehensiveincomeforeigncurrencytransactionandtranslationgainlossarisingduringperiodnetoftax": -9294000,
        "othercomprehensiveincomelossforeigncurrencytransactionandtranslationadjustmentnetoftax": -9294000,
        "othercomprehensiveincomelossnetoftax": -9294000,
        "comprehensiveincomenetoftaxincludingportionattributabletononcontrollinginterest": 34782000,
        "comprehensiveincomenetoftaxattributabletononcontrollinginterest": 71000,
        "comprehensiveincomenetoftax": 34782000,
        "operatingleasesincomestatementleaserevenue": 155311000,
        "tenantreimbursements": 56119000,
        "otherincome": 3355000,
        "realestaterevenuenet": 3355000,
        "directcostsofleasedandrentedpropertyorequipment": 68846000,
        "generalandadministrativeexpense": 13511000,
        "interestexpense": 20470000,
        "depreciationandamortization": 1799000,
        "costsandexpenses": 35780000,
        "incomelossfromequitymethodinvestments": 710000,
        "incomelossfromcontinuingoperationsincludingportionattributabletononcontrollinginterest": 39529000,
        "dividendspreferredstock": 6247000,
        "netincomelossattributabletononcontrollinginterest": 170000,
        "participatingsecuritiesdistributedandundistributedearningslossdiluted": 623000,
        "netincomelossavailabletocommonstockholdersbasic": 32659000,
        "incomelossfromcontinuingoperationsperbasicanddilutedshare": 0.44999999999999996,
        "earningspersharebasicanddiluted": 0.44999999999999996,
        "commonstockdividendspersharedeclared": 0.7699999999999998
    },
    {
        "date": "2015-06-29",
        "symbol": "ARE",
        "period": "Q2",
        "profitloss": 38167000,
        "othercomprehensiveincomeunrealizedholdinggainlossonsecuritiesarisingduringperiodnetoftax": 55325000,
        "othercomprehensiveincomelossreclassificationadjustmentfromaociforsaleofsecuritiesnetoftax": -1362000,
        "othercomprehensiveincomelossavailableforsalesecuritiesadjustmentnetoftax": 56687000,
        "othercomprehensiveincomeunrealizedgainlossonderivativesarisingduringperiodnetoftax": -1225000,
        "othercomprehensiveincomelossreclassificationadjustmentfromaocionderivativesnetoftax": -710000,
        "othercomprehensiveincomelossderivativesqualifyingashedgesnetoftax": -515000,
        "othercomprehensiveincomeforeigncurrencytransactionandtranslationgainlossarisingduringperiodnetoftax": -1507000,
        "othercomprehensiveincomelossforeigncurrencytransactionandtranslationreclassificationadjustmentfromaocirealizeduponsaleorliquidationnetoftax": 0,
        "othercomprehensiveincomelossforeigncurrencytransactionandtranslationadjustmentnetoftax": -1507000,
        "othercomprehensiveincomelossnetoftax": 3966000,
        "comprehensiveincomenetoftaxincludingportionattributabletononcontrollinginterest": 37652000,
        "comprehensiveincomenetoftaxattributabletononcontrollinginterest": 237000,
        "comprehensiveincomenetoftax": 37652000,
        "operatingleasesincomestatementleaserevenue": 151805000,
        "tenantreimbursements": 49594000,
        "otherincome": 3509000,
        "realestaterevenuenet": 3509000,
        "directcostsofleasedandrentedpropertyorequipment": 62250000,
        "generalandadministrativeexpense": 13223000,
        "interestexpense": 19867000,
        "depreciationandamortization": 1469000,
        "impairmentofrealestate": 0,
        "costsandexpenses": 34748000,
        "incomelossfromequitymethodinvestments": 541000,
        "incomelossfromcontinuingoperationsincludingportionattributabletononcontrollinginterest": 38167000,
        "incomelossfromdiscontinuedoperationsnetoftax": 0,
        "dividendspreferredstock": 6246000,
        "netincomelossattributabletononcontrollinginterest": 263000,
        "participatingsecuritiesdistributedandundistributedearningslossdiluted": 630000,
        "netincomelossavailabletocommonstockholdersbasic": 31291000,
        "incomelossfromcontinuingoperationsperbasicanddilutedshare": 0.43999999999999995,
        "earningspersharebasicanddiluted": 0.43999999999999995,
        "commonstockdividendspersharedeclared": 0.77
    },
    {
        "date": "2015-03-30",
        "symbol": "ARE",
        "period": "Q1",
        "profitloss": 24516000,
        "othercomprehensiveincomeunrealizedholdinggainlossonsecuritiesarisingduringperiodnetoftax": 28489000,
        "othercomprehensiveincomelossreclassificationadjustmentfromaociforsaleofsecuritiesnetoftax": -1062000,
        "othercomprehensiveincomelossavailableforsalesecuritiesadjustmentnetoftax": 29551000,
        "othercomprehensiveincomeunrealizedgainlossonderivativesarisingduringperiodnetoftax": -3013000,
        "othercomprehensiveincomelossreclassificationadjustmentfromaocionderivativesnetoftax": -505000,
        "othercomprehensiveincomelossderivativesqualifyingashedgesnetoftax": -2508000,
        "othercomprehensiveincomeforeigncurrencytransactionandtranslationgainlossarisingduringperiodnetoftax": -6271000,
        "othercomprehensiveincomelossforeigncurrencytransactionandtranslationreclassificationadjustmentfromaocirealizeduponsaleorliquidationnetoftax": -9236000,
        "othercomprehensiveincomelossforeigncurrencytransactionandtranslationadjustmentnetoftax": 2965000,
        "othercomprehensiveincomelossnetoftax": -2508000,
        "comprehensiveincomenetoftaxincludingportionattributabletononcontrollinginterest": 22008000,
        "comprehensiveincomenetoftaxattributabletononcontrollinginterest": 646000,
        "comprehensiveincomenetoftax": 22008000,
        "operatingleasesincomestatementleaserevenue": 143608000,
        "tenantreimbursements": 48394000,
        "otherincome": 3026000,
        "realestaterevenuenet": 3026000,
        "directcostsofleasedandrentedpropertyorequipment": 61223000,
        "generalandadministrativeexpense": 12226000,
        "interestexpense": 17157000,
        "depreciationandamortization": 1247000,
        "impairmentofrealestate": 14510000,
        "costsandexpenses": 30630000,
        "incomelossfromequitymethodinvestments": 574000,
        "incomelossfromcontinuingoperationsincludingportionattributabletononcontrollinginterest": 24516000,
        "incomelossfromdiscontinuedoperationsnetoftax": -43000,
        "dividendspreferredstock": 6247000,
        "netincomelossattributabletononcontrollinginterest": 492000,
        "participatingsecuritiesdistributedandundistributedearningslossdiluted": 483000,
        "netincomelossavailabletocommonstockholdersbasic": 17786000,
        "incomelossfromcontinuingoperationsperbasicanddilutedshare": 0.25,
        "earningspersharebasicanddiluted": 0.25,
        "commonstockdividendspersharedeclared": 0.74
    },
    {
        "date": "2014-09-29",
        "symbol": "ARE",
        "period": "Q3",
        "profitloss": 70657000,
        "othercomprehensiveincomeunrealizedholdinggainlossonsecuritiesarisingduringperiodnetoftax": -2144000,
        "othercomprehensiveincomelossavailableforsalesecuritiesadjustmentnetoftax": -4981000,
        "othercomprehensiveincomeunrealizedgainlossonderivativesarisingduringperiodnetoftax": -5774000,
        "othercomprehensiveincomelossderivativesqualifyingashedgesnetoftax": 2335000,
        "othercomprehensiveincomelossforeigncurrencytransactionandtranslationadjustmentnetoftax": -12458000,
        "othercomprehensiveincomelossnetoftax": -920000,
        "comprehensiveincomenetoftaxincludingportionattributabletononcontrollinginterest": 251163000,
        "comprehensiveincomenetoftaxattributabletononcontrollinginterest": 1340000,
        "comprehensiveincomenetoftax": 15267000,
        "operatingleasesincomestatementleaserevenue": 137718000,
        "tenantreimbursements": 45572000,
        "otherincome": 16687000,
        "realestaterevenuenet": -2097000,
        "directcostsofleasedandrentedpropertyorequipment": 57423000,
        "generalandadministrativeexpense": -12801000,
        "interestexpense": -2305000,
        "depreciationandamortization": -52994000,
        "costsandexpenses": 333996000,
        "incomelossfromcontinuingoperationsincludingportionattributabletononcontrollinginterest": 96827000,
        "incomelossfromdiscontinuedoperationsnetoftax": 162000,
        "dividendspreferredstock": 6471000,
        "netincomelossattributabletononcontrollinginterest": 1340000,
        "incomelossfromcontinuingoperationsperbasicanddilutedshare": 0.39999999999999997,
        "earningspersharebasicanddiluted": 0.38999999999999996
    },
    {
        "date": "2014-06-29",
        "symbol": "ARE",
        "period": "Q2",
        "profitloss": 54767000,
        "othercomprehensiveincomeunrealizedholdinggainlossonsecuritiesarisingduringperiodnetoftax": -3044000,
        "othercomprehensiveincomelossreclassificationadjustmentfromaociforsaleofsecuritiesnetoftax": -406000,
        "othercomprehensiveincomelossavailableforsalesecuritiesadjustmentnetoftax": 310000,
        "othercomprehensiveincomeunrealizedgainlossonderivativesarisingduringperiodnetoftax": -2526000,
        "othercomprehensiveincomelossreclassificationadjustmentfromaocionderivativesnetoftax": -1123000,
        "othercomprehensiveincomelossderivativesqualifyingashedgesnetoftax": -1403000,
        "othercomprehensiveincomelossforeigncurrencytransactionandtranslationadjustmentnetoftax": 5915000,
        "othercomprehensiveincomelossnetoftax": 3277000,
        "comprehensiveincomenetoftaxincludingportionattributabletononcontrollinginterest": -114738000,
        "comprehensiveincomenetoftaxattributabletononcontrollinginterest": 1307000,
        "comprehensiveincomenetoftax": 55077000,
        "operatingleasesincomestatementleaserevenue": 134992000,
        "tenantreimbursements": 40944000,
        "otherincome": -1535000,
        "realestaterevenuenet": 2916000,
        "directcostsofleasedandrentedpropertyorequipment": 52353000,
        "generalandadministrativeexpense": 5777000,
        "interestexpense": 12493000,
        "depreciationandamortization": 55858000,
        "costsandexpenses": -3447000,
        "incomelossfromcontinuingoperationsincludingportionattributabletononcontrollinginterest": 34816000,
        "incomelossfromdiscontinuedoperationsnetoftax": -7000,
        "gainlossonsaleofpropertiesnetofapplicableincometaxes": 797000,
        "dividendspreferredstock": 6472000,
        "netincomelossattributabletononcontrollinginterest": 1307000,
        "participatingsecuritiesdistributedandundistributedearningslossdiluted": 405000,
        "netincomelossavailabletocommonstockholdersbasic": 54767000,
        "incomelossfromcontinuingoperationsperbasicanddilutedshare": 0.39,
        "earningspersharebasicanddiluted": 0.39
    },
    {
        "date": "2014-03-30",
        "symbol": "ARE",
        "period": "Q1",
        "profitloss": 64848000,
        "othercomprehensiveincomeunrealizedholdinggainlossonsecuritiesarisingduringperiodnetoftax": 18779000,
        "othercomprehensiveincomelossavailableforsalesecuritiesadjustmentnetoftax": 18779000,
        "othercomprehensiveincomeunrealizedgainlossonderivativesarisingduringperiodnetoftax": 5592000,
        "othercomprehensiveincomelossreclassificationadjustmentonderivativesincludedinnetincomenetoftax": -3490000,
        "othercomprehensiveincomelossderivativesqualifyingashedgesnetoftax": 2102000,
        "othercomprehensiveincomelossforeigncurrencytransactionandtranslationadjustmentnetoftax": -3106000,
        "othercomprehensiveincomelossnetoftax": 2102000,
        "comprehensiveincomenetoftaxincludingportionattributabletononcontrollinginterest": 58306000,
        "comprehensiveincomenetoftaxattributabletononcontrollinginterest": 1195000,
        "comprehensiveincomenetoftax": 41656000,
        "operatingleasesincomestatementleaserevenue": 130570000,
        "tenantreimbursements": 41682000,
        "otherincome": -3618000,
        "realestaterevenuenet": -3618000,
        "directcostsofleasedandrentedpropertyorequipment": 52507000,
        "generalandadministrativeexpense": -3618000,
        "interestexpense": 5584000,
        "depreciationandamortization": 1471000,
        "costsandexpenses": 25870000,
        "incomelossfromcontinuingoperationsincludingportionattributabletononcontrollinginterest": 58306000,
        "incomelossfromdiscontinuedoperationsnetoftax": -162000,
        "netincomelossattributabletononcontrollinginterest": 1195000,
        "dividendspreferredstock": 6471000,
        "participatingsecuritiesdistributedandundistributedearnings": 374000,
        "netincomelossattributabletocommonstockholders": 63653000,
        "incomelossfromcontinuingoperationsperbasicanddilutedshare": 0.46,
        "earningspersharebasicanddiluted": 0.46
    },
    {
        "date": "2013-09-29",
        "symbol": "ARE",
        "period": "Q3",
        "profitloss": -101411000,
        "othercomprehensiveincomeunrealizedholdinggainlossonsecuritiesarisingduringperiodnetoftax": 759000,
        "othercomprehensiveincomelossreclassificationadjustmentforsaleofsecuritiesincludedinnetincomenetoftax": -769000,
        "othercomprehensiveincomeunrealizedgainlossonderivativesarisingduringperiodnetoftax": -676000,
        "othercomprehensiveincomelossreclassificationadjustmentonderivativesincludedinnetincomenetoftax": 3904000,
        "othercomprehensiveincomelossderivativesqualifyingashedgesnetoftax": 3228000,
        "othercomprehensiveincomelossforeigncurrencytransactionandtranslationadjustmentnetoftax": -3404000,
        "othercomprehensiveincomelossnetoftax": 34299000,
        "comprehensiveincomenetoftaxincludingportionattributabletononcontrollinginterest": -387976000,
        "comprehensiveincomenetoftaxattributabletononcontrollinginterest": 933000,
        "comprehensiveincomenetoftax": -372938000,
        "operatingleasesincomestatementleaserevenue": 116302000,
        "tenantreimbursements": 38757000,
        "otherrealestaterevenue": 6367000,
        "realestaterevenuenet": 159024000,
        "directcostsofleasedandrentedpropertyorequipment": 47742000,
        "generalandadministrativeexpense": -9789000,
        "interestexpense": 5933000,
        "depreciationandamortization": 47630000,
        "costsandexpenses": -57156000,
        "incomelossfromcontinuingoperationsincludingportionattributabletononcontrollinginterest": 83254000,
        "incomelossfromdiscontinuedoperationsnetoftax": -1000,
        "gainlossonsaleofpropertiesnetofapplicableincometaxes": 0,
        "netincomelossattributabletononcontrollinginterest": 960000,
        "dividendspreferredstock": 6472000,
        "participatingsecuritiesdistributedandundistributedearnings": 442000,
        "netincomelossattributabletocommonstockholders": 52935000,
        "incomelossfromcontinuingoperationsperbasicanddilutedshare": 0.3500000000000001,
        "incomelossfromdiscontinuedoperationsnetoftaxperbasicanddilutedshare": -0.01,
        "earningspersharebasicanddiluted": 0.3400000000000001
    },
    {
        "date": "2013-06-29",
        "symbol": "ARE",
        "period": "Q2",
        "profitloss": -231056000,
        "othercomprehensiveincomeunrealizedholdinggainlossonsecuritiesarisingduringperiodnetoftax": -37000,
        "othercomprehensiveincomelossreclassificationadjustmentforsaleofsecuritiesincludedinnetincomenetoftax": 107000,
        "othercomprehensiveincomeunrealizedgainlossonderivativesarisingduringperiodnetoftax": 105000,
        "othercomprehensiveincomelossreclassificationadjustmentonderivativesincludedinnetincomenetoftax": 3834000,
        "othercomprehensiveincomelossderivativesqualifyingashedgesnetoftax": 3939000,
        "othercomprehensiveincomelossforeigncurrencytransactionandtranslationadjustmentnetoftax": -20697000,
        "othercomprehensiveincomelossnetoftax": -27132000,
        "comprehensiveincomenetoftaxincludingportionattributabletononcontrollinginterest": 51334000,
        "comprehensiveincomenetoftaxattributabletononcontrollinginterest": 1008000,
        "comprehensiveincomenetoftax": 36296000,
        "operatingleasesincomestatementleaserevenue": 114743000,
        "tenantreimbursements": 35923000,
        "otherrealestaterevenue": 2702000,
        "realestaterevenuenet": 303157000,
        "directcostsofleasedandrentedpropertyorequipment": 91514000,
        "generalandadministrativeexpense": 12186000,
        "interestexpense": 468000,
        "depreciationandamortization": 88251000,
        "costsandexpenses": 24251000,
        "incomelossfromcontinuingoperationsincludingportionattributabletononcontrollinginterest": 32363000,
        "incomelossfromdiscontinuedoperationsnetoftax": -6000,
        "gainlossonsaleofpropertiesnetofapplicableincometaxes": 1072000,
        "netincomelossattributabletononcontrollinginterest": 980000,
        "dividendspreferredstock": 6471000,
        "participatingsecuritiesdistributedandundistributedearnings": 403000,
        "netincomelossattributabletocommonstockholders": 83317000,
        "incomelossfromcontinuingoperationsperbasicanddilutedshare": 0.37,
        "incomelossfromdiscontinuedoperationsnetoftaxperbasicanddilutedshare": 0.01,
        "earningspersharebasicanddiluted": 0.38
    },
    {
        "date": "2013-03-30",
        "symbol": "ARE",
        "period": "Q1",
        "operatingleasesincomestatementleaserevenue": 111776000,
        "tenantreimbursements": 35611000,
        "otherrealestaterevenue": 2567000,
        "realestaterevenuenet": 2567000,
        "directcostsofleasedandrentedpropertyorequipment": 33000,
        "generalandadministrativeexpense": 10247000,
        "interestexpense": 11720000,
        "depreciationandamortization": 1473000,
        "costsandexpenses": 23473000,
        "incomelossfromcontinuingoperationsincludingportionattributabletononcontrollinginterest": 28901000,
        "incomelossfromdiscontinuedoperationsnetoftax": 354000,
        "gainlossonsaleofpropertiesnetofapplicableincometaxes": -300000,
        "profitloss": 29255000,
        "netincomelossattributabletononcontrollinginterest": 982000,
        "dividendspreferredstock": 6471000,
        "participatingsecuritiesdistributedandundistributedearnings": 342000,
        "netincomelossattributabletocommonstockholders": 22442000,
        "incomelossfromcontinuingoperationsperbasicanddilutedshare": 0.35,
        "incomelossfromdiscontinuedoperationsnetoftaxperbasicanddilutedshare": 0.01,
        "earningspersharebasicanddiluted": 0.36,
        "othercomprehensiveincomeunrealizedholdinggainlossonsecuritiesarisingduringperiodnetoftax": -8000,
        "othercomprehensiveincomelossreclassificationadjustmentforsaleofsecuritiesincludedinnetincomenetoftax": 38000,
        "othercomprehensiveincomelossavailableforsalesecuritiesadjustmentbeforetax": 44000,
        "othercomprehensiveincomeunrealizedgainlossonderivativesarisingduringperiodnetoftax": -133000,
        "othercomprehensiveincomelossreclassificationadjustmentonderivativesincludedinnetincomenetoftax": 4308000,
        "othercomprehensiveincomelossderivativesqualifyingashedgesnetoftax": 4175000,
        "othercomprehensiveincomelossforeigncurrencytransactionandtranslationadjustmentnetoftax": -2360000,
        "othercomprehensiveincomelossnetoftax": 4175000,
        "comprehensiveincomenetoftaxincludingportionattributabletononcontrollinginterest": 33430000,
        "comprehensiveincomenetoftaxattributabletononcontrollinginterest": 898000,
        "comprehensiveincomenetoftax": 33430000
    },
    {
        "date": "2012-09-29",
        "symbol": "ARE",
        "period": "Q3",
        "operatingleasesincomestatementleaserevenue": 99980000,
        "tenantreimbursements": 30443000,
        "otherrealestaterevenue": -21950000,
        "realestaterevenuenet": -308780000,
        "directcostsofleasedandrentedpropertyorequipment": 39996000,
        "generalandadministrativeexpense": -9941000,
        "interestexpense": -17366000,
        "depreciationandamortization": 41315000,
        "costsandexpenses": -9941000,
        "incomelossfromcontinuingoperationsbeforegainlossonearlyextinguishmentofdebt": 18410000,
        "gainslossesonextinguishmentofdebt": 0,
        "incomelossfromcontinuingoperationsincludingportionattributabletononcontrollinginterest": -335880000,
        "incomelossfromdiscontinuedoperationsnetoftax": 927000,
        "gainlossonsaleofpropertiesnetofapplicableincometaxes": -514000,
        "profitloss": 146410000,
        "netincomelossattributabletononcontrollinginterest": 828000,
        "dividendspreferredstock": 6471000,
        "preferredstockredemptionpremium": 0,
        "participatingsecuritiesdistributedandundistributedearnings": 360000,
        "netincomelossattributabletocommonstockholders": -315653000,
        "othercomprehensiveincomeunrealizedholdinggainlossonsecuritiesarisingduringperiodnetoftax": 796000,
        "othercomprehensiveincomeunrealizedgainlossonderivativesarisingduringperiodnetoftax": -2818000,
        "comprehensiveincomenetoftaxincludingportionattributabletononcontrollinginterest": 35922000,
        "comprehensiveincomenetoftaxattributabletononcontrollinginterest": 805000,
        "comprehensiveincomenetoftax": 35117000
    },
    {
        "date": "2012-06-29",
        "symbol": "ARE",
        "period": "Q2",
        "operatingleasesincomestatementleaserevenue": 110482000,
        "tenantreimbursements": 34011000,
        "otherrealestaterevenue": 9381000,
        "realestaterevenuenet": 302215000,
        "directcostsofleasedandrentedpropertyorequipment": 44478000,
        "generalandadministrativeexpense": -10360000,
        "interestexpense": 17922000,
        "depreciationandamortization": 52277000,
        "costsandexpenses": 3376000,
        "incomelossfromcontinuingoperationsbeforegainlossonearlyextinguishmentofdebt": 26873000,
        "gainslossesonextinguishmentofdebt": -2825000,
        "incomelossfromcontinuingoperationsincludingportionattributabletononcontrollinginterest": 6270000,
        "incomelossfromdiscontinuedoperationsnetoftax": 370000,
        "gainlossonsaleofpropertiesnetofapplicableincometaxes": -36000,
        "profitloss": -32364000,
        "netincomelossattributabletononcontrollinginterest": 851000,
        "dividendspreferredstock": 6903000,
        "preferredstockredemptionpremium": -22000,
        "participatingsecuritiesdistributedandundistributedearnings": 271000,
        "netincomelossattributabletocommonstockholders": 138593000,
        "othercomprehensiveincomeunrealizedholdinggainlossonsecuritiesarisingduringperiodnetoftax": -76000,
        "othercomprehensiveincomereclassificationadjustmentforsaleofsecuritiesincludedinnetincomenetoftax": -227000,
        "othercomprehensiveincomeavailableforsalesecuritiesadjustmentbeforetaxperiodincreasedecrease": 131000,
        "othercomprehensiveincomeunrealizedgainlossonderivativesarisingduringperiodnetoftax": -3091000,
        "othercomprehensiveincomereclassificationadjustmentonderivativesincludedinnetincomenetoftax": -5895000,
        "othercomprehensiveincomederivativesqualifyingashedgesnetoftaxperiodincreasedecrease": 2804000,
        "othercomprehensiveincomeforeigncurrencytransactionandtranslationadjustmentnetoftaxperiodincreasedecrease": -9957000,
        "othercomprehensiveincomelossnetoftaxperiodincreasedecrease": -12535000,
        "comprehensiveincomenetoftaxincludingportionattributabletononcontrollinginterest": 11384000,
        "comprehensiveincomenetoftaxattributabletononcontrollinginterest": 875000,
        "comprehensiveincomenetoftax": 10509000
    },
    {
        "date": "2012-03-30",
        "symbol": "ARE",
        "period": "Q1",
        "operatingleasesincomestatementleaserevenue": 107785000,
        "tenantreimbursements": 34552000,
        "otherrealestaterevenue": 2629000,
        "realestaterevenuenet": -3375000,
        "directcostsofleasedandrentedpropertyorequipment": 43410000,
        "generalandadministrativeexpense": 10361000,
        "interestexpense": 16227000,
        "depreciationandamortization": 43405000,
        "costsandexpenses": -3375000,
        "incomelossfromcontinuingoperationsbeforegainlossonearlyextinguishmentofdebt": 31563000,
        "gainslossesonextinguishmentofdebt": 600000,
        "incomelossfromcontinuingoperationsincludingportionattributabletononcontrollinginterest": 49941000,
        "incomelossfromdiscontinuedoperationsnetoftax": -29000,
        "gainlossonsaleofpropertiesnetofapplicableincometaxes": 1900000,
        "profitloss": 32775000,
        "netincomelossattributabletononcontrollinginterest": 711000,
        "dividendspreferredstock": 7483000,
        "preferredstockredemptionpremium": 6000000,
        "participatingsecuritiesdistributedandundistributedearnings": 235000,
        "netincomelossattributabletocommonstockholders": -102609000,
        "incomelossfromcontinuingoperationsperbasicshare": 0.3,
        "earningspersharebasic": 0.3,
        "incomelossfromcontinuingoperationsperdilutedshare": 0.3,
        "earningspersharediluted": 0.3,
        "othercomprehensiveincomeunrealizedholdinggainlossonsecuritiesarisingduringperiodnetoftax": 643000,
        "othercomprehensiveincomereclassificationadjustmentforsaleofsecuritiesincludedinnetincomenetoftax": 913000,
        "othercomprehensiveincomeavailableforsalesecuritiesadjustmentbeforetaxperiodincreasedecrease": -250000,
        "othercomprehensiveincomeunrealizedgainlossonderivativesarisingduringperiodnetoftax": -4073000,
        "othercomprehensiveincomereclassificationadjustmentonderivativesincludedinnetincomenetoftax": -5775000,
        "othercomprehensiveincomederivativesqualifyingashedgesnetoftaxperiodincreasedecrease": 1702000,
        "othercomprehensiveincomeforeigncurrencytransactionandtranslationadjustmentnetoftaxperiodincreasedecrease": 9959000,
        "othercomprehensiveincomelossnetoftaxperiodincreasedecrease": 9689000,
        "comprehensiveincomenetoftaxincludingportionattributabletononcontrollinginterest": 44186000,
        "comprehensiveincomenetoftaxattributabletononcontrollinginterest": 699000,
        "comprehensiveincomenetoftax": 43487000
    },
    {
        "date": "2011-09-29",
        "symbol": "ARE",
        "period": "Q3",
        "operatingleasesincomestatementleaserevenue": 106160000,
        "tenantreimbursements": 34792000,
        "otherrealestaterevenue": 2475000,
        "realestaterevenuenet": 143427000,
        "directcostsofleasedandrentedpropertyorequipment": 42608000,
        "generalandadministrativeexpense": 10297000,
        "interestexpense": 14273000,
        "depreciationandamortization": 39652000,
        "costsandexpenses": 106830000,
        "incomelossfromcontinuingoperationsbeforegainlossonearlyextinguishmentofdebt": 36597000,
        "gainslossesonextinguishmentofdebt": -2742000,
        "incomelossfromcontinuingoperationsincludingportionattributabletononcontrollinginterest": 33855000,
        "incomelossfromdiscontinuedoperationsnetoftax": -906000,
        "gainlossonsaleofpropertiesnetofapplicableincometaxes": 46000,
        "profitloss": 32995000,
        "netincomelossattributabletononcontrollinginterest": 966000,
        "dividendspreferredstock": 7089000,
        "participatingsecuritiesdistributedandundistributedearnings": 278000,
        "netincomelossattributabletocommonstockholders": 24662000,
        "incomelossfromcontinuingoperationsperbasicshare": 0.41,
        "incomelossfromdiscontinuedoperationsnetoftaxperbasicshare": -0.01,
        "earningspersharebasic": 0.4,
        "incomelossfromcontinuingoperationsperdilutedshare": 0.41,
        "incomelossfromdiscontinuedoperationsnetoftaxperdilutedshare": -0.01,
        "earningspersharediluted": 0.4
    },
    {
        "date": "2011-03-30",
        "symbol": "ARE",
        "period": "Q1",
        "operatingleasesincomestatementleaserevenue": 106624000,
        "tenantreimbursements": 32908000,
        "otherrealestaterevenue": 777000,
        "realestaterevenuenet": 140309000,
        "directcostsofleasedandrentedpropertyorequipment": 41081000,
        "generalandadministrativeexpense": 9500000,
        "interestexpense": 17842000,
        "depreciationandamortization": 36707000,
        "costsandexpenses": 105130000,
        "incomelossfromcontinuingoperationsbeforegainlossonearlyextinguishmentofdebt": 35179000,
        "gainslossesonextinguishmentofdebt": -2495000,
        "incomelossfromcontinuingoperationsincludingportionattributabletononcontrollinginterest": 32684000,
        "discontinuedoperationincomelossfromdiscontinuedoperationduringphaseoutperiodnetoftax": -59000,
        "incomelossfromdiscontinuedoperationsnetoftax": -59000,
        "profitloss": 32625000,
        "netincomelossattributabletononcontrollinginterest": 929000,
        "preferredstockdividends": 7089000,
        "netincomelossattributabletounvestedrestrictedstockawards": 242000,
        "netincomelossavailabletocommonstockholdersbasiclessamountapplicabletorestrictedstock": 24365000,
        "incomelossfromcontinuingoperationsperbasicshare": 0.44,
        "earningspersharebasic": 0.44,
        "incomelossfromcontinuingoperationsperdilutedshare": 0.44,
        "earningspersharediluted": 0.44
    }
]