[
    {
        "date": "2024-09-29",
        "symbol": "LVS",
        "period": "Q3",
        "revenues": -68000000,
        "costofrevenue": 62000000,
        "provisionfordoubtfulaccounts": -5000000,
        "sellinggeneralandadministrativeexpense": 293000000,
        "corporateexpense": 68000000,
        "preopeningcosts": 4000000,
        "researchanddevelopmentexpense": 55000000,
        "depreciationandamortization": 324000000,
        "amortizationofleaseholdinterestsinland": 15000000,
        "gainlossonsalesofassetsandassetimpairmentcharges": -11000000,
        "costsandexpenses": 2178000000,
        "operatingincomeloss": 504000000,
        "interestincomeinterestearningasset": 67000000,
        "interestexpense": 179000000,
        "othernonoperatingincomeexpense": 11000000,
        "incomelossfromcontinuingoperationsbeforeincometaxesextraordinaryitemsnoncontrollinginterest": 403000000,
        "incometaxexpensebenefit": 50000000,
        "profitloss": 353000000,
        "netincomelossattributabletononcontrollinginterest": 78000000,
        "netincomeloss": 275000000,
        "earningspersharebasic": 0.38,
        "earningspersharediluted": 0.38,
        "weightedaveragenumberofsharesoutstandingbasic": 730000000,
        "weightedaveragenumberofdilutedsharesoutstanding": 731000000,
        "othercomprehensiveincomelossforeigncurrencytransactionandtranslationadjustmentnetoftax": 136000000,
        "othercomprehensiveincomelosscashflowhedgegainlossafterreclassificationandtax": 3000000,
        "comprehensiveincomenetoftaxincludingportionattributabletononcontrollinginterest": 492000000,
        "comprehensiveincomenetoftaxattributabletononcontrollinginterest": 80000000,
        "comprehensiveincomenetoftax": 412000000
    },
    {
        "date": "2024-06-29",
        "symbol": "LVS",
        "period": "Q2",
        "revenues": 2035000000,
        "costofrevenue": 1141000000,
        "provisionfordoubtfulaccounts": 4000000,
        "sellinggeneralandadministrativeexpense": 268000000,
        "corporateexpense": 69000000,
        "preopeningcosts": 3000000,
        "researchanddevelopmentexpense": 61000000,
        "depreciationandamortization": 316000000,
        "amortizationofleaseholdinterestsinland": 14000000,
        "gainlossonsalesofassetsandassetimpairmentcharges": -16000000,
        "costsandexpenses": 2170000000,
        "operatingincomeloss": 591000000,
        "interestincomeinterestearningasset": 80000000,
        "interestexpense": 186000000,
        "othernonoperatingincomeexpense": 11000000,
        "incomelossfromcontinuingoperationsbeforeincometaxesextraordinaryitemsnoncontrollinginterest": 496000000,
        "incometaxexpensebenefit": 72000000,
        "profitloss": 424000000,
        "netincomelossattributabletononcontrollinginterest": 71000000,
        "netincomeloss": 353000000,
        "earningspersharebasic": 0.48,
        "earningspersharediluted": 0.48,
        "weightedaveragenumberofsharesoutstandingbasic": 740000000,
        "weightedaveragenumberofdilutedsharesoutstanding": 741000000,
        "othercomprehensiveincomelossforeigncurrencytransactionandtranslationadjustmentnetoftax": -13000000,
        "othercomprehensiveincomelosscashflowhedgegainlossafterreclassificationandtax": -2000000,
        "comprehensiveincomenetoftaxincludingportionattributabletononcontrollinginterest": 409000000,
        "comprehensiveincomenetoftaxattributabletononcontrollinginterest": 71000000,
        "comprehensiveincomenetoftax": 338000000
    },
    {
        "date": "2024-03-30",
        "symbol": "LVS",
        "period": "Q1",
        "revenues": 2228000000,
        "costofrevenue": 1180000000,
        "provisionfordoubtfulaccounts": 11000000,
        "sellinggeneralandadministrativeexpense": 286000000,
        "corporateexpense": 78000000,
        "preopeningcosts": 3000000,
        "researchanddevelopmentexpense": 53000000,
        "depreciationandamortization": 320000000,
        "amortizationofleaseholdinterestsinland": 16000000,
        "gainlossonsalesofassetsandassetimpairmentcharges": -14000000,
        "costsandexpenses": 2242000000,
        "operatingincomeloss": 717000000,
        "interestincomeinterestearningasset": 71000000,
        "interestexpense": 182000000,
        "othernonoperatingincomeexpense": -6000000,
        "incomelossfromcontinuingoperationsbeforeincometaxesextraordinaryitemsnoncontrollinginterest": 600000000,
        "incometaxexpensebenefit": 17000000,
        "profitloss": 583000000,
        "netincomelossattributabletononcontrollinginterest": 89000000,
        "netincomeloss": 494000000,
        "earningspersharebasic": 0.66,
        "earningspersharediluted": 0.66,
        "weightedaveragenumberofsharesoutstandingbasic": 750000000,
        "weightedaveragenumberofdilutedsharesoutstanding": 752000000,
        "othercomprehensiveincomelossforeigncurrencytransactionandtranslationadjustmentnetoftax": -57000000,
        "othercomprehensiveincomelosscashflowhedgegainlossafterreclassificationandtax": -12000000,
        "comprehensiveincomenetoftaxincludingportionattributabletononcontrollinginterest": 514000000,
        "comprehensiveincomenetoftaxattributabletononcontrollinginterest": 85000000,
        "comprehensiveincomenetoftax": 429000000
    },
    {
        "date": "2023-12-30",
        "symbol": "LVS",
        "period": "Q4",
        "revenues": 2111000000,
        "costofrevenue": 1141000000,
        "provisionfordoubtfulaccounts": 2000000,
        "sellinggeneralandadministrativeexpense": 287000000,
        "corporateexpense": 64000000,
        "preopeningcosts": 2000000,
        "depreciationandamortization": 333000000,
        "amortizationofleaseholdinterestsinland": 15000000,
        "gainlossonsalesofassetsandassetimpairmentcharges": -5000000,
        "costsandexpenses": 2205000000,
        "operatingincomeloss": 710000000,
        "interestexpense": 190000000,
        "othernonoperatingincomeexpense": 9000000,
        "incomelossfromcontinuingoperationsbeforeincometaxesextraordinaryitemsnoncontrollinginterest": 592000000,
        "incometaxexpensebenefit": 123000000,
        "incomelossfromcontinuingoperationsincludingportionattributabletononcontrollinginterest": 469000000,
        "profitloss": 469000000,
        "netincomelossattributabletononcontrollinginterest": 87000000,
        "netincomeloss": 382000000,
        "incomelossfromcontinuingoperationsperbasicshare": 0.5000000000000002,
        "earningspersharebasic": 0.5000000000000002,
        "incomelossfromcontinuingoperationsperdilutedshare": 0.5000000000000002,
        "earningspersharediluted": 0.5000000000000002,
        "weightedaveragenumberofsharesoutstandingbasic": 763000000,
        "weightedaveragenumberofdilutedsharesoutstanding": 765000000,
        "othercomprehensiveincomelossforeigncurrencytransactionandtranslationadjustmentnetoftax": 83000000,
        "othercomprehensiveincomelosscashflowhedgegainlossafterreclassificationandtax": 1000000,
        "comprehensiveincomenetoftaxincludingportionattributabletononcontrollinginterest": 553000000,
        "comprehensiveincomenetoftaxattributabletononcontrollinginterest": 87000000,
        "comprehensiveincomenetoftax": 466000000
    },
    {
        "date": "2023-09-29",
        "symbol": "LVS",
        "period": "Q3",
        "revenues": 2008000000,
        "costofrevenue": 1103000000,
        "provisionfordoubtfulaccounts": 3000000,
        "sellinggeneralandadministrativeexpense": 290000000,
        "corporateexpense": 49000000,
        "preopeningcosts": 3000000,
        "researchanddevelopmentexpenseexcludingacquiredinprocesscost": 44000000,
        "depreciationandamortization": 313000000,
        "amortizationofleaseholdinterestsinland": 15000000,
        "gainlossonsalesofassetsandassetimpairmentcharges": -4000000,
        "costsandexpenses": 2107000000,
        "operatingincomeloss": 688000000,
        "interestincomeother": 79000000,
        "interestexpense": 200000000,
        "othernonoperatingincomeexpense": 4000000,
        "incomelossfromcontinuingoperationsbeforeincometaxesextraordinaryitemsnoncontrollinginterest": 571000000,
        "incometaxexpensebenefit": 122000000,
        "incomelossfromcontinuingoperationsincludingportionattributabletononcontrollinginterest": 449000000,
        "profitloss": 449000000,
        "netincomelossattributabletononcontrollinginterest": 69000000,
        "netincomeloss": 380000000,
        "incomelossfromcontinuingoperationsperbasicshare": 0.5,
        "earningspersharebasic": 0.5,
        "incomelossfromcontinuingoperationsperdilutedshare": 0.5,
        "earningspersharediluted": 0.5,
        "weightedaveragenumberofsharesoutstandingbasic": 764000000,
        "weightedaveragenumberofdilutedsharesoutstanding": 766000000,
        "othercomprehensiveincomelossforeigncurrencytransactionandtranslationadjustmentnetoftax": -17000000,
        "othercomprehensiveincomelosscashflowhedgegainlossafterreclassificationandtax": 2000000,
        "comprehensiveincomenetoftaxincludingportionattributabletononcontrollinginterest": 434000000,
        "comprehensiveincomenetoftaxattributabletononcontrollinginterest": 70000000,
        "comprehensiveincomenetoftax": 364000000
    },
    {
        "date": "2023-06-29",
        "symbol": "LVS",
        "period": "Q2",
        "revenues": 1862000000,
        "costofrevenue": 1034000000,
        "provisionfordoubtfulaccounts": 5000000,
        "sellinggeneralandadministrativeexpense": 279000000,
        "corporateexpense": 60000000,
        "preopeningcosts": 8000000,
        "researchanddevelopmentexpenseexcludingacquiredinprocesscost": 54000000,
        "depreciationandamortization": 288000000,
        "amortizationofleaseholdinterestsinland": 14000000,
        "gainlossonsalesofassetsandassetimpairmentcharges": -4000000,
        "costsandexpenses": 2005000000,
        "operatingincomeloss": 537000000,
        "interestincomeother": 76000000,
        "interestexpense": 210000000,
        "othernonoperatingincomeexpense": 14000000,
        "incomelossfromcontinuingoperationsbeforeincometaxesextraordinaryitemsnoncontrollinginterest": 417000000,
        "incometaxexpensebenefit": 49000000,
        "incomelossfromcontinuingoperationsincludingportionattributabletononcontrollinginterest": 368000000,
        "profitloss": 368000000,
        "netincomelossattributabletononcontrollinginterest": 56000000,
        "netincomeloss": 312000000,
        "incomelossfromcontinuingoperationsperbasicshare": 0.41,
        "earningspersharebasic": 0.41,
        "incomelossfromcontinuingoperationsperdilutedshare": 0.41,
        "earningspersharediluted": 0.41,
        "weightedaveragenumberofsharesoutstandingbasic": 764000000,
        "weightedaveragenumberofdilutedsharesoutstanding": 767000000,
        "othercomprehensiveincomelossforeigncurrencytransactionandtranslationadjustmentnetoftax": -52000000,
        "othercomprehensiveincomelosscashflowhedgegainlossafterreclassificationandtax": -1000000,
        "comprehensiveincomenetoftaxincludingportionattributabletononcontrollinginterest": 315000000,
        "comprehensiveincomenetoftaxattributabletononcontrollinginterest": 55000000,
        "comprehensiveincomenetoftax": 260000000
    },
    {
        "date": "2023-03-30",
        "symbol": "LVS",
        "period": "Q1",
        "revenues": 1541000000,
        "costofrevenue": 874000000,
        "provisionfordoubtfulaccounts": -6000000,
        "sellinggeneralandadministrativeexpense": 251000000,
        "corporateexpense": 57000000,
        "preopeningcosts": 2000000,
        "researchanddevelopmentexpenseexcludingacquiredinprocesscost": 42000000,
        "depreciationandamortization": 274000000,
        "amortizationofleaseholdinterestsinland": 14000000,
        "gainlossonsalesofassetsandassetimpairmentcharges": -14000000,
        "costsandexpenses": 1742000000,
        "operatingincomeloss": 378000000,
        "interestincomeother": 70000000,
        "interestexpense": 218000000,
        "othernonoperatingincomeexpense": -35000000,
        "incomelossfromcontinuingoperationsbeforeincometaxesextraordinaryitemsnoncontrollinginterest": 195000000,
        "incometaxexpensebenefit": 50000000,
        "incomelossfromcontinuingoperationsincludingportionattributabletononcontrollinginterest": 145000000,
        "profitloss": 145000000,
        "netincomelossattributabletononcontrollinginterest": -2000000,
        "netincomeloss": 147000000,
        "incomelossfromcontinuingoperationsperbasicshare": 0.19,
        "earningspersharebasic": 0.19,
        "incomelossfromcontinuingoperationsperdilutedshare": 0.19,
        "earningspersharediluted": 0.19,
        "weightedaveragenumberofsharesoutstandingbasic": 764000000,
        "weightedaveragenumberofdilutedsharesoutstanding": 766000000,
        "othercomprehensiveincomelossforeigncurrencytransactionandtranslationadjustmentnetoftax": 23000000,
        "othercomprehensiveincomelosscashflowhedgegainlossafterreclassificationandtax": -5000000,
        "comprehensiveincomenetoftaxincludingportionattributabletononcontrollinginterest": 163000000,
        "comprehensiveincomenetoftaxattributabletononcontrollinginterest": -2000000,
        "comprehensiveincomenetoftax": 165000000
    },
    {
        "date": "2022-12-30",
        "symbol": "LVS",
        "period": "Q4",
        "revenues": -29000000,
        "costofrevenue": 30000000,
        "provisionfordoubtfulaccounts": 1000000,
        "sellinggeneralandadministrativeexpense": 242000000,
        "corporateexpense": 68000000,
        "preopeningcosts": 2000000,
        "researchanddevelopmentexpenseexcludingacquiredinprocesscost": 35000000,
        "depreciationandamortization": 256000000,
        "amortizationofleaseholdinterestsinland": 13000000,
        "costsandexpenses": 1283000000,
        "operatingincomeloss": -166000000,
        "interestincomeother": 60000000,
        "interestexpense": 201000000,
        "othernonoperatingincomeexpense": 20000000,
        "incomelossfromcontinuingoperationsbeforeincometaxesextraordinaryitemsnoncontrollinginterest": -287000000,
        "incometaxexpensebenefit": -18000000,
        "incomelossfromcontinuingoperationsincludingportionattributabletononcontrollinginterest": -269000000,
        "incomelossfromdiscontinuedoperationsnetoftax": -5000000,
        "profitloss": -105000000,
        "netincomelossattributabletononcontrollinginterest": -105000000,
        "netincomeloss": -169000000,
        "incomelossfromcontinuingoperationsperbasicshare": -0.21999999999999986,
        "earningspersharebasic": -0.2200000000000002,
        "incomelossfromcontinuingoperationsperdilutedshare": -0.21999999999999986,
        "earningspersharediluted": -0.2200000000000002,
        "comprehensiveincomenetoftaxincludingportionattributabletononcontrollinginterest": -135000000,
        "comprehensiveincomenetoftaxattributabletononcontrollinginterest": -107000000,
        "comprehensiveincomenetoftax": -28000000
    },
    {
        "date": "2022-09-29",
        "symbol": "LVS",
        "period": "Q3",
        "revenues": 637000000,
        "costofrevenue": 410000000,
        "provisionfordoubtfulaccounts": 8000000,
        "sellinggeneralandadministrativeexpense": 238000000,
        "corporateexpense": 53000000,
        "preopeningcosts": 4000000,
        "researchanddevelopmentexpenseexcludingacquiredinprocesscost": 26000000,
        "depreciationandamortization": 260000000,
        "amortizationofleaseholdinterestsinland": 14000000,
        "costsandexpenses": 1182000000,
        "operatingincomeloss": -177000000,
        "interestincomeother": 38000000,
        "interestexpense": 183000000,
        "othernonoperatingincomeexpense": 2000000,
        "incomelossfromcontinuingoperationsbeforeincometaxesextraordinaryitemsnoncontrollinginterest": -320000000,
        "incometaxexpensebenefit": 60000000,
        "incomelossfromcontinuingoperationsincludingportionattributabletononcontrollinginterest": -380000000,
        "incomelossfromdiscontinuedoperationsnetoftax": -1000000,
        "profitloss": -381000000,
        "netincomelossattributabletononcontrollinginterest": -142000000,
        "netincomeloss": -239000000,
        "incomelossfromcontinuingoperationsperbasicshare": -0.30999999999999994,
        "earningspersharebasic": -0.31000000000000005,
        "incomelossfromcontinuingoperationsperdilutedshare": -0.30999999999999994,
        "earningspersharediluted": -0.31000000000000005,
        "othercomprehensiveincomelossforeigncurrencytransactionandtranslationadjustmentnetoftax": -64000000,
        "comprehensiveincomenetoftaxincludingportionattributabletononcontrollinginterest": -444000000,
        "comprehensiveincomenetoftaxattributabletononcontrollinginterest": -143000000,
        "comprehensiveincomenetoftax": -301000000
    },
    {
        "date": "2022-06-29",
        "symbol": "LVS",
        "period": "Q2",
        "revenues": 709000000,
        "costofrevenue": 445000000,
        "provisionfordoubtfulaccounts": 2000000,
        "sellinggeneralandadministrativeexpense": 238000000,
        "corporateexpense": 55000000,
        "preopeningcosts": 3000000,
        "researchanddevelopmentexpenseexcludingacquiredinprocesscost": 22000000,
        "depreciationandamortization": 256000000,
        "amortizationofleaseholdinterestsinland": 14000000,
        "gainlossonsalesofassetsandassetimpairmentcharges": 0,
        "costsandexpenses": 1192000000,
        "operatingincomeloss": -147000000,
        "interestincomeother": 14000000,
        "interestexpense": 162000000,
        "othernonoperatingincomeexpense": -9000000,
        "incomelossfromcontinuingoperationsbeforeincometaxesextraordinaryitemsnoncontrollinginterest": -304000000,
        "incometaxexpensebenefit": 110000000,
        "incomelossfromcontinuingoperationsincludingportionattributabletononcontrollinginterest": -414000000,
        "discontinuedoperationincomelossfromdiscontinuedoperationduringphaseoutperiodnetoftax": 0,
        "discontinuedoperationgainlossondisposalofdiscontinuedoperationnetoftax": 0,
        "incomelossfromdiscontinuedoperationsnetoftax": -3000000,
        "profitloss": -417000000,
        "netincomelossattributabletononcontrollinginterest": -127000000,
        "netincomeloss": -290000000,
        "incomelossfromcontinuingoperationsperbasicshare": -0.38,
        "incomelossfromdiscontinuedoperationsnetoftaxperbasicshare": 0,
        "earningspersharebasic": -0.3799999999999999,
        "incomelossfromcontinuingoperationsperdilutedshare": -0.38,
        "incomelossfromdiscontinuedoperationsnetoftaxperdilutedshare": 0,
        "earningspersharediluted": -0.3799999999999999,
        "weightedaveragenumberofsharesoutstandingbasic": 0,
        "weightedaveragenumberofdilutedsharesoutstanding": 0,
        "othercomprehensiveincomelossforeigncurrencytransactionandtranslationadjustmentnetoftax": -61000000,
        "comprehensiveincomenetoftaxincludingportionattributabletononcontrollinginterest": -472000000,
        "comprehensiveincomenetoftaxattributabletononcontrollinginterest": -125000000,
        "comprehensiveincomenetoftax": -347000000
    },
    {
        "date": "2022-03-30",
        "symbol": "LVS",
        "period": "Q1",
        "revenues": 627000000,
        "costofrevenue": 468000000,
        "provisionfordoubtfulaccounts": 4000000,
        "sellinggeneralandadministrativeexpense": 218000000,
        "corporateexpense": 59000000,
        "preopeningcosts": 4000000,
        "researchanddevelopmentexpenseexcludingacquiredinprocesscost": 60000000,
        "depreciationandamortization": 264000000,
        "amortizationofleaseholdinterestsinland": 14000000,
        "gainlossonsalesofassetsandassetimpairmentcharges": -6000000,
        "costsandexpenses": 1245000000,
        "operatingincomeloss": -302000000,
        "interestincomeother": 4000000,
        "interestexpense": 156000000,
        "othernonoperatingincomeexpense": -22000000,
        "incomelossfromcontinuingoperationsbeforeincometaxesextraordinaryitemsnoncontrollinginterest": -476000000,
        "incometaxexpensebenefit": 2000000,
        "incomelossfromcontinuingoperationsincludingportionattributabletononcontrollinginterest": -478000000,
        "discontinuedoperationincomelossfromdiscontinuedoperationduringphaseoutperiodnetoftax": 46000000,
        "discontinuedoperationgainlossondisposalofdiscontinuedoperationnetoftax": 2861000000,
        "incomelossfromdiscontinuedoperationsnetoftax": 2907000000,
        "profitloss": 2429000000,
        "netincomelossattributabletononcontrollinginterest": -101000000,
        "netincomeloss": 2530000000,
        "incomelossfromcontinuingoperationsperbasicshare": -0.49,
        "incomelossfromdiscontinuedoperationsnetoftaxperbasicshare": 3.8,
        "earningspersharebasic": 3.31,
        "incomelossfromcontinuingoperationsperdilutedshare": -0.49,
        "incomelossfromdiscontinuedoperationsnetoftaxperdilutedshare": 3.8,
        "earningspersharediluted": 3.31,
        "weightedaveragenumberofsharesoutstandingbasic": 764000000,
        "weightedaveragenumberofdilutedsharesoutstanding": 764000000,
        "othercomprehensiveincomelossforeigncurrencytransactionandtranslationadjustmentnetoftax": -4000000,
        "othercomprehensiveincomelosscashflowhedgegainlossafterreclassificationandtax": -6000000,
        "comprehensiveincomenetoftaxincludingportionattributabletononcontrollinginterest": 2419000000,
        "comprehensiveincomenetoftaxattributabletononcontrollinginterest": -104000000,
        "comprehensiveincomenetoftax": 2523000000
    },
    {
        "date": "2021-12-30",
        "symbol": "LVS",
        "period": "Q4",
        "revenues": -17000000,
        "costofrevenue": 23000000,
        "provisionfordoubtfulaccounts": -6000000,
        "sellinggeneralandadministrativeexpense": 164000000,
        "corporateexpense": 42000000,
        "preopeningcosts": 4000000,
        "researchanddevelopmentexpenseexcludingacquiredinprocesscost": 50000000,
        "depreciationandamortization": 266000000,
        "amortizationofleaseholdinterestsinland": 14000000,
        "gainlossonsalesofassetsandassetimpairmentcharges": -9000000,
        "costsandexpenses": 1146000000,
        "operatingincomeloss": -138000000,
        "interestincomeother": 1000000,
        "interestexpense": 152000000,
        "othernonoperatingincomeexpense": -12000000,
        "incomelossfromcontinuingoperationsbeforeincometaxesextraordinaryitemsnoncontrollinginterest": -301000000,
        "incometaxexpensebenefit": 14000000,
        "incomelossfromcontinuingoperationsincludingportionattributabletononcontrollinginterest": -315000000,
        "incomelossfromdiscontinuedoperationsnetoftax": 118000000,
        "profitloss": -74000000,
        "netincomelossattributabletononcontrollinginterest": -74000000,
        "netincomeloss": -123000000,
        "incomelossfromcontinuingoperationsperbasicshare": -0.32000000000000006,
        "incomelossfromdiscontinuedoperationsnetoftaxperbasicshare": 0.15,
        "earningspersharebasic": -0.17000000000000004,
        "incomelossfromcontinuingoperationsperdilutedshare": -0.32000000000000006,
        "incomelossfromdiscontinuedoperationsnetoftaxperdilutedshare": 0.15,
        "earningspersharediluted": -0.17000000000000004,
        "weightedaveragenumberofsharesoutstandingbasic": -1528000000,
        "weightedaveragenumberofdilutedsharesoutstanding": -1528000000,
        "othercomprehensiveincomelossforeigncurrencytransactionandtranslationadjustmentnetoftax": 0,
        "comprehensiveincomenetoftaxincludingportionattributabletononcontrollinginterest": -188000000,
        "comprehensiveincomenetoftaxattributabletononcontrollinginterest": -75000000,
        "comprehensiveincomenetoftax": -113000000
    },
    {
        "date": "2021-09-29",
        "symbol": "LVS",
        "period": "Q3",
        "revenues": 533000000,
        "costofrevenue": 451000000,
        "provisionfordoubtfulaccounts": 3000000,
        "sellinggeneralandadministrativeexpense": 223000000,
        "corporateexpense": 64000000,
        "preopeningcosts": 6000000,
        "researchanddevelopmentexpenseexcludingacquiredinprocesscost": 13000000,
        "depreciationandamortization": 262000000,
        "amortizationofleaseholdinterestsinland": 14000000,
        "gainlossonsalesofassetsandassetimpairmentcharges": -4000000,
        "costsandexpenses": 1173000000,
        "operatingincomeloss": -316000000,
        "interestincomeother": 1000000,
        "interestexpense": 157000000,
        "othernonoperatingincomeexpense": -12000000,
        "gainlossonmodificationorearlyretirementofdebt": -137000000,
        "incomelossfromcontinuingoperationsbeforeincometaxesextraordinaryitemsnoncontrollinginterest": -621000000,
        "incometaxexpensebenefit": -27000000,
        "incomelossfromcontinuingoperationsincludingportionattributabletononcontrollinginterest": -594000000,
        "incomelossfromdiscontinuedoperationsnetoftax": 99000000,
        "profitloss": -495000000,
        "netincomelossattributabletononcontrollinginterest": -127000000,
        "netincomeloss": -368000000,
        "incomelossfromcontinuingoperationsperbasicshare": -0.61,
        "incomelossfromdiscontinuedoperationsnetoftaxperbasicshare": 0.13,
        "earningspersharebasic": -0.48,
        "incomelossfromcontinuingoperationsperdilutedshare": -0.61,
        "incomelossfromdiscontinuedoperationsnetoftaxperdilutedshare": 0.13,
        "earningspersharediluted": -0.48,
        "weightedaveragenumberofsharesoutstandingbasic": 764000000,
        "weightedaveragenumberofdilutedsharesoutstanding": 764000000,
        "othercomprehensiveincomelossforeigncurrencytransactionandtranslationadjustmentnetoftax": -26000000,
        "othercomprehensiveincomelosscashflowhedgegainlossafterreclassificationandtax": -2000000,
        "comprehensiveincomenetoftaxincludingportionattributabletononcontrollinginterest": -523000000,
        "comprehensiveincomenetoftaxattributabletononcontrollinginterest": -129000000,
        "comprehensiveincomenetoftax": -394000000
    },
    {
        "date": "2021-06-29",
        "symbol": "LVS",
        "period": "Q2",
        "revenues": 843000000,
        "costofrevenue": 574000000,
        "provisionfordoubtfulaccounts": 2000000,
        "sellinggeneralandadministrativeexpense": 219000000,
        "corporateexpense": 56000000,
        "preopeningcosts": 4000000,
        "researchanddevelopmentexpenseexcludingacquiredinprocesscost": 37000000,
        "depreciationandamortization": 258000000,
        "amortizationofleaseholdinterestsinland": 14000000,
        "gainlossonsalesofassetsandassetimpairmentcharges": -11000000,
        "costsandexpenses": 1312000000,
        "operatingincomeloss": -139000000,
        "interestincomeother": 1000000,
        "interestexpense": 158000000,
        "othernonoperatingincomeexpense": 10000000,
        "incomelossfromcontinuingoperationsbeforeincometaxesextraordinaryitemsnoncontrollinginterest": -286000000,
        "incometaxexpensebenefit": -6000000,
        "incomelossfromcontinuingoperationsincludingportionattributabletononcontrollinginterest": -280000000,
        "incomelossfromdiscontinuedoperationsnetoftax": 38000000,
        "profitloss": -242000000,
        "netincomelossattributabletononcontrollinginterest": -50000000,
        "netincomeloss": -192000000,
        "incomelossfromcontinuingoperationsperbasicshare": -0.3,
        "incomelossfromdiscontinuedoperationsnetoftaxperbasicshare": 0.05,
        "earningspersharebasic": -0.25,
        "incomelossfromcontinuingoperationsperdilutedshare": -0.3,
        "incomelossfromdiscontinuedoperationsnetoftaxperdilutedshare": 0.05,
        "earningspersharediluted": -0.25,
        "weightedaveragenumberofsharesoutstandingbasic": 764000000,
        "weightedaveragenumberofdilutedsharesoutstanding": 764000000,
        "othercomprehensiveincomelossforeigncurrencytransactionandtranslationadjustmentnetoftax": 6000000,
        "comprehensiveincomenetoftaxincludingportionattributabletononcontrollinginterest": -236000000,
        "comprehensiveincomenetoftaxattributabletononcontrollinginterest": -49000000,
        "comprehensiveincomenetoftax": -187000000
    },
    {
        "date": "2021-03-30",
        "symbol": "LVS",
        "period": "Q1",
        "revenues": 865000000,
        "costofrevenue": 578000000,
        "provisionfordoubtfulaccounts": 4000000,
        "sellinggeneralandadministrativeexpense": 225000000,
        "corporateexpense": 49000000,
        "preopeningcosts": 5000000,
        "researchanddevelopmentexpenseexcludingacquiredinprocesscost": 9000000,
        "depreciationandamortization": 255000000,
        "amortizationofleaseholdinterestsinland": 14000000,
        "gainlossonsalesofassetsandassetimpairmentcharges": -3000000,
        "costsandexpenses": 1292000000,
        "operatingincomeloss": -96000000,
        "interestincomeother": 1000000,
        "interestexpense": 154000000,
        "othernonoperatingincomeexpense": -17000000,
        "incomelossfromcontinuingoperationsbeforeincometaxesextraordinaryitemsnoncontrollinginterest": -266000000,
        "incometaxexpensebenefit": 14000000,
        "incomelossfromcontinuingoperationsincludingportionattributabletononcontrollinginterest": -280000000,
        "incomelossfromdiscontinuedoperationsnetoftax": -62000000,
        "profitloss": -342000000,
        "netincomelossattributabletononcontrollinginterest": -64000000,
        "netincomeloss": -278000000,
        "incomelossfromcontinuingoperationsperbasicshare": -0.28,
        "incomelossfromdiscontinuedoperationsnetoftaxperbasicshare": -0.08,
        "earningspersharebasic": -0.36,
        "incomelossfromcontinuingoperationsperdilutedshare": -0.28,
        "incomelossfromdiscontinuedoperationsnetoftaxperdilutedshare": -0.08,
        "earningspersharediluted": -0.36,
        "weightedaveragenumberofsharesoutstandingbasic": 764000000,
        "weightedaveragenumberofdilutedsharesoutstanding": 764000000,
        "othercomprehensiveincomelossforeigncurrencytransactionandtranslationadjustmentnetoftax": -42000000,
        "comprehensiveincomenetoftaxincludingportionattributabletononcontrollinginterest": -384000000,
        "comprehensiveincomenetoftaxattributabletononcontrollinginterest": -66000000,
        "comprehensiveincomenetoftax": -318000000
    },
    {
        "date": "2020-12-30",
        "symbol": "LVS",
        "period": "Q4",
        "revenues": 741000000,
        "costofrevenue": 520000000,
        "provisionfordoubtfulaccounts": 39000000,
        "sellinggeneralandadministrativeexpense": 249000000,
        "corporateexpense": 23000000,
        "preopeningcosts": 5000000,
        "researchanddevelopmentexpenseexcludingacquiredinprocesscost": 0,
        "depreciationandamortization": 293000000,
        "amortizationofleaseholdinterestsinland": 14000000,
        "gainlossonsalesofassetsandassetimpairmentcharges": -12000000,
        "costsandexpenses": 1357000000,
        "operatingincomeloss": -211000000,
        "interestincomeother": 1000000,
        "interestexpense": 150000000,
        "othernonoperatingincomeexpense": -8000000,
        "incomelossfromcontinuingoperationsbeforeincometaxesextraordinaryitemsnoncontrollinginterest": -368000000,
        "incometaxexpensebenefit": 8000000,
        "profitloss": -376000000,
        "netincomelossattributabletononcontrollinginterest": -77000000,
        "netincomeloss": -299000000,
        "weightedaveragenumberofsharesoutstandingbasic": -1528000000,
        "weightedaveragenumberofdilutedsharesoutstanding": -1528000000,
        "othercomprehensiveincomelossforeigncurrencytransactionandtranslationadjustmentnetoftax": 67000000,
        "comprehensiveincomenetoftaxincludingportionattributabletononcontrollinginterest": -309000000,
        "comprehensiveincomenetoftaxattributabletononcontrollinginterest": -77000000,
        "comprehensiveincomenetoftax": -232000000
    },
    {
        "date": "2020-09-29",
        "symbol": "LVS",
        "period": "Q3",
        "revenues": 340000000,
        "costofrevenue": 313000000,
        "provisionfordoubtfulaccounts": 25000000,
        "sellinggeneralandadministrativeexpense": 263000000,
        "corporateexpense": 33000000,
        "preopeningcosts": 5000000,
        "researchanddevelopmentexpenseexcludingacquiredinprocesscost": 3000000,
        "depreciationandamortization": 292000000,
        "amortizationofleaseholdinterestsinland": 14000000,
        "gainlossonsalesofassetsandassetimpairmentcharges": -58000000,
        "costsandexpenses": 1196000000,
        "operatingincomeloss": -610000000,
        "interestincomeother": 3000000,
        "interestexpense": 137000000,
        "othernonoperatingincomeexpense": -4000000,
        "incomelossfromcontinuingoperationsbeforeincometaxesextraordinaryitemsnoncontrollinginterest": -748000000,
        "incometaxexpensebenefit": -17000000,
        "profitloss": -731000000,
        "netincomelossattributabletononcontrollinginterest": -166000000,
        "netincomeloss": -565000000,
        "earningspersharebasic": -0.74,
        "earningspersharediluted": -0.74,
        "weightedaveragenumberofsharesoutstandingbasic": 764000000,
        "weightedaveragenumberofdilutedsharesoutstanding": 764000000,
        "othercomprehensiveincomelossforeigncurrencytransactionandtranslationadjustmentnetoftax": 36000000,
        "comprehensiveincomenetoftaxincludingportionattributabletononcontrollinginterest": -695000000,
        "comprehensiveincomenetoftaxattributabletononcontrollinginterest": -166000000,
        "comprehensiveincomenetoftax": -529000000
    },
    {
        "date": "2020-06-29",
        "symbol": "LVS",
        "period": "Q2",
        "revenues": 10000000,
        "costofrevenue": 218000000,
        "provisionfordoubtfulaccounts": 17000000,
        "sellinggeneralandadministrativeexpense": 262000000,
        "corporateexpense": 53000000,
        "preopeningcosts": 4000000,
        "researchanddevelopmentexpenseexcludingacquiredinprocesscost": 9000000,
        "depreciationandamortization": 285000000,
        "amortizationofleaseholdinterestsinland": 13000000,
        "gainlossonsalesofassetsandassetimpairmentcharges": -5000000,
        "costsandexpenses": 1020000000,
        "operatingincomeloss": -922000000,
        "interestincomeother": 4000000,
        "interestexpense": 118000000,
        "othernonoperatingincomeexpense": -3000000,
        "incomelossfromcontinuingoperationsbeforeincometaxesextraordinaryitemsnoncontrollinginterest": -1039000000,
        "incometaxexpensebenefit": -54000000,
        "profitloss": -985000000,
        "netincomelossattributabletononcontrollinginterest": -165000000,
        "netincomeloss": -820000000,
        "earningspersharebasic": -1.07,
        "earningspersharediluted": -1.07,
        "weightedaveragenumberofsharesoutstandingbasic": 764000000,
        "weightedaveragenumberofdilutedsharesoutstanding": 764000000,
        "othercomprehensiveincomelossforeigncurrencytransactionandtranslationadjustmentnetoftax": 45000000,
        "comprehensiveincomenetoftaxincludingportionattributabletononcontrollinginterest": -940000000,
        "comprehensiveincomenetoftaxattributabletononcontrollinginterest": -165000000,
        "comprehensiveincomenetoftax": -775000000
    },
    {
        "date": "2020-03-30",
        "symbol": "LVS",
        "period": "Q1",
        "profitloss": -51000000,
        "othercomprehensiveincomelossforeigncurrencytransactionandtranslationadjustmentnetoftax": -111000000,
        "comprehensiveincomenetoftaxincludingportionattributabletononcontrollinginterest": -162000000,
        "comprehensiveincomenetoftaxattributabletononcontrollinginterest": -45000000,
        "comprehensiveincomenetoftax": -117000000,
        "revenues": 1177000000,
        "costofrevenue": 707000000,
        "provisionfordoubtfulaccounts": 18000000,
        "sellinggeneralandadministrativeexpense": 319000000,
        "corporateexpense": 59000000,
        "preopeningcosts": 5000000,
        "researchanddevelopmentexpenseexcludingacquiredinprocesscost": 6000000,
        "depreciationandamortization": 290000000,
        "amortizationofleaseholdinterestsinland": 14000000,
        "gainlossonsalesofassetsandassetimpairmentcharges": -5000000,
        "costsandexpenses": 1727000000,
        "operatingincomeloss": 55000000,
        "interestincomeother": 13000000,
        "interestexpense": 131000000,
        "othernonoperatingincomeexpense": 37000000,
        "incomelossfromcontinuingoperationsbeforeincometaxesextraordinaryitemsnoncontrollinginterest": -26000000,
        "incometaxexpensebenefit": 25000000,
        "netincomelossattributabletononcontrollinginterest": -50000000,
        "netincomeloss": -1000000,
        "weightedaveragenumberofsharesoutstandingbasic": 764000000,
        "weightedaveragenumberofdilutedsharesoutstanding": 764000000
    },
    {
        "date": "2019-12-30",
        "symbol": "LVS",
        "period": "Q4",
        "profitloss": 783000000,
        "othercomprehensiveincomelossforeigncurrencytransactionandtranslationadjustmentnetoftax": 78000000,
        "comprehensiveincomenetoftaxincludingportionattributabletononcontrollinginterest": 861000000,
        "comprehensiveincomenetoftaxattributabletononcontrollinginterest": 161000000,
        "comprehensiveincomenetoftax": 700000000,
        "revenues": 2485000000,
        "costofrevenue": 1316000000,
        "provisionfordoubtfulaccounts": 15000000,
        "sellinggeneralandadministrativeexpense": 393000000,
        "corporateexpense": 51000000,
        "preopeningcosts": 11000000,
        "researchanddevelopmentexpenseexcludingacquiredinprocesscost": 11000000,
        "depreciationandamortization": 291000000,
        "amortizationofleaseholdinterestsinland": 14000000,
        "costsandexpenses": 2575000000,
        "operatingincomeloss": 934000000,
        "interestincomeother": 17000000,
        "interestexpense": 134000000,
        "othernonoperatingincomeexpense": 31000000,
        "incomelossfromcontinuingoperationsbeforeincometaxesextraordinaryitemsnoncontrollinginterest": 848000000,
        "incometaxexpensebenefit": 65000000,
        "netincomelossattributabletononcontrollinginterest": 154000000,
        "netincomeloss": 629000000,
        "earningspersharebasic": 0.8199999999999996,
        "earningspersharediluted": 0.8199999999999998,
        "weightedaveragenumberofsharesoutstandingbasic": -1000000,
        "weightedaveragenumberofdilutedsharesoutstanding": -1000000
    },
    {
        "date": "2019-09-29",
        "symbol": "LVS",
        "period": "Q3",
        "profitloss": 669000000,
        "othercomprehensiveincomelossforeigncurrencytransactionandtranslationadjustmentnetoftax": -58000000,
        "comprehensiveincomenetoftaxincludingportionattributabletononcontrollinginterest": 611000000,
        "comprehensiveincomenetoftaxattributabletononcontrollinginterest": 133000000,
        "comprehensiveincomenetoftax": 478000000,
        "revenues": 2321000000,
        "costofrevenue": 1240000000,
        "provisionfordoubtfulaccounts": 4000000,
        "sellinggeneralandadministrativeexpense": 364000000,
        "corporateexpense": 59000000,
        "preopeningcosts": 9000000,
        "researchanddevelopmentexpenseexcludingacquiredinprocesscost": 4000000,
        "depreciationandamortization": 284000000,
        "amortizationofleaseholdinterestsinland": 14000000,
        "costsandexpenses": 2351000000,
        "operatingincomeloss": 899000000,
        "interestincomeother": 20000000,
        "interestexpense": 137000000,
        "othernonoperatingincomeexpense": -7000000,
        "incomelossfromcontinuingoperationsbeforeincometaxesextraordinaryitemsnoncontrollinginterest": 751000000,
        "incometaxexpensebenefit": 82000000,
        "netincomelossattributabletononcontrollinginterest": 136000000,
        "netincomeloss": 533000000,
        "earningspersharebasic": 0.6900000000000002,
        "earningspersharediluted": 0.7000000000000002,
        "weightedaveragenumberofsharesoutstandingbasic": -1000000,
        "weightedaveragenumberofdilutedsharesoutstanding": -2000000
    },
    {
        "date": "2019-06-29",
        "symbol": "LVS",
        "period": "Q2",
        "profitloss": 1270000000,
        "othercomprehensiveincomelossforeigncurrencytransactionandtranslationadjustmentnetoftax": 25000000,
        "comprehensiveincomenetoftaxincludingportionattributabletononcontrollinginterest": 1125000000,
        "comprehensiveincomenetoftaxattributabletononcontrollinginterest": 158000000,
        "comprehensiveincomenetoftax": 967000000,
        "revenues": 4885000000,
        "costofrevenue": 2668000000,
        "provisionfordoubtfulaccounts": 7000000,
        "sellinggeneralandadministrativeexpense": 376000000,
        "corporateexpense": 51000000,
        "preopeningcosts": 10000000,
        "researchanddevelopmentexpenseexcludingacquiredinprocesscost": 4000000,
        "depreciationandamortization": 289000000,
        "amortizationofleaseholdinterestsinland": 14000000,
        "gainlossonsalesofassetsandassetimpairmentcharges": 0,
        "costsandexpenses": 2440000000,
        "operatingincomeloss": 894000000,
        "interestincomeother": 17000000,
        "interestexpense": 143000000,
        "othernonoperatingincomeexpense": 20000000,
        "incomelossfromcontinuingoperationsbeforeincometaxesextraordinaryitemsnoncontrollinginterest": 1344000000,
        "incometaxexpensebenefit": 236000000,
        "netincomelossattributabletononcontrollinginterest": 154000000,
        "netincomeloss": 954000000,
        "earningspersharebasic": 1.24,
        "earningspersharediluted": 1.23,
        "weightedaveragenumberofsharesoutstandingbasic": -1000000,
        "weightedaveragenumberofdilutedsharesoutstanding": -1000000
    },
    {
        "date": "2019-03-30",
        "symbol": "LVS",
        "period": "Q1",
        "profitloss": 582000000,
        "othercomprehensiveincomelossforeigncurrencytransactionandtranslationadjustmentnetoftax": -3000000,
        "comprehensiveincomenetoftaxincludingportionattributabletononcontrollinginterest": 749000000,
        "comprehensiveincomenetoftaxattributabletononcontrollinginterest": 159000000,
        "comprehensiveincomenetoftax": 590000000,
        "revenues": 137000000,
        "costofrevenue": 80000000,
        "provisionfordoubtfulaccounts": 4000000,
        "sellinggeneralandadministrativeexpense": 369000000,
        "corporateexpense": 152000000,
        "preopeningcosts": 4000000,
        "researchanddevelopmentexpenseexcludingacquiredinprocesscost": 5000000,
        "depreciationandamortization": 301000000,
        "amortizationofleaseholdinterestsinland": 9000000,
        "gainlossonsalesofassetsandassetimpairmentcharges": -7000000,
        "costsandexpenses": 2675000000,
        "operatingincomeloss": 971000000,
        "interestincomeother": 20000000,
        "interestexpense": 141000000,
        "othernonoperatingincomeexpense": -21000000,
        "incomelossfromcontinuingoperationsbeforeincometaxesextraordinaryitemsnoncontrollinginterest": 829000000,
        "incometaxexpensebenefit": 85000000,
        "netincomelossattributabletononcontrollinginterest": 162000000,
        "netincomeloss": 582000000,
        "earningspersharebasic": 0.75,
        "earningspersharediluted": 0.75,
        "weightedaveragenumberofsharesoutstandingbasic": 774000000,
        "weightedaveragenumberofdilutedsharesoutstanding": 775000000
    },
    {
        "date": "2018-12-30",
        "symbol": "LVS",
        "period": "Q4",
        "profitloss": -298000000,
        "othercomprehensiveincomelossforeigncurrencytransactionandtranslationadjustmentbeforetax": -7000000,
        "comprehensiveincomenetoftaxincludingportionattributabletononcontrollinginterest": -47000000,
        "comprehensiveincomenetoftaxattributabletononcontrollinginterest": 127000000,
        "comprehensiveincomenetoftax": -174000000,
        "provisionfordoubtfulaccounts": 9000000,
        "sellinggeneralandadministrativeexpense": 404000000,
        "corporateexpense": 58000000,
        "preopeningcosts": 1000000,
        "researchanddevelopmentexpenseexcludingacquiredinprocesscost": 3000000,
        "depreciationandamortization": 954000000,
        "amortizationofleaseholdinterestsinland": 9000000,
        "gainlossonsalesofassetsandassetimpairmentcharges": -16000000,
        "costsandexpenses": 2601000000,
        "operatingincomeloss": 2702000000,
        "interestincomeother": 23000000,
        "interestexpense": 138000000,
        "othernonoperatingincomeexpense": -8000000,
        "incomelossfromcontinuingoperationsbeforeincometaxesextraordinaryitemsnoncontrollinginterest": 742000000,
        "incometaxexpensebenefit": 464000000,
        "netincomelossattributabletononcontrollinginterest": 130000000,
        "netincomeloss": 1749000000,
        "earningspersharebasic": 2.22,
        "earningspersharediluted": 2.2200000000000006
    },
    {
        "date": "2018-09-29",
        "symbol": "LVS",
        "period": "Q3",
        "profitloss": 699000000,
        "othercomprehensiveincomelossforeigncurrencytransactionandtranslationadjustmentbeforetax": 12000000,
        "othercomprehensiveincomelossforeigncurrencytransactionandtranslationadjustmentnetoftax": 12000000,
        "comprehensiveincomenetoftaxincludingportionattributabletononcontrollinginterest": 711000000,
        "comprehensiveincomenetoftaxattributabletononcontrollinginterest": 132000000,
        "comprehensiveincomenetoftax": 579000000,
        "revenues": 138000000,
        "costofrevenue": 91000000,
        "provisionfordoubtfulaccounts": 5000000,
        "sellinggeneralandadministrativeexpense": 366000000,
        "corporateexpense": 55000000,
        "preopeningcosts": 2000000,
        "researchanddevelopmentexpenseexcludingacquiredinprocesscost": 4000000,
        "depreciationandamortization": 284000000,
        "amortizationofleaseholdinterestsinland": 8000000,
        "gainlossonsalesofassetsandassetimpairmentcharges": -2000000,
        "costsandexpenses": 2450000000,
        "operatingincomeloss": 922000000,
        "interestincomeother": 22000000,
        "interestexpense": 126000000,
        "othernonoperatingincomeexpense": 16000000,
        "gainlossonmodificationorearlyretirementofdebt": -52000000,
        "incomelossfromcontinuingoperationsbeforeincometaxesextraordinaryitemsnoncontrollinginterest": 782000000,
        "incometaxexpensebenefit": 83000000,
        "netincomelossattributabletononcontrollinginterest": 128000000,
        "netincomeloss": 571000000,
        "earningspersharebasic": 0.73,
        "earningspersharediluted": 0.73,
        "weightedaveragenumberofsharesoutstandingbasic": 786000000,
        "weightedaveragenumberofdilutedsharesoutstanding": 787000000,
        "commonstockdividendspersharedeclared": 0.75
    },
    {
        "date": "2018-06-29",
        "symbol": "LVS",
        "period": "Q2",
        "profitloss": 556000000,
        "othercomprehensiveincomelossforeigncurrencytransactionandtranslationadjustmentbeforetax": -91000000,
        "othercomprehensiveincomelossforeigncurrencytransactionandtranslationadjustmentnetoftax": 0,
        "comprehensiveincomenetoftaxincludingportionattributabletononcontrollinginterest": 585000000,
        "comprehensiveincomenetoftaxattributabletononcontrollinginterest": 120000000,
        "comprehensiveincomenetoftax": 465000000,
        "provisionfordoubtfulaccounts": 7000000,
        "sellinggeneralandadministrativeexpense": 368000000,
        "corporateexpense": 33000000,
        "preopeningcosts": 2000000,
        "researchanddevelopmentexpenseexcludingacquiredinprocesscost": 2000000,
        "depreciationandamortization": -391000000,
        "amortizationofleaseholdinterestsinland": 9000000,
        "gainlossonsalesofassetsandassetimpairmentcharges": -105000000,
        "costsandexpenses": 2506000000,
        "operatingincomeloss": -1031000000,
        "interestincomeother": 9000000,
        "interestexpense": 93000000,
        "othernonoperatingincomeexpense": 44000000,
        "incomelossfromcontinuingoperationsbeforeincometaxesextraordinaryitemsnoncontrollinginterest": 757000000,
        "incometaxexpensebenefit": 81000000,
        "netincomelossattributabletononcontrollinginterest": 120000000,
        "netincomeloss": -1363000000,
        "earningspersharebasic": -1.73,
        "earningspersharediluted": -1.7200000000000002,
        "weightedaveragenumberofsharesoutstandingbasic": 0,
        "weightedaveragenumberofdilutedsharesoutstanding": 0,
        "commonstockdividendspersharedeclared": 0.75
    },
    {
        "date": "2018-03-30",
        "symbol": "LVS",
        "period": "Q1",
        "profitloss": 1456000000,
        "othercomprehensiveincomelossforeigncurrencytransactionandtranslationadjustmentbeforetax": 28000000,
        "othercomprehensiveincomelossforeigncurrencytransactionandtranslationadjustmentnetoftax": -5000000,
        "comprehensiveincomenetoftaxincludingportionattributabletononcontrollinginterest": 1644000000,
        "comprehensiveincomenetoftaxattributabletononcontrollinginterest": 155000000,
        "comprehensiveincomenetoftax": 1489000000,
        "casinorevenue": 2599000000,
        "occupancyrevenue": 445000000,
        "foodandbeveragerevenue": 228000000,
        "mallrevenue": 1000000,
        "othersalesrevenuenet": 151000000,
        "salesrevenuenet": 611000000,
        "casinoexpenses": 1371000000,
        "occupancycosts": 110000000,
        "foodandbeveragecostofsales": 172000000,
        "mallexpense": 17000000,
        "conventionretailandotherexpense": 84000000,
        "provisionfordoubtfulaccounts": -16000000,
        "sellinggeneralandadministrativeexpense": 345000000,
        "corporateexpense": 56000000,
        "preopeningcosts": 1000000,
        "researchanddevelopmentexpenseexcludingacquiredinprocesscost": 3000000,
        "depreciationandamortization": 264000000,
        "amortizationofleaseholdinterestsinland": 9000000,
        "gainlossonsalesofassetsandassetimpairmentcharges": -5000000,
        "costsandexpenses": 2421000000,
        "operatingincomeloss": 1158000000,
        "interestincomeother": 5000000,
        "interestexpense": 89000000,
        "othernonoperatingincomeexpense": -26000000,
        "gainslossesonextinguishmentofdebt": -3000000,
        "incomelossfromcontinuingoperationsbeforeincometaxesextraordinaryitemsnoncontrollinginterest": 1045000000,
        "incometaxexpensebenefit": -571000000,
        "netincomelossattributabletononcontrollinginterest": 160000000,
        "netincomeloss": 1456000000,
        "earningspersharebasic": 1.85,
        "earningspersharediluted": 1.84,
        "weightedaveragenumberofsharesoutstandingbasic": 789000000,
        "weightedaveragenumberofdilutedsharesoutstanding": 790000000,
        "commonstockdividendspersharedeclared": 0.75
    },
    {
        "date": "2017-12-30",
        "symbol": "LVS",
        "period": "Q4",
        "profitloss": 1211000000,
        "othercomprehensiveincomelossforeigncurrencytransactionandtranslationadjustmentbeforetax": 27000000,
        "comprehensiveincomenetoftaxincludingportionattributabletononcontrollinginterest": 1387000000,
        "comprehensiveincomenetoftaxattributabletononcontrollinginterest": 149000000,
        "comprehensiveincomenetoftax": 1238000000,
        "casinorevenue": 2679000000,
        "occupancyrevenue": 425000000,
        "foodandbeveragerevenue": 233000000,
        "mallrevenue": 175000000,
        "conventionretailandother": 150000000,
        "grossrevenue": 3662000000,
        "promotionalallowances": -97000000,
        "salesrevenuenet": 564000000,
        "casinoexpenses": 1434000000,
        "occupancycosts": 70000000,
        "foodandbeveragecostofsales": 119000000,
        "mallexpense": 24000000,
        "conventionretailandotherexpense": 73000000,
        "provisionfordoubtfulaccounts": 19000000,
        "sellinggeneralandadministrativeexpense": 365000000,
        "corporateexpense": 38000000,
        "preopeningcosts": 2000000,
        "researchanddevelopmentexpenseexcludingacquiredinprocesscost": 5000000,
        "depreciationandamortization": -61000000,
        "amortizationofleaseholdinterestsinland": 9000000,
        "costsandexpenses": 2409000000,
        "operatingincomeloss": 61000000,
        "interestincomeother": 5000000,
        "interestexpense": 87000000,
        "othernonoperatingincomeexpense": -14000000,
        "incomelossfromcontinuingoperationsbeforeincometaxesextraordinaryitemsnoncontrollinginterest": 931000000,
        "incometaxexpensebenefit": -429000000,
        "netincomelossattributabletononcontrollinginterest": 149000000,
        "netincomeloss": -1523000000,
        "earningspersharebasic": 0.030000000000000027,
        "earningspersharediluted": 0.030000000000000027,
        "weightedaveragenumberofsharesoutstandingbasic": 0,
        "weightedaveragenumberofdilutedsharesoutstanding": -1000000,
        "commonstockdividendspersharedeclared": 0.73
    },
    {
        "date": "2017-09-29",
        "symbol": "LVS",
        "period": "Q3",
        "profitloss": 570000000,
        "othercomprehensiveincomelossforeigncurrencytransactionandtranslationadjustmentbeforetax": 33000000,
        "othercomprehensiveincomelossforeigncurrencytransactionandtranslationadjustmentnetoftax": 0,
        "comprehensiveincomenetoftaxincludingportionattributabletononcontrollinginterest": 718000000,
        "comprehensiveincomenetoftaxattributabletononcontrollinginterest": 115000000,
        "comprehensiveincomenetoftax": 603000000,
        "casinorevenue": 2511000000,
        "occupancyrevenue": 411000000,
        "foodandbeveragerevenue": 198000000,
        "mallrevenue": 160000000,
        "conventionretailandother": 128000000,
        "grossrevenue": 3408000000,
        "promotionalallowances": 209000000,
        "salesrevenuenet": 526000000,
        "casinoexpenses": 1342000000,
        "occupancycosts": 74000000,
        "foodandbeveragecostofsales": 109000000,
        "mallexpense": 18000000,
        "conventionretailandotherexpense": 69000000,
        "provisionfordoubtfulaccounts": 23000000,
        "sellinggeneralandadministrativeexpense": 358000000,
        "corporateexpense": 51000000,
        "preopeningcosts": 1000000,
        "researchanddevelopmentexpenseexcludingacquiredinprocesscost": 3000000,
        "depreciationandamortization": -699000000,
        "amortizationofleaseholdinterestsinland": 9000000,
        "costsandexpenses": 2343000000,
        "operatingincomeloss": -1528000000,
        "interestincomeother": 4000000,
        "interestexpense": 83000000,
        "othernonoperatingincomeexpense": -19000000,
        "incomelossfromcontinuingoperationsbeforeincometaxesextraordinaryitemsnoncontrollinginterest": 758000000,
        "incometaxexpensebenefit": 73000000,
        "netincomelossattributabletononcontrollinginterest": 115000000,
        "netincomeloss": 570000000,
        "earningspersharebasic": -1.23,
        "earningspersharediluted": -1.23,
        "weightedaveragenumberofsharesoutstandingbasic": -1000000,
        "weightedaveragenumberofdilutedsharesoutstanding": -1000000,
        "commonstockdividendspersharedeclared": 0.73
    },
    {
        "date": "2017-06-29",
        "symbol": "LVS",
        "period": "Q2",
        "profitloss": 545000000,
        "othercomprehensiveincomelossforeigncurrencytransactionandtranslationadjustmentbeforetax": 9000000,
        "othercomprehensiveincomelossforeigncurrencytransactionandtranslationadjustmentnetoftax": -6000000,
        "comprehensiveincomenetoftaxincludingportionattributabletononcontrollinginterest": 647000000,
        "comprehensiveincomenetoftaxattributabletononcontrollinginterest": 87000000,
        "comprehensiveincomenetoftax": 560000000,
        "casinorevenue": 2464000000,
        "occupancyrevenue": 377000000,
        "foodandbeveragerevenue": 199000000,
        "mallrevenue": 159000000,
        "conventionretailandother": 138000000,
        "grossrevenue": 3337000000,
        "promotionalallowances": 196000000,
        "salesrevenuenet": 531000000,
        "casinoexpenses": 1299000000,
        "occupancycosts": 71000000,
        "foodandbeveragecostofsales": 109000000,
        "mallexpense": 18000000,
        "conventionretailandotherexpense": 64000000,
        "provisionfordoubtfulaccounts": 22000000,
        "sellinggeneralandadministrativeexpense": 354000000,
        "corporateexpense": 43000000,
        "preopeningcosts": 4000000,
        "researchanddevelopmentexpenseexcludingacquiredinprocesscost": 2000000,
        "depreciationandamortization": 327000000,
        "amortizationofleaseholdinterestsinland": 9000000,
        "costsandexpenses": 2325000000,
        "operatingincomeloss": 816000000,
        "interestincomeother": 4000000,
        "interestexpense": 79000000,
        "othernonoperatingincomeexpense": -25000000,
        "incomelossfromcontinuingoperationsbeforeincometaxesextraordinaryitemsnoncontrollinginterest": 716000000,
        "incometaxexpensebenefit": 78000000,
        "netincomelossattributabletononcontrollinginterest": 93000000,
        "netincomeloss": 545000000,
        "earningspersharebasic": 0.6900000000000001,
        "earningspersharediluted": 0.6900000000000001,
        "weightedaveragenumberofsharesoutstandingbasic": -1000000,
        "weightedaveragenumberofdilutedsharesoutstanding": -1000000,
        "commonstockdividendspersharedeclared": 0.73
    },
    {
        "date": "2017-03-30",
        "symbol": "LVS",
        "period": "Q1",
        "profitloss": 480000000,
        "othercomprehensiveincomelossforeigncurrencytransactionandtranslationadjustmentbeforetax": 56000000,
        "othercomprehensiveincomelossforeigncurrencytransactionandtranslationadjustmentnetoftax": -2000000,
        "comprehensiveincomenetoftaxincludingportionattributabletononcontrollinginterest": 634000000,
        "comprehensiveincomenetoftaxattributabletononcontrollinginterest": 96000000,
        "comprehensiveincomenetoftax": 538000000,
        "casinorevenue": 2404000000,
        "occupancyrevenue": 406000000,
        "foodandbeveragerevenue": 213000000,
        "mallrevenue": 157000000,
        "conventionretailandother": 134000000,
        "grossrevenue": 3314000000,
        "promotionalallowances": 208000000,
        "salesrevenuenet": 576000000,
        "casinoexpenses": 1327000000,
        "occupancycosts": 71000000,
        "foodandbeveragecostofsales": 111000000,
        "mallexpense": 16000000,
        "conventionretailandotherexpense": 67000000,
        "provisionfordoubtfulaccounts": 32000000,
        "sellinggeneralandadministrativeexpense": 338000000,
        "corporateexpense": 42000000,
        "preopeningcosts": 2000000,
        "researchanddevelopmentexpenseexcludingacquiredinprocesscost": 3000000,
        "depreciationandamortization": 321000000,
        "amortizationofleaseholdinterestsinland": 10000000,
        "gainlossondispositionofassets": -3000000,
        "costsandexpenses": 2343000000,
        "operatingincomeloss": 763000000,
        "interestincomeother": 3000000,
        "interestexpense": 78000000,
        "othernonoperatingincomeexpense": -36000000,
        "gainlossonmodificationorearlyretirementofdebt": -5000000,
        "incomelossfromcontinuingoperationsbeforeincometaxesextraordinaryitemsnoncontrollinginterest": 647000000,
        "incometaxexpensebenefit": 69000000,
        "netincomelossattributabletononcontrollinginterest": 98000000,
        "netincomeloss": 480000000,
        "earningspersharebasic": 0.6,
        "earningspersharediluted": 0.6,
        "weightedaveragenumberofsharesoutstandingbasic": 794000000,
        "weightedaveragenumberofdilutedsharesoutstanding": 795000000,
        "commonstockdividendspersharedeclared": 0.73
    },
    {
        "date": "2016-12-30",
        "symbol": "LVS",
        "period": "Q4",
        "profitloss": 349883000,
        "othercomprehensiveincomelossforeigncurrencytransactionandtranslationadjustmentbeforetax": -116362000,
        "othercomprehensiveincomelossforeigncurrencytransactionandtranslationadjustmentnetoftax": -4671000,
        "comprehensiveincomenetoftaxincludingportionattributabletononcontrollinginterest": 490775000,
        "comprehensiveincomenetoftaxattributabletononcontrollinginterest": 98296000,
        "comprehensiveincomenetoftax": 392479000,
        "casinorevenue": 2365134000,
        "occupancyrevenue": 403568000,
        "foodandbeveragerevenue": 215323000,
        "mallrevenue": 169112000,
        "conventionretailandother": 143959000,
        "grossrevenue": 3297096000,
        "promotionalallowances": -87041000,
        "salesrevenuenet": 551813000,
        "casinoexpenses": 1307387000,
        "occupancycosts": 64414000,
        "foodandbeveragecostofsales": 114847000,
        "mallexpense": 20080000,
        "conventionretailandotherexpense": 67741000,
        "provisionfordoubtfulaccounts": 34380000,
        "sellinggeneralandadministrativeexpense": 353314000,
        "corporateexpense": 47886000,
        "preopeningcosts": -1939000,
        "researchanddevelopmentexpenseexcludingacquiredinprocesscost": 2242000,
        "depreciationandamortization": 318502000,
        "amortizationofleaseholdinterestsinland": 9377000,
        "costsandexpenses": 2406045000,
        "operatingincomeloss": 669092000,
        "interestincomeother": 3672000,
        "interestexpense": 76126000,
        "othernonoperatingincomeexpense": 64075000,
        "incomelossfromcontinuingoperationsbeforeincometaxesextraordinaryitemsnoncontrollinginterest": 659129000,
        "incometaxexpensebenefit": 51992000,
        "netincomelossattributabletononcontrollinginterest": 98627000,
        "netincomeloss": 508510000,
        "earningspersharebasic": 0.6400000000000002,
        "earningspersharediluted": 0.6400000000000002,
        "weightedaveragenumberofsharesoutstandingbasic": -1588728379,
        "weightedaveragenumberofdilutedsharesoutstanding": -1590218284,
        "commonstockdividendspersharedeclared": 0.7200000000000002
    },
    {
        "date": "2016-09-29",
        "symbol": "LVS",
        "period": "Q3",
        "profitloss": 605513000,
        "othercomprehensiveincomelossforeigncurrencytransactionandtranslationadjustmentbeforetax": -24652000,
        "othercomprehensiveincomelossforeigncurrencytransactionandtranslationadjustmentnetoftax": -24652000,
        "comprehensiveincomenetoftaxincludingportionattributabletononcontrollinginterest": 580861000,
        "comprehensiveincomenetoftaxattributabletononcontrollinginterest": 92771000,
        "comprehensiveincomenetoftax": 488090000,
        "casinorevenue": 2306534000,
        "occupancyrevenue": 402392000,
        "foodandbeveragerevenue": 183415000,
        "mallrevenue": 147368000,
        "conventionretailandother": 141004000,
        "grossrevenue": 3180713000,
        "promotionalallowances": 212171000,
        "salesrevenuenet": 529576000,
        "casinoexpenses": 1197453000,
        "occupancycosts": 66768000,
        "foodandbeveragecostofsales": 101636000,
        "mallexpense": 15696000,
        "conventionretailandotherexpense": 65828000,
        "provisionfordoubtfulaccounts": 51030000,
        "sellinggeneralandadministrativeexpense": 330112000,
        "corporateexpense": 39110000,
        "preopeningcosts": 86100000,
        "researchanddevelopmentexpenseexcludingacquiredinprocesscost": 2371000,
        "depreciationandamortization": 277751000,
        "amortizationofleaseholdinterestsinland": 9728000,
        "gainlossondispositionofassets": -5621000,
        "costsandexpenses": 2248965000,
        "operatingincomeloss": 719577000,
        "interestincomeother": 2299000,
        "interestexpense": 65189000,
        "othernonoperatingincomeexpense": 21514000,
        "gainlossonmodificationorearlyretirementofdebt": 1600000,
        "incomelossfromcontinuingoperationsbeforeincometaxesextraordinaryitemsnoncontrollinginterest": 674785000,
        "incometaxexpensebenefit": 69272000,
        "netincomelossattributabletononcontrollinginterest": 92156000,
        "netincomeloss": 513357000,
        "earningspersharebasic": 0.65,
        "earningspersharediluted": 0.65,
        "weightedaveragenumberofsharesoutstandingbasic": 794659426,
        "weightedaveragenumberofdilutedsharesoutstanding": 795136252,
        "commonstockdividendspersharedeclared": 0.72
    },
    {
        "date": "2016-06-29",
        "symbol": "LVS",
        "period": "Q2",
        "profitloss": 394437000,
        "othercomprehensiveincomelossforeigncurrencytransactionandtranslationadjustmentbeforetax": 29529000,
        "othercomprehensiveincomelossforeigncurrencytransactionandtranslationadjustmentnetoftax": 29529000,
        "comprehensiveincomenetoftaxincludingportionattributabletononcontrollinginterest": 423966000,
        "comprehensiveincomenetoftaxattributabletononcontrollinginterest": 66393000,
        "comprehensiveincomenetoftax": 357573000,
        "casinorevenue": 2017136000,
        "occupancyrevenue": 354740000,
        "foodandbeveragerevenue": 187695000,
        "mallrevenue": 139589000,
        "conventionretailandother": 124485000,
        "grossrevenue": 2823645000,
        "promotionalallowances": 173564000,
        "salesrevenuenet": 503067000,
        "casinoexpenses": 1114232000,
        "occupancycosts": 65468000,
        "foodandbeveragecostofsales": 102221000,
        "mallexpense": 13743000,
        "conventionretailandotherexpense": 59898000,
        "provisionfordoubtfulaccounts": 42193000,
        "sellinggeneralandadministrativeexpense": 301374000,
        "corporateexpense": 122376000,
        "preopeningcosts": 33230000,
        "researchanddevelopmentexpenseexcludingacquiredinprocesscost": 2010000,
        "depreciationandamortization": 254871000,
        "amortizationofleaseholdinterestsinland": 9348000,
        "gainlossondispositionofassets": -10416000,
        "costsandexpenses": 2131380000,
        "operatingincomeloss": 518701000,
        "interestincomeother": 2002000,
        "interestexpense": 64037000,
        "othernonoperatingincomeexpense": -7518000,
        "incomelossfromcontinuingoperationsbeforeincometaxesextraordinaryitemsnoncontrollinginterest": 449148000,
        "incometaxexpensebenefit": 54711000,
        "netincomelossattributabletononcontrollinginterest": 66471000,
        "netincomeloss": 327966000,
        "earningspersharebasic": 0.41,
        "earningspersharediluted": 0.41,
        "weightedaveragenumberofsharesoutstandingbasic": 794580095,
        "weightedaveragenumberofdilutedsharesoutstanding": 795050014,
        "commonstockdividendspersharedeclared": 0.72
    },
    {
        "date": "2016-03-30",
        "symbol": "LVS",
        "period": "Q1",
        "profitloss": 320167000,
        "othercomprehensiveincomelossforeigncurrencytransactionandtranslationadjustmentbeforetax": 57485000,
        "othercomprehensiveincomelossforeigncurrencytransactionandtranslationadjustmentnetoftax": -1206000,
        "comprehensiveincomenetoftaxincludingportionattributabletononcontrollinginterest": 466398000,
        "comprehensiveincomenetoftaxattributabletononcontrollinginterest": 87540000,
        "comprehensiveincomenetoftax": 378858000,
        "casinorevenue": 2082196000,
        "occupancyrevenue": 366300000,
        "foodandbeveragerevenue": 187567000,
        "mallrevenue": 134931000,
        "conventionretailandother": 123552000,
        "grossrevenue": 2894546000,
        "promotionalallowances": 178306000,
        "salesrevenuenet": 523544000,
        "casinoexpenses": 1218928000,
        "occupancycosts": 65350000,
        "foodandbeveragecostofsales": 102296000,
        "mallexpense": 14481000,
        "conventionretailandotherexpense": 58533000,
        "provisionfordoubtfulaccounts": 45397000,
        "sellinggeneralandadministrativeexpense": 299200000,
        "corporateexpense": 46628000,
        "preopeningcosts": 8609000,
        "researchanddevelopmentexpenseexcludingacquiredinprocesscost": 2377000,
        "depreciationandamortization": 259876000,
        "amortizationofleaseholdinterestsinland": 9547000,
        "gainlossondispositionofassets": 612000,
        "costsandexpenses": 2130610000,
        "operatingincomeloss": 585630000,
        "interestincomeother": 2027000,
        "interestexpense": 68648000,
        "othernonoperatingincomeexpense": -47071000,
        "incomelossfromcontinuingoperationsbeforeincometaxesextraordinaryitemsnoncontrollinginterest": 471938000,
        "incometaxexpensebenefit": 63025000,
        "netincomelossattributabletononcontrollinginterest": 88746000,
        "netincomeloss": 320167000,
        "earningspersharebasic": 0.4,
        "earningspersharediluted": 0.4,
        "weightedaveragenumberofsharesoutstandingbasic": 794488858,
        "weightedaveragenumberofdilutedsharesoutstanding": 795032018,
        "commonstockdividendspersharedeclared": 0.72
    },
    {
        "date": "2015-12-30",
        "symbol": "LVS",
        "period": "Q4",
        "profitloss": 3180183000,
        "othercomprehensiveincomelossforeigncurrencytransactionandtranslationadjustmentbeforetax": -36991000,
        "othercomprehensiveincomelossforeigncurrencytransactionandtranslationadjustmentnetoftax": -146688000,
        "comprehensiveincomenetoftaxincludingportionattributabletononcontrollinginterest": -907615000,
        "comprehensiveincomenetoftaxattributabletononcontrollinginterest": 968000,
        "comprehensiveincomenetoftax": -907615000,
        "casinorevenue": 129381000,
        "occupancyrevenue": 141504000,
        "foodandbeveragerevenue": 55546000,
        "mallrevenue": 160657000,
        "conventionretailandother": -45465000,
        "grossrevenue": -45465000,
        "promotionalallowances": 405887000,
        "salesrevenuenet": 540040000,
        "casinoexpenses": -748000,
        "occupancycosts": 37406000,
        "foodandbeveragecostofsales": -1091000,
        "mallexpense": 16082000,
        "conventionretailandotherexpense": -6423000,
        "provisionfordoubtfulaccounts": 8998000,
        "sellinggeneralandadministrativeexpense": -340000,
        "corporateexpense": -37496000,
        "preopeningcosts": 0,
        "researchanddevelopmentexpenseexcludingacquiredinprocesscost": -16000,
        "depreciationandamortization": 6374000,
        "amortizationofleaseholdinterestsinland": 9585000,
        "gainlossondispositionofassets": -10116000,
        "costsandexpenses": -46114000,
        "operatingincomeloss": -39761000,
        "interestincomeother": -56981000,
        "interestexpense": -56981000,
        "othernonoperatingincomeexpense": 1641000,
        "incomelossfromcontinuingoperationsbeforeincometaxesextraordinaryitemsnoncontrollinginterest": -870624000,
        "incometaxexpensebenefit": -27561000,
        "netincomelossattributabletononcontrollinginterest": 968000,
        "netincomeloss": 908349000,
        "earningspersharebasic": 0.5900000000000004,
        "earningspersharediluted": 0.5900000000000004,
        "weightedaveragenumberofsharesoutstandingbasic": -1595424925,
        "weightedaveragenumberofdilutedsharesoutstanding": -1597136123,
        "commonstockdividendspersharedeclared": 0.6500000000000002
    },
    {
        "date": "2015-09-29",
        "symbol": "LVS",
        "period": "Q3",
        "profitloss": -840394000,
        "othercomprehensiveincomelossforeigncurrencytransactionandtranslationadjustmentbeforetax": 208109000,
        "othercomprehensiveincomelossforeigncurrencytransactionandtranslationadjustmentnetoftax": 208109000,
        "comprehensiveincomenetoftaxincludingportionattributabletononcontrollinginterest": -632285000,
        "comprehensiveincomenetoftaxattributabletononcontrollinginterest": 775000,
        "comprehensiveincomenetoftax": -632285000,
        "casinorevenue": 127868000,
        "occupancyrevenue": 138042000,
        "foodandbeveragerevenue": 54290000,
        "mallrevenue": 140556000,
        "conventionretailandother": -45686000,
        "grossrevenue": -45686000,
        "promotionalallowances": 673000,
        "salesrevenuenet": 529475000,
        "casinoexpenses": -770000,
        "occupancycosts": 39148000,
        "foodandbeveragecostofsales": -973000,
        "mallexpense": 14739000,
        "conventionretailandotherexpense": -7079000,
        "provisionfordoubtfulaccounts": 8634000,
        "sellinggeneralandadministrativeexpense": -283000,
        "corporateexpense": -37238000,
        "preopeningcosts": -2000,
        "researchanddevelopmentexpenseexcludingacquiredinprocesscost": -14000,
        "depreciationandamortization": 6747000,
        "amortizationofleaseholdinterestsinland": 9737000,
        "gainlossondispositionofassets": -709000,
        "costsandexpenses": -46359000,
        "operatingincomeloss": -38822000,
        "interestincomeother": -54880000,
        "interestexpense": -54880000,
        "othernonoperatingincomeexpense": -5324000,
        "incomelossfromcontinuingoperationsbeforeincometaxesextraordinaryitemsnoncontrollinginterest": -840394000,
        "incometaxexpensebenefit": -83479000,
        "netincomelossattributabletononcontrollinginterest": 775000,
        "netincomeloss": -2300000,
        "earningspersharebasic": 0.65,
        "earningspersharediluted": 0.65,
        "weightedaveragenumberofsharesoutstandingbasic": 796559738,
        "weightedaveragenumberofdilutedsharesoutstanding": 797302248,
        "commonstockdividendspersharedeclared": 0.65
    },
    {
        "date": "2015-06-29",
        "symbol": "LVS",
        "period": "Q2",
        "profitloss": -885476000,
        "othercomprehensiveincomelossforeigncurrencytransactionandtranslationadjustmentbeforetax": -60547000,
        "othercomprehensiveincomelossforeigncurrencytransactionandtranslationadjustmentnetoftax": -60547000,
        "comprehensiveincomenetoftaxincludingportionattributabletononcontrollinginterest": -946023000,
        "comprehensiveincomenetoftaxattributabletononcontrollinginterest": 603000,
        "comprehensiveincomenetoftax": -946023000,
        "casinorevenue": 86503000,
        "occupancyrevenue": 133891000,
        "foodandbeveragerevenue": 55040000,
        "mallrevenue": 135282000,
        "conventionretailandother": -44101000,
        "grossrevenue": -44101000,
        "promotionalallowances": 523000,
        "salesrevenuenet": 483518000,
        "casinoexpenses": -713000,
        "occupancycosts": 37841000,
        "foodandbeveragecostofsales": -1024000,
        "mallexpense": 15341000,
        "conventionretailandotherexpense": -7161000,
        "provisionfordoubtfulaccounts": 9008000,
        "sellinggeneralandadministrativeexpense": -242000,
        "corporateexpense": -35469000,
        "preopeningcosts": -2000,
        "researchanddevelopmentexpenseexcludingacquiredinprocesscost": -13000,
        "depreciationandamortization": 7102000,
        "amortizationofleaseholdinterestsinland": 9485000,
        "gainlossondispositionofassets": -1947000,
        "costsandexpenses": -44624000,
        "operatingincomeloss": -49147000,
        "interestincomeother": -52353000,
        "interestexpense": -52353000,
        "othernonoperatingincomeexpense": 899000,
        "incomelossfromcontinuingoperationsbeforeincometaxesextraordinaryitemsnoncontrollinginterest": -885476000,
        "incometaxexpensebenefit": -41950000,
        "netincomelossattributabletononcontrollinginterest": 603000,
        "netincomeloss": -2300000,
        "earningspersharebasic": 0.59,
        "earningspersharediluted": 0.59,
        "weightedaveragenumberofsharesoutstandingbasic": 797715773,
        "weightedaveragenumberofdilutedsharesoutstanding": 798552917,
        "commonstockdividendspersharedeclared": 0.65
    },
    {
        "date": "2015-03-30",
        "symbol": "LVS",
        "period": "Q1",
        "profitloss": 511923000,
        "othercomprehensiveincomelossforeigncurrencytransactionandtranslationadjustmentbeforetax": 152762000,
        "othercomprehensiveincomelossforeigncurrencytransactionandtranslationadjustmentnetoftax": 498000,
        "comprehensiveincomenetoftaxincludingportionattributabletononcontrollinginterest": -760387000,
        "comprehensiveincomenetoftaxattributabletononcontrollinginterest": 894000,
        "comprehensiveincomenetoftax": -760387000,
        "casinorevenue": 111787000,
        "occupancyrevenue": 130557000,
        "foodandbeveragerevenue": 53948000,
        "mallrevenue": 127814000,
        "conventionretailandother": -48871000,
        "grossrevenue": -48871000,
        "promotionalallowances": 803000,
        "salesrevenuenet": 504082000,
        "casinoexpenses": -959000,
        "occupancycosts": 36902000,
        "foodandbeveragecostofsales": -978000,
        "mallexpense": 15137000,
        "conventionretailandotherexpense": -7553000,
        "provisionfordoubtfulaccounts": 9272000,
        "sellinggeneralandadministrativeexpense": -328000,
        "corporateexpense": -39842000,
        "preopeningcosts": -1000,
        "researchanddevelopmentexpenseexcludingacquiredinprocesscost": -13000,
        "depreciationandamortization": 6592000,
        "amortizationofleaseholdinterestsinland": 9838000,
        "gainlossondispositionofassets": -244000,
        "costsandexpenses": -49674000,
        "operatingincomeloss": -46084000,
        "interestincomeother": -49951000,
        "interestexpense": -49951000,
        "othernonoperatingincomeexpense": 979000,
        "incomelossfromcontinuingoperationsbeforeincometaxesextraordinaryitemsnoncontrollinginterest": -913149000,
        "incometaxexpensebenefit": -54110000,
        "netincomelossattributabletononcontrollinginterest": 894000,
        "netincomeloss": -913149000,
        "earningspersharebasic": 0.64,
        "earningspersharediluted": 0.64,
        "weightedaveragenumberofsharesoutstandingbasic": 797935314,
        "weightedaveragenumberofdilutedsharesoutstanding": 798877040,
        "commonstockdividendspersharedeclared": 0.65
    },
    {
        "date": "2014-12-30",
        "symbol": "LVS",
        "period": "Q4",
        "profitloss": 2736211000,
        "othercomprehensiveincomelossforeigncurrencytransactionandtranslationadjustmentbeforetax": 295166000,
        "othercomprehensiveincomelossforeigncurrencytransactionandtranslationadjustmentnetoftax": 8537000,
        "comprehensiveincomenetoftaxincludingportionattributabletononcontrollinginterest": -3125575000,
        "comprehensiveincomenetoftaxattributabletononcontrollinginterest": 662000,
        "comprehensiveincomenetoftax": -7458517000,
        "casinorevenue": -8393575000,
        "occupancyrevenue": -292863000,
        "foodandbeveragerevenue": 48304000,
        "mallrevenue": 174702000,
        "conventionretailandother": -43942000,
        "grossrevenue": -1330865000,
        "promotionalallowances": 271130000,
        "salesrevenuenet": -1225630000,
        "casinoexpenses": -80551000,
        "occupancycosts": 48229000,
        "foodandbeveragecostofsales": -76089000,
        "mallexpense": 16628000,
        "conventionretailandotherexpense": -143271000,
        "provisionfordoubtfulaccounts": -69580000,
        "sellinggeneralandadministrativeexpense": -266775000,
        "corporateexpense": -183424000,
        "preopeningcosts": 2352000,
        "researchanddevelopmentexpenseexcludingacquiredinprocesscost": -8883000,
        "depreciationandamortization": -593484000,
        "amortizationofleaseholdinterestsinland": 10446000,
        "gainlossondispositionofassets": 7602000,
        "costsandexpenses": -826951000,
        "operatingincomeloss": -3234420000,
        "interestincomeother": -196941000,
        "interestexpense": -268066000,
        "othernonoperatingincomeexpense": 656000,
        "incomelossfromcontinuingoperationsbeforeincometaxesextraordinaryitemsnoncontrollinginterest": -7707175000,
        "incometaxexpensebenefit": -273537000,
        "netincomelossattributabletononcontrollinginterest": 662000,
        "netincomeloss": -2700000,
        "earningspersharebasic": 0.8900000000000001,
        "earningspersharediluted": 0.9099999999999999,
        "weightedaveragenumberofsharesoutstandingbasic": -807815043,
        "weightedaveragenumberofdilutedsharesoutstanding": -810095510,
        "commonstockdividendspersharedeclared": 0.5
    },
    {
        "date": "2014-09-29",
        "symbol": "LVS",
        "period": "Q3",
        "profitloss": -1343201000,
        "othercomprehensiveincomelossforeigncurrencytransactionandtranslationadjustmentbeforetax": -52349000,
        "othercomprehensiveincomelossforeigncurrencytransactionandtranslationadjustmentnetoftax": -42807000,
        "comprehensiveincomenetoftaxincludingportionattributabletononcontrollinginterest": 640153000,
        "comprehensiveincomenetoftaxattributabletononcontrollinginterest": 536000,
        "comprehensiveincomenetoftax": 639617000,
        "casinorevenue": 2732014000,
        "occupancyrevenue": 271247000,
        "foodandbeveragerevenue": 39497000,
        "mallrevenue": 150728000,
        "conventionretailandother": -45763000,
        "grossrevenue": 393574000,
        "promotionalallowances": 191770000,
        "salesrevenuenet": 3209377000,
        "casinoexpenses": 78908000,
        "occupancycosts": 35752000,
        "foodandbeveragecostofsales": 74123000,
        "mallexpense": 18032000,
        "conventionretailandotherexpense": 55443000,
        "provisionfordoubtfulaccounts": 10936000,
        "sellinggeneralandadministrativeexpense": 266275000,
        "corporateexpense": 37084000,
        "preopeningcosts": -2450000,
        "researchanddevelopmentexpenseexcludingacquiredinprocesscost": 3039000,
        "depreciationandamortization": 200683000,
        "amortizationofleaseholdinterestsinland": 10086000,
        "gainlossondispositionofassets": -805000,
        "costsandexpenses": 45074000,
        "operatingincomeloss": 937897000,
        "interestincomeother": 49000,
        "interestexpense": 27703000,
        "othernonoperatingincomeexpense": -1690000,
        "gainlossonmodificationorearlyretirementofdebt": -1978000,
        "incomelossfromcontinuingoperationsbeforeincometaxesextraordinaryitemsnoncontrollinginterest": 729623000,
        "incometaxexpensebenefit": 11050000,
        "netincomelossattributabletononcontrollinginterest": 536000,
        "netincomeloss": -2900000,
        "earningspersharebasic": 0.84,
        "earningspersharediluted": 0.83,
        "weightedaveragenumberofsharesoutstandingbasic": 803064834,
        "weightedaveragenumberofdilutedsharesoutstanding": 804810589,
        "commonstockdividendspersharedeclared": 0.5
    },
    {
        "date": "2014-06-29",
        "symbol": "LVS",
        "period": "Q2",
        "profitloss": 487492000,
        "othercomprehensiveincomelossforeigncurrencytransactionandtranslationadjustmentbeforetax": -42365000,
        "othercomprehensiveincomelossforeigncurrencytransactionandtranslationadjustmentnetoftax": 22690000,
        "comprehensiveincomenetoftaxincludingportionattributabletononcontrollinginterest": -1328132000,
        "comprehensiveincomenetoftaxattributabletononcontrollinginterest": 479000,
        "comprehensiveincomenetoftax": 694124000,
        "casinorevenue": 6060977000,
        "occupancyrevenue": 377396000,
        "foodandbeveragerevenue": -29159000,
        "mallrevenue": 119073000,
        "conventionretailandother": -189409000,
        "grossrevenue": 802095000,
        "promotionalallowances": 627000,
        "salesrevenuenet": 47334000,
        "casinoexpenses": -1797822000,
        "occupancycosts": 27613000,
        "foodandbeveragecostofsales": -1036000,
        "mallexpense": 17709000,
        "conventionretailandotherexpense": 64602000,
        "provisionfordoubtfulaccounts": 40389000,
        "sellinggeneralandadministrativeexpense": -255210000,
        "corporateexpense": -40498000,
        "preopeningcosts": -4106000,
        "researchanddevelopmentexpenseexcludingacquiredinprocesscost": 4185000,
        "depreciationandamortization": 411450000,
        "amortizationofleaseholdinterestsinland": 10040000,
        "gainlossondispositionofassets": -7040000,
        "costsandexpenses": 294180000,
        "operatingincomeloss": 2154617000,
        "interestincomeother": 13788000,
        "interestexpense": 28809000,
        "othernonoperatingincomeexpense": 1637000,
        "gainlossonmodificationorearlyretirementofdebt": 0,
        "incomelossfromcontinuingoperationsbeforeincometaxesextraordinaryitemsnoncontrollinginterest": 425769000,
        "incometaxexpensebenefit": 117347000,
        "netincomelossattributabletononcontrollinginterest": 479000,
        "netincomeloss": -3100000,
        "earningspersharebasic": 0.8400000000000001,
        "earningspersharediluted": 0.8300000000000001,
        "weightedaveragenumberofsharesoutstandingbasic": -3885662,
        "weightedaveragenumberofdilutedsharesoutstanding": -4233475,
        "commonstockdividendspersharedeclared": 0.5
    },
    {
        "date": "2014-03-30",
        "symbol": "LVS",
        "period": "Q1",
        "profitloss": 960127000,
        "othercomprehensiveincomelossforeigncurrencytransactionandtranslationadjustmentnetoftax": 10848000,
        "othercomprehensiveincomelossforeigncurrencytransactionandtranslationadjustmentbeforetax": -19731000,
        "comprehensiveincomenetoftaxincludingportionattributabletononcontrollinginterest": -1524189000,
        "comprehensiveincomenetoftaxattributabletononcontrollinginterest": 597000,
        "comprehensiveincomenetoftax": 787033000,
        "casinorevenue": 109790000,
        "occupancyrevenue": 135713000,
        "foodandbeveragerevenue": 143250000,
        "mallrevenue": 109031000,
        "conventionretailandother": 96442000,
        "grossrevenue": -47476000,
        "promotionalallowances": 393000,
        "salesrevenuenet": -48075000,
        "casinoexpenses": 1796239000,
        "occupancycosts": 28243000,
        "foodandbeveragecostofsales": -1077000,
        "mallexpense": 17363000,
        "conventionretailandotherexpense": -7966000,
        "provisionfordoubtfulaccounts": 55314000,
        "sellinggeneralandadministrativeexpense": 254733000,
        "corporateexpense": 41436000,
        "preopeningcosts": 4203000,
        "researchanddevelopmentexpenseexcludingacquiredinprocesscost": 1637000,
        "depreciationandamortization": 7371000,
        "amortizationofleaseholdinterestsinland": 10026000,
        "gainlossondispositionofassets": 285000,
        "costsandexpenses": 302798000,
        "operatingincomeloss": -56336000,
        "interestincomeother": 25000,
        "interestexpense": 28475000,
        "othernonoperatingincomeexpense": -1394000,
        "gainlossonmodificationorearlyretirementofdebt": -17964000,
        "incomelossfromcontinuingoperationsbeforeincometaxesextraordinaryitemsnoncontrollinginterest": 1033319000,
        "incometaxexpensebenefit": 19174000,
        "netincomelossattributabletononcontrollinginterest": 597000,
        "netincomeloss": -3100000,
        "earningspersharebasic": 0.95,
        "earningspersharediluted": 0.95,
        "weightedaveragenumberofsharesoutstandingbasic": 814766709,
        "weightedaveragenumberofdilutedsharesoutstanding": 817537615,
        "commonstockdividendspersharedeclared": 0.5
    },
    {
        "date": "2013-12-30",
        "symbol": "LVS",
        "period": "Q4",
        "profitloss": 5078912000,
        "othercomprehensiveincomelossforeigncurrencytransactionandtranslationadjustmentnetoftax": -73354000,
        "comprehensiveincomenetoftaxincludingportionattributabletononcontrollinginterest": 3998558000,
        "comprehensiveincomenetoftaxattributabletononcontrollinginterest": 643251000,
        "comprehensiveincomenetoftax": 3933471000,
        "casinorevenue": 10369450000,
        "occupancyrevenue": 555548000,
        "foodandbeveragerevenue": 386277000,
        "mallrevenue": 159878000,
        "conventionretailandother": 308996000,
        "grossrevenue": -510000000,
        "promotionalallowances": 68109000,
        "salesrevenuenet": -774562000,
        "casinoexpenses": -81188000,
        "occupancycosts": -78032000,
        "foodandbeveragecostofsales": -26181000,
        "mallexpense": 20634000,
        "conventionretailandotherexpense": 87501000,
        "provisionfordoubtfulaccounts": 4528000,
        "sellinggeneralandadministrativeexpense": 273252000,
        "corporateexpense": -70539000,
        "preopeningcosts": 12041000,
        "researchanddevelopmentexpenseexcludingacquiredinprocesscost": -396000,
        "depreciationandamortization": 736147000,
        "amortizationofleaseholdinterestsinland": 10055000,
        "costsandexpenses": 8898465000,
        "operatingincomeloss": 3360289000,
        "interestexpense": 68042000,
        "othernonoperatingincomeexpense": -369000,
        "incomelossfromcontinuingoperationsbeforeincometaxesextraordinaryitemsnoncontrollinginterest": 4760006000,
        "incometaxexpensebenefit": -109983000,
        "netincomelossattributabletononcontrollinginterest": 1041000,
        "netincomeloss": 4617514000,
        "earningspersharebasic": 0.71,
        "earningspersharediluted": 0.7000000000000002,
        "weightedaveragenumberofsharesoutstandingbasic": -1648259862,
        "weightedaveragenumberofdilutedsharesoutstanding": -1656003184,
        "commonstockdividendspersharedeclared": 0.34999999999999987
    },
    {
        "date": "2013-09-29",
        "symbol": "LVS",
        "period": "Q3",
        "casinorevenue": 168131000,
        "occupancyrevenue": 110934000,
        "foodandbeveragerevenue": 40267000,
        "mallrevenue": 128068000,
        "conventionretailandother": -41726000,
        "grossrevenue": -41726000,
        "promotionalallowances": 507000,
        "salesrevenuenet": -46195000,
        "casinoexpenses": -791000,
        "occupancycosts": -3000,
        "foodandbeveragecostofsales": -1080000,
        "mallexpense": 17319000,
        "conventionretailandotherexpense": -6486000,
        "provisionfordoubtfulaccounts": 6123000,
        "sellinggeneralandadministrativeexpense": -226000,
        "corporateexpense": -33644000,
        "preopeningcosts": 271000,
        "researchanddevelopmentexpenseexcludingacquiredinprocesscost": -3000,
        "depreciationandamortization": 6989000,
        "amortizationofleaseholdinterestsinland": 10022000,
        "gainlossondispositionofassets": -1000000,
        "costsandexpenses": -42233000,
        "operatingincomeloss": -46119000,
        "interestincomeother": -40543000,
        "interestexpense": -40543000,
        "othernonoperatingincomeexpense": -1000,
        "incomelossfromcontinuingoperationsbeforeincometaxesextraordinaryitemsnoncontrollinginterest": -1261844000,
        "incometaxexpensebenefit": -3821000,
        "profitloss": -1261844000,
        "netincomelossattributabletononcontrollinginterest": 768000,
        "netincomeloss": -1261844000,
        "earningspersharebasic": 0.76,
        "earningspersharediluted": 0.76,
        "weightedaveragenumberofsharesoutstandingbasic": 823200515,
        "weightedaveragenumberofdilutedsharesoutstanding": 826965340,
        "commonstockdividendspersharedeclared": 0.35,
        "othercomprehensiveincomelossforeigncurrencytransactionandtranslationadjustmentnetoftax": -35573000,
        "comprehensiveincomenetoftaxincludingportionattributabletononcontrollinginterest": -1297417000,
        "comprehensiveincomenetoftaxattributabletononcontrollinginterest": 768000,
        "comprehensiveincomenetoftax": -1297417000
    },
    {
        "date": "2013-06-29",
        "symbol": "LVS",
        "period": "Q2",
        "casinorevenue": 105067000,
        "occupancyrevenue": 120567000,
        "foodandbeveragerevenue": 51523000,
        "mallrevenue": 107993000,
        "conventionretailandother": -43430000,
        "grossrevenue": -43430000,
        "promotionalallowances": 371000,
        "salesrevenuenet": -52910000,
        "casinoexpenses": -596000,
        "occupancycosts": 38880000,
        "foodandbeveragecostofsales": -1073000,
        "mallexpense": 18147000,
        "conventionretailandotherexpense": -6063000,
        "provisionfordoubtfulaccounts": 9748000,
        "sellinggeneralandadministrativeexpense": -176000,
        "corporateexpense": -35890000,
        "preopeningcosts": 1000,
        "researchanddevelopmentexpenseexcludingacquiredinprocesscost": -4000,
        "depreciationandamortization": 6323000,
        "amortizationofleaseholdinterestsinland": 10108000,
        "gainlossondispositionofassets": -551000,
        "costsandexpenses": -43801000,
        "operatingincomeloss": -53846000,
        "interestincomeother": -45974000,
        "interestexpense": -45974000,
        "othernonoperatingincomeexpense": 32000,
        "incomelossfromcontinuingoperationsbeforeincometaxesextraordinaryitemsnoncontrollinginterest": -1059613000,
        "incometaxexpensebenefit": -13388000,
        "profitloss": -1059613000,
        "netincomelossattributabletononcontrollinginterest": 606000,
        "netincomeloss": -1059613000,
        "earningspersharebasic": 0.64,
        "earningspersharediluted": 0.64,
        "weightedaveragenumberofsharesoutstandingbasic": 823974421,
        "weightedaveragenumberofdilutedsharesoutstanding": 827901261,
        "commonstockdividendspersharedeclared": 0.35,
        "othercomprehensiveincomelossforeigncurrencytransactionandtranslationadjustmentnetoftax": 65408000,
        "comprehensiveincomenetoftaxincludingportionattributabletononcontrollinginterest": -994205000,
        "comprehensiveincomenetoftaxattributabletononcontrollinginterest": 606000,
        "comprehensiveincomenetoftax": -994205000
    },
    {
        "date": "2013-03-30",
        "symbol": "LVS",
        "period": "Q1",
        "casinorevenue": 159897000,
        "occupancyrevenue": 121114000,
        "foodandbeveragerevenue": 54821000,
        "mallrevenue": 85461000,
        "conventionretailandother": 86436000,
        "grossrevenue": 422268000,
        "promotionalallowances": 22230000,
        "salesrevenuenet": 872212000,
        "casinoexpenses": 79583000,
        "occupancycosts": 39151000,
        "foodandbeveragecostofsales": 24031000,
        "mallexpense": 17258000,
        "conventionretailandotherexpense": 31290000,
        "provisionfordoubtfulaccounts": 9578000,
        "sellinggeneralandadministrativeexpense": 68809000,
        "corporateexpense": 131000,
        "preopeningcosts": 115000,
        "researchanddevelopmentexpenseexcludingacquiredinprocesscost": 386000,
        "depreciationandamortization": 44973000,
        "amortizationofleaseholdinterestsinland": 10167000,
        "gainlossondispositionofproperty": -563000,
        "costsandexpenses": 298610000,
        "operatingincomeloss": 101428000,
        "investmentincomeinterest": 47536000,
        "interestexpense": 22744000,
        "othernonoperatingincomeexpense": -1984000,
        "incomelossfromcontinuingoperationsbeforeincometaxesextraordinaryitemsnoncontrollinginterest": 599137000,
        "incometaxexpensebenefit": 34291000,
        "profitloss": 132013000,
        "netincomelossattributabletononcontrollinginterest": 479000,
        "netincomeloss": -3200000,
        "earningspersharebasic": 0.69,
        "earningspersharediluted": 0.69,
        "weightedaveragenumberofsharesoutstandingbasic": 823367441,
        "weightedaveragenumberofdilutedsharesoutstanding": 827452691,
        "commonstockdividendspersharedeclared": 0.35,
        "othercomprehensiveincomelossforeigncurrencytransactionandtranslationadjustmentnetoftax": -45776000,
        "comprehensiveincomenetoftaxincludingportionattributabletononcontrollinginterest": 513018000,
        "comprehensiveincomenetoftaxattributabletononcontrollinginterest": 479000,
        "comprehensiveincomenetoftax": 512539000
    },
    {
        "date": "2012-12-30",
        "symbol": "LVS",
        "period": "Q4",
        "casinorevenue": 87883000,
        "occupancyrevenue": 114310000,
        "foodandbeveragerevenue": 40055000,
        "conventionretailandother": 75686000,
        "grossrevenue": 317934000,
        "promotionalallowances": 193142000,
        "salesrevenuenet": 843000000,
        "casinoexpenses": 68010000,
        "occupancycosts": 35382000,
        "foodandbeveragecostofsales": 20852000,
        "mallexpense": 17998000,
        "conventionretailandotherexpense": 23644000,
        "provisionfordoubtfulaccounts": 5917000,
        "sellinggeneralandadministrativeexpense": 62199000,
        "corporateexpense": 127000,
        "preopeningcosts": -132896000,
        "researchanddevelopmentexpenseexcludingacquiredinprocesscost": 7766000,
        "depreciationandamortization": 57366000,
        "amortizationofleaseholdinterestsinland": 10149000,
        "assetimpairmentcharges": 0,
        "gainlossondispositionofproperty": 114000,
        "costsandexpenses": 275292000,
        "operatingincomeloss": 21625000,
        "investmentincomeinterest": 35792000,
        "interestexpense": 21184000,
        "othernonoperatingincomeexpense": 312000,
        "gainlossonmodificationorearlyretirementofdebt": 0,
        "incomelossfromcontinuingoperationsbeforeincometaxesextraordinaryitemsnoncontrollinginterest": 475425000,
        "incometaxexpensebenefit": -77282000,
        "profitloss": 136561000,
        "netincomelossattributabletononcontrollinginterest": 787000,
        "netincomeloss": -1076429000,
        "netincomelossavailabletocommonstockholdersbasic": 434782000,
        "earningspersharebasic": 0.5299999999999999,
        "earningspersharediluted": 0.5300000000000001,
        "weightedaveragenumberofsharesoutstandingbasic": 5311495,
        "weightedaveragenumberofdilutedsharesoutstanding": 1195001,
        "commonstockdividendspersharedeclared": 3,
        "comprehensiveincomenetoftaxincludingportionattributabletononcontrollinginterest": 557812000,
        "comprehensiveincomenetoftaxattributabletononcontrollinginterest": 4679000,
        "comprehensiveincomenetoftax": 557025000
    },
    {
        "date": "2012-09-29",
        "symbol": "LVS",
        "period": "Q3",
        "casinorevenue": 171472000,
        "occupancyrevenue": 105695000,
        "foodandbeveragerevenue": 31157000,
        "conventionretailandother": 295161000,
        "grossrevenue": 1184912000,
        "promotionalallowances": 63083000,
        "salesrevenuenet": 2195488000,
        "casinoexpenses": 222157000,
        "occupancycosts": 102977000,
        "foodandbeveragecostofsales": 66482000,
        "mallexpense": 16666000,
        "conventionretailandotherexpense": 70092000,
        "provisionfordoubtfulaccounts": 9047000,
        "sellinggeneralandadministrativeexpense": 207039000,
        "corporateexpense": -99354000,
        "preopeningcosts": 134807000,
        "researchanddevelopmentexpenseexcludingacquiredinprocesscost": 4203000,
        "depreciationandamortization": 158084000,
        "amortizationofleaseholdinterestsinland": 10014000,
        "assetimpairmentcharges": -42981000,
        "gainlossondispositionofproperty": -102000,
        "costsandexpenses": 730565000,
        "operatingincomeloss": 314464000,
        "investmentincomeinterest": 99168000,
        "interestexpense": 66952000,
        "othernonoperatingincomeexpense": 1190000,
        "gainlossonmodificationorearlyretirementofdebt": -23369000,
        "incomelossfromcontinuingoperationsbeforeincometaxesextraordinaryitemsnoncontrollinginterest": 497203000,
        "incometaxexpensebenefit": 173457000,
        "profitloss": -518370000,
        "netincomelossattributabletononcontrollinginterest": 685000,
        "netincomeloss": 321800000,
        "netincomelossavailabletocommonstockholdersbasic": 349782000,
        "earningspersharebasic": 0.41000000000000003,
        "earningspersharediluted": 0.42000000000000004,
        "weightedaveragenumberofsharesoutstandingbasic": -780463827,
        "weightedaveragenumberofdilutedsharesoutstanding": -821538446,
        "commonstockdividendspersharedeclared": 0.25,
        "comprehensiveincomenetoftaxincludingportionattributabletononcontrollinginterest": 393786000,
        "comprehensiveincomenetoftaxattributabletononcontrollinginterest": -3207000,
        "comprehensiveincomenetoftax": 391840000
    },
    {
        "date": "2012-06-29",
        "symbol": "LVS",
        "period": "Q2",
        "casinorevenue": 94598000,
        "occupancyrevenue": 112787000,
        "foodandbeveragerevenue": 54045000,
        "mall": 93740000,
        "conventionretailandother": -39399000,
        "grossrevenue": -39399000,
        "promotionalallowances": 280000,
        "salesrevenuenet": -280000,
        "casinoexpenses": -550000,
        "occupancycosts": -2000,
        "foodandbeveragecostofsales": -1033000,
        "mallexpense": 17798000,
        "conventionretailandotherexpense": -5474000,
        "provisionfordoubtfulaccounts": 7475000,
        "sellinggeneralandadministrativeexpense": -188000,
        "corporateexpense": 53475000,
        "preopeningcosts": -1000,
        "researchanddevelopmentexpenseexcludingacquiredinprocesscost": 6800000,
        "depreciationandamortization": 3672000,
        "amortizationofleaseholdinterestsinland": 10057000,
        "assetimpairmentcharges": 100781000,
        "gainlossondispositionofproperty": 1000,
        "costsandexpenses": 63946000,
        "operatingincomeloss": -64226000,
        "investmentincomeinterest": 95000,
        "interestexpense": 376000,
        "othernonoperatingincomeexpense": -663000,
        "gainlossonmodificationorearlyretirementofdebt": 13100000,
        "incomelossfromcontinuingoperationsbeforeincometaxesextraordinaryitemsnoncontrollinginterest": 217929000,
        "incometaxexpensebenefit": -22658000,
        "profitloss": 240587000,
        "netincomelossattributabletononcontrollinginterest": 736000,
        "netincomeloss": 240587000,
        "netincomelossavailabletocommonstockholdersbasic": 240587000,
        "earningspersharebasic": 0.29,
        "earningspersharediluted": 0.29,
        "weightedaveragenumberofsharesoutstandingbasic": 821110555,
        "weightedaveragenumberofdilutedsharesoutstanding": 826102326,
        "commonstockdividendspersharedeclared": 0.25,
        "othercomprehensiveincomelossforeigncurrencytransactionandtranslationadjustmentnetoftax": -29406000,
        "comprehensiveincomenetoftaxincludingportionattributabletononcontrollinginterest": 211181000,
        "comprehensiveincomenetoftaxattributabletononcontrollinginterest": 736000,
        "comprehensiveincomenetoftax": 211181000
    },
    {
        "date": "2012-03-30",
        "symbol": "LVS",
        "period": "Q1",
        "casinorevenue": 158694000,
        "occupancyrevenue": 113449000,
        "foodandbeveragerevenue": 47854000,
        "mall": 71418000,
        "conventionretailandother": -37401000,
        "grossrevenue": -37401000,
        "promotionalallowances": 233000,
        "salesrevenuenet": -233000,
        "casinoexpenses": -618000,
        "occupancycosts": -1000,
        "foodandbeveragecostofsales": -1095000,
        "mallexpense": 16301000,
        "conventionretailandotherexpense": -3305000,
        "provisionfordoubtfulaccounts": 6548000,
        "sellinggeneralandadministrativeexpense": -216000,
        "corporateexpense": 46195000,
        "preopeningcosts": -1000,
        "researchanddevelopmentexpenseexcludingacquiredinprocesscost": 1204000,
        "depreciationandamortization": 3587000,
        "amortizationofleaseholdinterestsinland": 9945000,
        "assetimpairmentcharges": 42900000,
        "gainlossondispositionofproperty": -402000,
        "costsandexpenses": 50986000,
        "operatingincomeloss": -51219000,
        "investmentincomeinterest": 98000,
        "interestexpense": 3358000,
        "othernonoperatingincomeexpense": -47000,
        "gainlossonmodificationorearlyretirementofdebt": -2831000,
        "incomelossfromcontinuingoperationsbeforeincometaxesextraordinaryitemsnoncontrollinginterest": 470930000,
        "incometaxexpensebenefit": -28012000,
        "profitloss": 498942000,
        "netincomelossattributabletononcontrollinginterest": 525000,
        "netincomeloss": 498942000,
        "netincomelossavailabletocommonstockholdersbasic": 498942000,
        "earningspersharebasic": 0.66,
        "earningspersharediluted": 0.61,
        "weightedaveragenumberofsharesoutstandingbasic": 760437437,
        "weightedaveragenumberofdilutedsharesoutstanding": 818797155,
        "commonstockdividendspersharedeclared": 0.25,
        "othercomprehensiveincomeforeigncurrencytransactionandtranslationadjustmentnetoftaxperiodincreasedecrease": 97831000,
        "comprehensiveincomenetoftaxincludingportionattributabletononcontrollinginterest": 596773000,
        "comprehensiveincomenetoftaxattributabletononcontrollinginterest": 525000,
        "comprehensiveincomenetoftax": 596773000
    },
    {
        "date": "2011-09-29",
        "symbol": "LVS",
        "period": "Q3",
        "casinorevenue": 1778884000,
        "occupancyrevenue": 168366000,
        "foodandbeveragerevenue": 199197000,
        "conventionretailandother": 548902000,
        "grossrevenue": 6357549000,
        "promotionalallowances": -33341000,
        "salesrevenuenet": -2387016000,
        "casinoexpenses": 922953000,
        "occupancycosts": -15368000,
        "foodandbeveragecostofsales": 154385000,
        "conventionretailandotherexpense": 85766000,
        "provisionfordoubtfulaccounts": 33693000,
        "sellinggeneralandadministrativeexpense": 361013000,
        "corporateexpense": 118450000,
        "rentalexpense": 10143000,
        "preopeningcosts": 15823000,
        "depreciationandamortization": -257809000,
        "gainlossondispositionofproperty": 5636000,
        "costsandexpenses": -384030000,
        "operatingincomeloss": -1248229000,
        "investmentincomeinterest": 416000,
        "interestexpense": -133050000,
        "othernonoperatingincomeexpense": -4472000,
        "incometaxexpensebenefit": -138533000,
        "profitloss": 2542727000,
        "netincomelossattributabletononcontrollinginterest": 230857000,
        "netincomeloss": 418384000,
        "preferredstockinducementandrepurchasepremiums": 29000000,
        "netincomelossavailabletocommonstockholdersbasic": 353631000,
        "earningspersharebasic": 0.49000000000000005,
        "earningspersharediluted": 0.43999999999999995,
        "weightedaveragenumberofsharesoutstandingbasic": 1252415,
        "weightedaveragenumberofdilutedsharesoutstanding": 307488,
        "stockholdersequityincludingportionattributabletononcontrollinginterest": 14671076000,
        "othercomprehensiveincomeforeigncurrencytransactionandtranslationadjustmentnetoftaxperiodincreasedecrease": -2064000,
        "comprehensiveincomenetoftaxincludingportionattributabletononcontrollinginterest": -557200000,
        "stockissuedduringperiodvaluestockoptionsexercised": -12465000,
        "adjustmentstoadditionalpaidincapitalsharebasedcompensationrequisiteserviceperiodrecognitionvalue": 592000,
        "exerciseofwarrants": -66645000,
        "stockrepurchasedandretiredduringperiodvalue": 34299000,
        "dividendspreferredstocknet": 19140000,
        "preferredstockinducementpremium": 1000
    },
    {
        "date": "2011-06-29",
        "symbol": "LVS",
        "period": "Q2",
        "casinorevenue": 3255392000,
        "occupancyrevenue": 112931000,
        "foodandbeveragerevenue": 2794000,
        "conventionretailandother": -34580000,
        "grossrevenue": -1990138000,
        "promotionalallowances": 33680000,
        "salesrevenuenet": 2295484000,
        "casinoexpenses": 1773468000,
        "occupancycosts": 33981000,
        "foodandbeveragecostofsales": -52527000,
        "conventionretailandotherexpense": 138659000,
        "provisionfordoubtfulaccounts": 23001000,
        "sellinggeneralandadministrativeexpense": 124654000,
        "corporateexpense": -28014000,
        "rentalexpense": 10034000,
        "preopeningcosts": 18163000,
        "researchanddevelopmentexpense": 2420000,
        "depreciationandamortization": 218311000,
        "gainlossondispositionofproperty": 2581000,
        "costsandexpenses": 268891000,
        "operatingincomeloss": 1139759000,
        "investmentincomeinterest": 1796000,
        "interestexpense": 139953000,
        "othernonoperatingincomeexpense": -2322000,
        "incomelossfromcontinuingoperationsbeforeincometaxesandminorityinterest": 423345000,
        "incometaxexpensebenefit": 95411000,
        "profitloss": -1707211000,
        "netincomelossattributabletononcontrollinginterest": -73888000,
        "netincomeloss": 402165000,
        "preferredstockdividends": 19219000,
        "accretiontoredemptionvalueofpreferredstockissuedtoprincipalstockholdersfamily": 23136000,
        "preferredstockinducementandrepurchasepremiums": 400000,
        "netincomelossavailabletocommonstockholdersbasic": 367607000,
        "earningspersharebasic": 0.49999999999999994,
        "earningspersharediluted": 0.44999999999999996,
        "weightedaveragenumberofsharesoutstandingbasic": 2667614,
        "weightedaveragenumberofdilutedsharesoutstanding": 3953,
        "stockholdersequityincludingportionattributabletononcontrollinginterest": -19798560000,
        "othercomprehensiveincomeforeigncurrencytransactionandtranslationadjustmentnetoftaxperiodincreasedecrease": -34621000,
        "comprehensiveincomenetoftaxincludingportionattributabletononcontrollinginterest": 465120000,
        "stockissuedduringperiodvaluestockoptionsexercised": 5186000,
        "adjustmentstoadditionalpaidincapitaltaxeffectfromsharebasedcompensation": -72000,
        "adjustmentstoadditionalpaidincapitalsharebasedcompensationrequisiteserviceperiodrecognitionvalue": -18477000,
        "exerciseofwarrants": 65245000,
        "stockrepurchasedandretiredduringperiodvalue": -481000,
        "dividendspreferredstocknet": 19219000,
        "accumulatedbutundeclareddividendrequirementonpreferredstockissuedtoprincipalstockholdersfamily": 0,
        "preferredstockinducementpremium": 292000
    },
    {
        "date": "2011-03-30",
        "symbol": "LVS",
        "period": "Q1",
        "casinorevenue": 83123000,
        "occupancyrevenue": 112874000,
        "foodandbeveragerevenue": 95086000,
        "conventionretailandother": -29947000,
        "grossrevenue": 1925611000,
        "promotionalallowances": 163000,
        "salesrevenuenet": 91030000,
        "casinoexpenses": -577000,
        "occupancycosts": 32248000,
        "foodandbeveragecostofsales": 49563000,
        "conventionretailandotherexpense": 21153000,
        "provisionfordoubtfulaccounts": 28962000,
        "sellinggeneralandadministrativeexpense": -220000,
        "corporateexpense": 28152000,
        "rentalexpense": 13156000,
        "preopeningcosts": 9471000,
        "researchanddevelopmentexpense": 573000,
        "depreciationandamortization": 52813000,
        "gainlossondispositionofproperty": -554000,
        "costsandexpenses": 261006000,
        "operatingincomeloss": -37899000,
        "investmentincomeinterest": 1292000,
        "interestexpense": 3450000,
        "othernonoperatingincomeexpense": -717000,
        "incomelossfromcontinuingoperationsbeforeincometaxesandminorityinterest": 311423000,
        "incometaxexpensebenefit": -1176000,
        "profitloss": 289323000,
        "netincomelossattributabletononcontrollinginterest": 75180000,
        "netincomeloss": 304290000,
        "preferredstockdividends": 19598000,
        "accretiontoredemptionvalueofpreferredstockissuedtoprincipalstockholdersfamily": 23136000,
        "preferredstockinducementandrepurchasepremiums": 2200000,
        "netincomelossavailabletocommonstockholdersbasic": 228156000,
        "earningspersharebasic": 0.32,
        "earningspersharediluted": 0.28,
        "weightedaveragenumberofsharesoutstandingbasic": 723389226,
        "weightedaveragenumberofdilutedsharesoutstanding": 811239242,
        "stockholdersequityincludingportionattributabletononcontrollinginterest": 6957581000,
        "othercomprehensiveincomeforeigncurrencytransactionandtranslationadjustmentnetoftaxperiodincreasedecrease": 34493000,
        "comprehensiveincomenetoftaxincludingportionattributabletononcontrollinginterest": 323816000,
        "stockissuedduringperiodvaluestockoptionsexercised": 8419000,
        "adjustmentstoadditionalpaidincapitaltaxeffectfromsharebasedcompensation": -11000,
        "adjustmentstoadditionalpaidincapitalsharebasedcompensationrequisiteserviceperiodrecognitionvalue": 20084000,
        "exerciseofwarrants": -65225000,
        "stockrepurchasedandretiredduringperiodvalue": -2232000,
        "dividendspreferredstocknet": 12744000,
        "accumulatedbutundeclareddividendrequirementonpreferredstockissuedtoprincipalstockholdersfamily": 6854000,
        "preferredstockinducementpremium": 16201000
    }
]