[
    {
        "date": "2024-09-29",
        "symbol": "PNC",
        "period": "Q3",
        "interestandfeeincomeloansandleases": 4954000000,
        "interestanddividendincomesecurities": 1097000000,
        "otherinterestanddividendincome": 771000000,
        "interestanddividendincomeoperating": 6822000000,
        "interestexpensedeposits": 2230000000,
        "interestexpenseborrowings": 1182000000,
        "noninterestincome": 2022000000,
        "revenues": 5432000000,
        "financingreceivablecreditlossandoffbalancesheetcreditlossliabilityexpenserecovery": 243000000,
        "laborandrelatedexpense": 1869000000,
        "occupancynet": 234000000,
        "equipmentexpense": 357000000,
        "marketingandadvertisingexpense": 93000000,
        "othernoninterestexpense": 774000000,
        "noninterestexpense": 3327000000,
        "incomelossfromcontinuingoperationsbeforeincometaxesextraordinaryitemsnoncontrollinginterest": 1862000000,
        "incometaxexpensebenefit": 357000000,
        "incomelossfromcontinuingoperationsincludingportionattributabletononcontrollinginterest": 1505000000,
        "incomelossfromcontinuingoperationsattributabletononcontrollingentity": 15000000,
        "dividendspreferredstock": 82000000,
        "preferredstockdividendsandotheradjustments": 2000000,
        "netincomelossavailabletocommonstockholders": 1406000000,
        "earningspersharebasic": 3.4999999999999996,
        "earningspersharediluted": 3.4999999999999996,
        "weightedaveragenumberofsharesoutstandingbasic": 400000000,
        "weightedaveragenumberofdilutedsharesoutstanding": 400000000,
        "othercomprehensiveincomelossavailableforsalesecuritiesadjustmentbeforetax": 1621000000,
        "othercomprehensiveincomelosscashflowhedgegainlossafterreclassificationbeforetax": 1475000000,
        "othercomprehensiveincomelosspensionandotherpostretirementbenefitplansadjustmentbeforetax": 0,
        "othercomprehensiveincomelossbeforetax": 3095000000,
        "othercomprehensiveincomelosstax": 739000000,
        "othercomprehensiveincomelossnetoftax": 2356000000,
        "comprehensiveincomenetoftaxincludingportionattributabletononcontrollinginterest": 3861000000,
        "comprehensiveincomenetoftaxattributabletononcontrollinginterest": 15000000,
        "comprehensiveincomenetoftax": 3846000000
    },
    {
        "date": "2024-06-29",
        "symbol": "PNC",
        "period": "Q2",
        "interestandfeeincomeloansandleases": 4842000000,
        "interestanddividendincomesecurities": 1001000000,
        "otherinterestanddividendincome": 725000000,
        "interestanddividendincomeoperating": 6568000000,
        "interestexpensedeposits": 2084000000,
        "interestexpenseborrowings": 1182000000,
        "noninterestincome": 3626000000,
        "revenues": 5411000000,
        "financingreceivablecreditlossandoffbalancesheetcreditlossliabilityexpenserecovery": 235000000,
        "laborandrelatedexpense": 1782000000,
        "occupancynet": 236000000,
        "equipmentexpense": 356000000,
        "marketingandadvertisingexpense": 93000000,
        "othernoninterestexpense": 890000000,
        "noninterestexpense": 3357000000,
        "incomelossfromcontinuingoperationsbeforeincometaxesextraordinaryitemsnoncontrollinginterest": 1819000000,
        "incometaxexpensebenefit": 342000000,
        "incomelossfromcontinuingoperationsincludingportionattributabletononcontrollinginterest": 1477000000,
        "incomelossfromcontinuingoperationsattributabletononcontrollingentity": 18000000,
        "dividendspreferredstock": 95000000,
        "preferredstockdividendsandotheradjustments": 2000000,
        "netincomelossavailabletocommonstockholders": 1362000000,
        "earningspersharebasic": 3.39,
        "earningspersharediluted": 3.3800000000000003,
        "weightedaveragenumberofsharesoutstandingbasic": 400000000,
        "weightedaveragenumberofdilutedsharesoutstanding": 400000000,
        "othercomprehensiveincomelossavailableforsalesecuritiesadjustmentbeforetax": 475000000,
        "othercomprehensiveincomelosscashflowhedgegainlossafterreclassificationbeforetax": 308000000,
        "othercomprehensiveincomelosspensionandotherpostretirementbenefitplansadjustmentbeforetax": -1000000,
        "othercomprehensiveincomeothernetoftax": 0,
        "othercomprehensiveincomelossbeforetax": 784000000,
        "othercomprehensiveincomelosstax": 188000000,
        "othercomprehensiveincomelossnetoftax": 596000000,
        "comprehensiveincomenetoftaxincludingportionattributabletononcontrollinginterest": 2073000000,
        "comprehensiveincomenetoftaxattributabletononcontrollinginterest": 18000000,
        "comprehensiveincomenetoftax": 2055000000
    },
    {
        "date": "2024-03-30",
        "symbol": "PNC",
        "period": "Q1",
        "interestandfeeincomeloansandleases": 4819000000,
        "interestanddividendincomesecurities": 883000000,
        "otherinterestanddividendincome": 798000000,
        "interestanddividendincomeoperating": 6500000000,
        "interestexpensedeposits": 2077000000,
        "interestexpenseborrowings": 1159000000,
        "interestexpense": 3236000000,
        "interestincomeexpensenet": 3264000000,
        "noninterestincome": 364000000,
        "revenues": 5145000000,
        "financingreceivablecreditlossandoffbalancesheetcreditlossliabilityexpenserecovery": 155000000,
        "laborandrelatedexpense": 1794000000,
        "occupancynet": 244000000,
        "equipmentexpense": 341000000,
        "marketingandadvertisingexpense": 64000000,
        "othernoninterestexpense": 891000000,
        "noninterestexpense": 3334000000,
        "incomelossfromcontinuingoperationsbeforeincometaxesextraordinaryitemsnoncontrollinginterest": 1656000000,
        "incometaxexpensebenefit": 312000000,
        "incomelossfromcontinuingoperationsincludingportionattributabletononcontrollinginterest": 1344000000,
        "incomelossfromcontinuingoperationsattributabletononcontrollingentity": 14000000,
        "dividendspreferredstock": 81000000,
        "preferredstockdividendsandotheradjustments": 2000000,
        "netincomelossavailabletocommonstockholders": 1247000000,
        "earningspersharebasic": 3.1,
        "earningspersharediluted": 3.1,
        "weightedaveragenumberofsharesoutstandingbasic": 400000000,
        "weightedaveragenumberofdilutedsharesoutstanding": 400000000,
        "othercomprehensiveincomelossavailableforsalesecuritiesadjustmentbeforetax": -179000000,
        "othercomprehensiveincomelosscashflowhedgegainlossafterreclassificationbeforetax": -250000000,
        "othercomprehensiveincomelosspensionandotherpostretirementbenefitplansadjustmentbeforetax": 2000000,
        "othercomprehensiveincomeothernetoftax": -2000000,
        "othercomprehensiveincomelossbeforetax": -433000000,
        "othercomprehensiveincomelosstax": -103000000,
        "othercomprehensiveincomelossnetoftax": -330000000,
        "comprehensiveincomenetoftaxincludingportionattributabletononcontrollinginterest": 1014000000,
        "comprehensiveincomenetoftaxattributabletononcontrollinginterest": 14000000,
        "comprehensiveincomenetoftax": 1000000000
    },
    {
        "date": "2023-12-30",
        "symbol": "PNC",
        "period": "Q4",
        "interestandfeeincomeloansandleases": 4875000000,
        "interestanddividendincomesecurities": 885000000,
        "otherinterestanddividendincome": 742000000,
        "interestanddividendincomeoperating": 6502000000,
        "interestexpensedeposits": 1995000000,
        "interestexpenseborrowings": 1104000000,
        "interestexpense": 3099000000,
        "interestincomeexpensenet": 3403000000,
        "noninterestincome": 360000000,
        "revenues": 5361000000,
        "financingreceivablecreditlossandoffbalancesheetcreditlossliabilityexpenserecovery": 232000000,
        "laborandrelatedexpense": 1983000000,
        "occupancynet": 243000000,
        "equipmentexpense": 365000000,
        "marketingandadvertisingexpense": 74000000,
        "othernoninterestexpense": 1409000000,
        "noninterestexpense": 4074000000,
        "incomelossfromcontinuingoperationsbeforeincometaxesextraordinaryitemsnoncontrollinginterest": 1055000000,
        "incometaxexpensebenefit": 172000000,
        "incomelossfromcontinuingoperationsincludingportionattributabletononcontrollinginterest": 883000000,
        "dividendspreferredstock": 118000000,
        "preferredstockdividendsandotheradjustments": 2000000,
        "netincomelossavailabletocommonstockholders": 744000000,
        "earningspersharebasic": 1.8600000000000017,
        "earningspersharediluted": 1.85,
        "weightedaveragenumberofsharesoutstandingbasic": 401000000,
        "weightedaveragenumberofdilutedsharesoutstanding": 401000000,
        "othercomprehensiveincomelossbeforetax": 3350000000,
        "othercomprehensiveincomelosstax": 801000000,
        "othercomprehensiveincomelossnetoftax": 2549000000,
        "comprehensiveincomenetoftaxincludingportionattributabletononcontrollinginterest": 3432000000,
        "comprehensiveincomenetoftaxattributabletononcontrollinginterest": 19000000,
        "comprehensiveincomenetoftax": 3413000000
    },
    {
        "date": "2023-09-29",
        "symbol": "PNC",
        "period": "Q3",
        "interestandfeeincomeloansandleases": 4643000000,
        "interestanddividendincomesecurities": 892000000,
        "otherinterestanddividendincome": 668000000,
        "interestanddividendincomeoperating": 6203000000,
        "interestexpensedeposits": 1792000000,
        "interestexpenseborrowings": 993000000,
        "interestexpense": 2785000000,
        "interestincomeexpensenet": 3418000000,
        "noninterestincome": 348000000,
        "revenues": 5233000000,
        "financingreceivablecreditlossandoffbalancesheetcreditlossliabilityexpenserecovery": 129000000,
        "laborandrelatedexpense": 1773000000,
        "occupancynet": 244000000,
        "equipmentexpense": 347000000,
        "marketingandadvertisingexpense": 93000000,
        "othernoninterestexpense": 788000000,
        "noninterestexpense": 3245000000,
        "incomelossfromcontinuingoperationsbeforeincometaxesextraordinaryitemsnoncontrollinginterest": 1859000000,
        "incometaxexpensebenefit": 289000000,
        "incomelossfromcontinuingoperationsincludingportionattributabletononcontrollinginterest": 1570000000,
        "incomelossfromcontinuingoperationsattributabletononcontrollingentity": 16000000,
        "dividendspreferredstock": 104000000,
        "preferredstockdividendsandotheradjustments": 2000000,
        "netincomelossavailabletocommonstockholders": 1448000000,
        "earningspersharebasic": 3.6,
        "earningspersharediluted": 3.6,
        "weightedaveragenumberofsharesoutstandingbasic": 400000000,
        "weightedaveragenumberofdilutedsharesoutstanding": 400000000,
        "othercomprehensiveincomelossavailableforsalesecuritiesadjustmentbeforetax": -932000000,
        "othercomprehensiveincomelosscashflowhedgegainlossafterreclassificationbeforetax": -35000000,
        "othercomprehensiveincomelosspensionandotherpostretirementbenefitplansadjustmentbeforetax": -1000000,
        "othercomprehensiveincomeothernetoftax": 1000000,
        "othercomprehensiveincomelossbeforetax": -965000000,
        "othercomprehensiveincomelosstax": -229000000,
        "othercomprehensiveincomelossnetoftax": -736000000,
        "comprehensiveincomenetoftaxincludingportionattributabletononcontrollinginterest": 834000000,
        "comprehensiveincomenetoftaxattributabletononcontrollinginterest": 16000000,
        "comprehensiveincomenetoftax": 818000000
    },
    {
        "date": "2023-06-29",
        "symbol": "PNC",
        "period": "Q2",
        "interestandfeeincomeloansandleases": 4523000000,
        "interestanddividendincomesecurities": 883000000,
        "otherinterestanddividendincome": 538000000,
        "interestanddividendincomeoperating": 5944000000,
        "interestexpensedeposits": 1531000000,
        "interestexpenseborrowings": 903000000,
        "interestexpense": 2434000000,
        "interestincomeexpensenet": 3510000000,
        "noninterestincome": 348000000,
        "revenues": 5293000000,
        "financingreceivablecreditlossandoffbalancesheetcreditlossliabilityexpenserecovery": 146000000,
        "laborandrelatedexpense": 1846000000,
        "occupancynet": 244000000,
        "equipmentexpense": 349000000,
        "marketingandadvertisingexpense": 109000000,
        "othernoninterestexpense": 824000000,
        "noninterestexpense": 3372000000,
        "incomelossfromcontinuingoperationsbeforeincometaxesextraordinaryitemsnoncontrollinginterest": 1775000000,
        "incometaxexpensebenefit": 275000000,
        "incomelossfromcontinuingoperationsincludingportionattributabletononcontrollinginterest": 1500000000,
        "incomelossfromcontinuingoperationsattributabletononcontrollingentity": 17000000,
        "dividendspreferredstock": 127000000,
        "preferredstockdividendsandotheradjustments": 2000000,
        "netincomelossavailabletocommonstockholders": 1354000000,
        "earningspersharebasic": 3.36,
        "earningspersharediluted": 3.36,
        "weightedaveragenumberofsharesoutstandingbasic": 401000000,
        "weightedaveragenumberofdilutedsharesoutstanding": 401000000,
        "othercomprehensiveincomeavailableforsalesecuritiesadjustmentbeforetaxportionattributabletoparent": -241000000,
        "othercomprehensiveincomelosscashflowhedgegainlossafterreclassificationbeforetaxparent": -316000000,
        "othercomprehensiveincomedefinedbenefitplansadjustmentbeforetaxportionattributabletoparent": -6000000,
        "othercomprehensiveincomelossotheradjustmentsafterreclassificationadjustmentbeforetax": 3000000,
        "othercomprehensiveincomelossbeforetax": -548000000,
        "othercomprehensiveincomelosstax": -131000000,
        "othercomprehensiveincomelossnetoftax": -417000000,
        "comprehensiveincomenetoftaxincludingportionattributabletononcontrollinginterest": 1083000000,
        "comprehensiveincomenetoftaxattributabletononcontrollinginterest": 17000000,
        "comprehensiveincomenetoftax": 1066000000
    },
    {
        "date": "2023-03-30",
        "symbol": "PNC",
        "period": "Q1",
        "interestandfeeincomeloansandleases": 4258000000,
        "interestanddividendincomesecurities": 885000000,
        "otherinterestanddividendincome": 516000000,
        "interestanddividendincomeoperating": 5659000000,
        "interestexpensedeposits": 1291000000,
        "interestexpenseborrowings": 783000000,
        "interestexpense": 2074000000,
        "interestincomeexpensenet": 3585000000,
        "noninterestincome": 356000000,
        "revenues": 5603000000,
        "financingreceivablecreditlossandoffbalancesheetcreditlossliabilityexpenserecovery": 235000000,
        "laborandrelatedexpense": 1826000000,
        "occupancynet": 251000000,
        "equipmentexpense": 350000000,
        "marketingandadvertisingexpense": 74000000,
        "othernoninterestexpense": 820000000,
        "noninterestexpense": 3321000000,
        "incomelossfromcontinuingoperationsbeforeincometaxesextraordinaryitemsnoncontrollinginterest": 2047000000,
        "incometaxexpensebenefit": 353000000,
        "incomelossfromcontinuingoperationsincludingportionattributabletononcontrollinginterest": 1694000000,
        "incomelossfromcontinuingoperationsattributabletononcontrollingentity": 17000000,
        "dividendspreferredstock": 68000000,
        "preferredstockdividendsandotheradjustments": 2000000,
        "netincomelossavailabletocommonstockholders": 1607000000,
        "earningspersharebasic": 3.98,
        "earningspersharediluted": 3.98,
        "weightedaveragenumberofsharesoutstandingbasic": 401000000,
        "weightedaveragenumberofdilutedsharesoutstanding": 402000000,
        "othercomprehensiveincomeavailableforsalesecuritiesadjustmentbeforetaxportionattributabletoparent": 869000000,
        "othercomprehensiveincomelosscashflowhedgegainlossafterreclassificationbeforetaxparent": 527000000,
        "othercomprehensiveincomedefinedbenefitplansadjustmentbeforetaxportionattributabletoparent": 10000000,
        "othercomprehensiveincomelossotheradjustmentsafterreclassificationadjustmentbeforetax": 4000000,
        "othercomprehensiveincomelossbeforetax": 1390000000,
        "othercomprehensiveincomelosstax": 326000000,
        "othercomprehensiveincomelossnetoftax": 1064000000,
        "comprehensiveincomenetoftaxincludingportionattributabletononcontrollinginterest": 2758000000,
        "comprehensiveincomenetoftaxattributabletononcontrollinginterest": 17000000,
        "comprehensiveincomenetoftax": 2741000000
    },
    {
        "date": "2022-12-30",
        "symbol": "PNC",
        "period": "Q4",
        "interestandfeeincomeloansandleases": 3860000000,
        "interestanddividendincomesecurities": 836000000,
        "otherinterestanddividendincome": 413000000,
        "interestanddividendincomeoperating": 5109000000,
        "interestexpensedeposits": 812000000,
        "interestexpenseborrowings": 613000000,
        "interestexpense": 1425000000,
        "interestincomeexpensenet": 3684000000,
        "noninterestincome": 345000000,
        "revenues": 5763000000,
        "financingreceivablecreditlossandoffbalancesheetcreditlossliabilityexpenserecovery": 408000000,
        "laborandrelatedexpense": 1943000000,
        "occupancynet": 247000000,
        "equipmentexpense": 369000000,
        "marketingandadvertisingexpense": 106000000,
        "othernoninterestexpense": 809000000,
        "noninterestexpense": 3474000000,
        "incomelossfromcontinuingoperationsbeforeincometaxesextraordinaryitemsnoncontrollinginterest": 1881000000,
        "incometaxexpensebenefit": 333000000,
        "incomelossfromcontinuingoperationsincludingportionattributabletononcontrollinginterest": 1548000000,
        "comprehensiveincomenetoftaxattributabletononcontrollinginterest": 20000000,
        "dividendspreferredstock": 120000000,
        "preferredstockdividendsandotheradjustments": 1000000,
        "netincomelossavailabletocommonstockholders": 1407000000,
        "earningspersharebasic": 3.4599999999999995,
        "earningspersharediluted": 3.4499999999999997,
        "weightedaveragenumberofsharesoutstandingbasic": -832000000,
        "weightedaveragenumberofdilutedsharesoutstanding": -832000000,
        "othercomprehensiveincomeavailableforsalesecuritiesadjustmentbeforetaxportionattributabletoparent": 625000000,
        "othercomprehensiveincomelosscashflowhedgegainlossafterreclassificationbeforetaxparent": 208000000,
        "othercomprehensiveincomedefinedbenefitplansadjustmentbeforetaxportionattributabletoparent": 427000000,
        "othercomprehensiveincomelossotheradjustmentsafterreclassificationadjustmentbeforetax": -2000000,
        "othercomprehensiveincomelossbeforetax": 404000000,
        "othercomprehensiveincomelosstax": 90000000,
        "othercomprehensiveincomelossnetoftax": 314000000,
        "comprehensiveincomenetoftaxincludingportionattributabletononcontrollinginterest": 1862000000,
        "comprehensiveincomenetoftax": 1842000000
    },
    {
        "date": "2022-09-29",
        "symbol": "PNC",
        "period": "Q3",
        "interestandfeeincomeloansandleases": 3138000000,
        "interestanddividendincomesecurities": 715000000,
        "otherinterestanddividendincome": 279000000,
        "interestanddividendincomeoperating": 4132000000,
        "interestexpensedeposits": 340000000,
        "interestexpenseborrowings": 317000000,
        "interestexpense": 657000000,
        "interestincomeexpensenet": 3475000000,
        "noninterestincome": 357000000,
        "revenues": 5549000000,
        "financingreceivablecreditlossandoffbalancesheetcreditlossliabilityexpenserecovery": 241000000,
        "laborandrelatedexpense": 1805000000,
        "occupancynet": 241000000,
        "equipmentexpense": 344000000,
        "marketingandadvertisingexpense": 93000000,
        "othernoninterestexpense": 797000000,
        "noninterestexpense": 3280000000,
        "incomelossfromcontinuingoperationsbeforeincometaxesextraordinaryitemsnoncontrollinginterest": 2028000000,
        "incometaxexpensebenefit": 388000000,
        "incomelossfromcontinuingoperationsincludingportionattributabletononcontrollinginterest": 1640000000,
        "incomelossfromcontinuingoperationsattributabletononcontrollingentity": 16000000,
        "dividendspreferredstock": 65000000,
        "preferredstockdividendsandotheradjustments": 1000000,
        "netincomelossavailabletocommonstockholders": 1558000000,
        "earningspersharebasic": 3.78,
        "earningspersharediluted": 3.78,
        "weightedaveragenumberofsharesoutstandingbasic": 410000000,
        "weightedaveragenumberofdilutedsharesoutstanding": 410000000,
        "othercomprehensiveincomeavailableforsalesecuritiesadjustmentbeforetaxportionattributabletoparent": -1738000000,
        "othercomprehensiveincomelosscashflowhedgegainlossafterreclassificationbeforetaxparent": -1025000000,
        "othercomprehensiveincomedefinedbenefitplansadjustmentbeforetaxportionattributabletoparent": -2000000,
        "othercomprehensiveincomelossotheradjustmentsafterreclassificationadjustmentbeforetax": 4000000,
        "othercomprehensiveincomelossbeforetax": -2757000000,
        "othercomprehensiveincomelosstax": -629000000,
        "othercomprehensiveincomelossnetoftax": -2128000000,
        "comprehensiveincomenetoftaxincludingportionattributabletononcontrollinginterest": -488000000,
        "comprehensiveincomenetoftaxattributabletononcontrollinginterest": 16000000,
        "comprehensiveincomenetoftax": -504000000
    },
    {
        "date": "2022-06-29",
        "symbol": "PNC",
        "period": "Q2",
        "interestandfeeincomeloansandleases": 2504000000,
        "interestanddividendincomesecurities": 631000000,
        "otherinterestanddividendincome": 146000000,
        "interestanddividendincomeoperating": 3281000000,
        "interestexpensedeposits": 88000000,
        "interestexpenseborrowings": 142000000,
        "interestexpense": 230000000,
        "interestincomeexpensenet": 3051000000,
        "noninterestincome": 365000000,
        "revenues": 5116000000,
        "financingreceivablecreditlossandoffbalancesheetcreditlossliabilityexpenserecovery": 36000000,
        "laborandrelatedexpense": 1779000000,
        "occupancynet": 246000000,
        "equipmentexpense": 351000000,
        "marketingandadvertisingexpense": 95000000,
        "othernoninterestexpense": 773000000,
        "noninterestexpense": 3244000000,
        "incomelossfromcontinuingoperationsbeforeincometaxesextraordinaryitemsnoncontrollinginterest": 1836000000,
        "incometaxexpensebenefit": 340000000,
        "incomelossfromcontinuingoperationsincludingportionattributabletononcontrollinginterest": 1496000000,
        "incomelossfromcontinuingoperationsattributabletononcontrollingentity": 15000000,
        "dividendspreferredstock": 71000000,
        "preferredstockdividendsandotheradjustments": 1000000,
        "netincomelossavailabletocommonstockholders": 1409000000,
        "earningspersharebasic": 3.39,
        "earningspersharediluted": 3.39,
        "weightedaveragenumberofsharesoutstandingbasic": 414000000,
        "weightedaveragenumberofdilutedsharesoutstanding": 414000000,
        "othercomprehensiveincomeavailableforsalesecuritiesadjustmentbeforetaxportionattributabletoparent": -2715000000,
        "othercomprehensiveincomelosscashflowhedgegainlossafterreclassificationbeforetaxparent": -701000000,
        "othercomprehensiveincomedefinedbenefitplansadjustmentbeforetaxportionattributabletoparent": -8000000,
        "othercomprehensiveincomelossotheradjustmentsafterreclassificationadjustmentbeforetax": -4000000,
        "othercomprehensiveincomelossbeforetax": -3412000000,
        "othercomprehensiveincomelosstax": -785000000,
        "othercomprehensiveincomelossnetoftax": -2627000000,
        "comprehensiveincomenetoftaxincludingportionattributabletononcontrollinginterest": -1131000000,
        "comprehensiveincomenetoftaxattributabletononcontrollinginterest": 15000000,
        "comprehensiveincomenetoftax": -1146000000
    },
    {
        "date": "2022-03-30",
        "symbol": "PNC",
        "period": "Q1",
        "interestandfeeincomeloansandleases": 2293000000,
        "interestanddividendincomesecurities": 544000000,
        "otherinterestanddividendincome": 77000000,
        "interestanddividendincomeoperating": 2914000000,
        "interestexpensedeposits": 27000000,
        "interestexpenseborrowings": 83000000,
        "interestexpense": 110000000,
        "interestincomeexpensenet": 2804000000,
        "noninterestincome": 377000000,
        "revenues": 4692000000,
        "financingreceivablecreditlossandoffbalancesheetcreditlossliabilityexpenserecovery": -208000000,
        "laborandrelatedexpense": 1717000000,
        "occupancynet": 258000000,
        "equipmentexpense": 331000000,
        "marketingandadvertisingexpense": 61000000,
        "othernoninterestexpense": 805000000,
        "noninterestexpense": 3172000000,
        "incomelossfromcontinuingoperationsbeforeincometaxesextraordinaryitemsnoncontrollinginterest": 1728000000,
        "incometaxexpensebenefit": 299000000,
        "incomelossfromcontinuingoperationsincludingportionattributabletononcontrollinginterest": 1429000000,
        "incomelossfromcontinuingoperationsattributabletononcontrollingentity": 21000000,
        "dividendspreferredstock": 45000000,
        "preferredstockdividendsandotheradjustments": 2000000,
        "netincomelossavailabletocommonstockholders": 1361000000,
        "earningspersharebasic": 3.23,
        "earningspersharediluted": 3.23,
        "weightedaveragenumberofsharesoutstandingbasic": 420000000,
        "weightedaveragenumberofdilutedsharesoutstanding": 420000000,
        "othercomprehensiveincomeavailableforsalesecuritiesadjustmentbeforetaxportionattributabletoparent": -6315000000,
        "othercomprehensiveincomelosscashflowhedgegainlossafterreclassificationbeforetaxparent": -1758000000,
        "othercomprehensiveincomedefinedbenefitplansadjustmentbeforetaxportionattributabletoparent": -54000000,
        "othercomprehensiveincomelossotheradjustmentsafterreclassificationadjustmentbeforetax": -3000000,
        "othercomprehensiveincomelossbeforetax": -8022000000,
        "othercomprehensiveincomelosstax": -1882000000,
        "othercomprehensiveincomelossnetoftax": -6140000000,
        "comprehensiveincomenetoftaxincludingportionattributabletononcontrollinginterest": -4711000000,
        "comprehensiveincomenetoftaxattributabletononcontrollinginterest": 21000000,
        "comprehensiveincomenetoftax": -4732000000
    },
    {
        "date": "2021-09-29",
        "symbol": "PNC",
        "period": "Q3",
        "interestandfeeincomeloansandleases": 2437000000,
        "interestanddividendincomesecurities": 460000000,
        "otherinterestanddividendincome": 78000000,
        "interestanddividendincomeoperating": 2975000000,
        "interestexpensedeposits": 29000000,
        "interestexpenseborrowings": 90000000,
        "interestexpense": 119000000,
        "interestincomeexpensenet": 2856000000,
        "noninterestincome": 248000000,
        "revenues": 5197000000,
        "financingreceivablecreditlossandoffbalancesheetcreditlossliabilityexpenserecovery": -203000000,
        "laborandrelatedexpense": 1986000000,
        "occupancynet": 248000000,
        "equipmentexpense": 355000000,
        "marketingandadvertisingexpense": 103000000,
        "othernoninterestexpense": 895000000,
        "noninterestexpense": 3587000000,
        "incomelossfromcontinuingoperationsbeforeincometaxesextraordinaryitemsnoncontrollinginterest": 1813000000,
        "incometaxexpensebenefit": 323000000,
        "incomelossfromcontinuingoperationsincludingportionattributabletononcontrollinginterest": 1490000000,
        "profitloss": 1490000000,
        "incomelossfromcontinuingoperationsattributabletononcontrollingentity": 16000000,
        "dividendspreferredstock": 57000000,
        "preferredstockdividendsandotheradjustments": 1000000,
        "netincomelossavailabletocommonstockholders": 1416000000,
        "incomelossfromcontinuingoperationsperbasicshare": 3.31,
        "earningspersharebasic": 3.31,
        "incomelossfromcontinuingoperationsperdilutedshare": 3.3,
        "earningspersharediluted": 3.3,
        "weightedaveragenumberofsharesoutstandingbasic": 426000000,
        "weightedaveragenumberofdilutedsharesoutstanding": 426000000,
        "othercomprehensiveincomeavailableforsalesecuritiesadjustmentbeforetaxportionattributabletoparent": -323000000,
        "othercomprehensiveincomelosscashflowhedgegainlossafterreclassificationbeforetaxparent": -174000000,
        "othercomprehensiveincomedefinedbenefitplansadjustmentbeforetaxportionattributabletoparent": -2000000,
        "othercomprehensiveincomelossotheradjustmentsafterreclassificationadjustmentbeforetax": 1000000,
        "othercomprehensiveincomelossbeforetax": -494000000,
        "othercomprehensiveincomelosstax": -110000000,
        "othercomprehensiveincomelossnetoftax": -384000000,
        "othercomprehensiveincomelossnetoftaxincludingdiscontinuedoperations": -384000000,
        "comprehensiveincomenetoftaxincludingportionattributabletononcontrollinginterest": 1106000000,
        "comprehensiveincomenetoftaxattributabletononcontrollinginterest": 16000000,
        "comprehensiveincomenetoftax": 1090000000
    },
    {
        "date": "2021-06-29",
        "symbol": "PNC",
        "period": "Q2",
        "interestandfeeincomeloansandleases": 2160000000,
        "interestanddividendincomesecurities": 469000000,
        "otherinterestanddividendincome": 72000000,
        "interestanddividendincomeoperating": 2701000000,
        "interestexpensedeposits": 30000000,
        "interestexpenseborrowings": 90000000,
        "interestexpense": 120000000,
        "interestincomeexpensenet": 2581000000,
        "noninterestincome": 239000000,
        "revenues": 4667000000,
        "financingreceivablecreditlossandoffbalancesheetcreditlossliabilityexpenserecovery": 302000000,
        "laborandrelatedexpense": 1640000000,
        "occupancynet": 217000000,
        "equipmentexpense": 326000000,
        "marketingandadvertisingexpense": 74000000,
        "othernoninterestexpense": 793000000,
        "noninterestexpense": 3050000000,
        "incomelossfromcontinuingoperationsbeforeincometaxesextraordinaryitemsnoncontrollinginterest": 1315000000,
        "incometaxexpensebenefit": 212000000,
        "incomelossfromcontinuingoperationsincludingportionattributabletononcontrollinginterest": 1103000000,
        "profitloss": 1103000000,
        "incomelossfromcontinuingoperationsattributabletononcontrollingentity": 4000000,
        "dividendspreferredstock": 48000000,
        "preferredstockdividendsandotheradjustments": 1000000,
        "netincomelossavailabletocommonstockholders": 1042000000,
        "incomelossfromcontinuingoperationsperbasicshare": 2.4299999999999997,
        "earningspersharebasic": 2.4299999999999997,
        "incomelossfromcontinuingoperationsperdilutedshare": 2.4300000000000006,
        "earningspersharediluted": 2.4300000000000006,
        "weightedaveragenumberofsharesoutstandingbasic": 0,
        "weightedaveragenumberofdilutedsharesoutstanding": 1000000,
        "othercomprehensiveincomeavailableforsalesecuritiesadjustmentbeforetaxportionattributabletoparent": 46000000,
        "othercomprehensiveincomelosscashflowhedgegainlossafterreclassificationbeforetaxparent": 222000000,
        "othercomprehensiveincomedefinedbenefitplansadjustmentbeforetaxportionattributabletoparent": 43000000,
        "othercomprehensiveincomelossotheradjustmentsafterreclassificationadjustmentbeforetax": 0,
        "othercomprehensiveincomelossbeforetax": 225000000,
        "othercomprehensiveincomelosstax": 52000000,
        "othercomprehensiveincomelossnetoftax": 173000000,
        "othercomprehensiveincomelossnetoftaxincludingdiscontinuedoperations": 173000000,
        "comprehensiveincomenetoftaxincludingportionattributabletononcontrollinginterest": 1276000000,
        "comprehensiveincomenetoftaxattributabletononcontrollinginterest": 12000000,
        "comprehensiveincomenetoftax": 1264000000
    },
    {
        "date": "2021-03-30",
        "symbol": "PNC",
        "period": "Q1",
        "interestandfeeincomeloansandleases": 1996000000,
        "interestanddividendincomesecurities": 421000000,
        "otherinterestanddividendincome": 66000000,
        "interestanddividendincomeoperating": 2483000000,
        "interestexpensedeposits": 40000000,
        "interestexpenseborrowings": 95000000,
        "interestexpense": 135000000,
        "interestincomeexpensenet": 2348000000,
        "noninterestincome": 226000000,
        "revenues": 4220000000,
        "financingreceivablecreditlossandoffbalancesheetcreditlossliabilityexpenserecovery": -551000000,
        "laborandrelatedexpense": 1477000000,
        "occupancynet": 215000000,
        "equipmentexpense": 293000000,
        "marketingandadvertisingexpense": 45000000,
        "othernoninterestexpense": 544000000,
        "noninterestexpense": 2574000000,
        "incomelossfromcontinuingoperationsbeforeincometaxesextraordinaryitemsnoncontrollinginterest": 2197000000,
        "incometaxexpensebenefit": 371000000,
        "incomelossfromcontinuingoperationsincludingportionattributabletononcontrollinginterest": 1826000000,
        "profitloss": 1826000000,
        "incomelossfromcontinuingoperationsattributabletononcontrollingentity": 10000000,
        "dividendspreferredstock": 57000000,
        "preferredstockdividendsandotheradjustments": 1000000,
        "netincomelossavailabletocommonstockholders": 1758000000,
        "incomelossfromcontinuingoperationsperbasicshare": 4.11,
        "earningspersharebasic": 4.11,
        "incomelossfromcontinuingoperationsperdilutedshare": 4.1,
        "earningspersharediluted": 4.1,
        "weightedaveragenumberofsharesoutstandingbasic": 426000000,
        "weightedaveragenumberofdilutedsharesoutstanding": 426000000,
        "othercomprehensiveincomeavailableforsalesecuritiesadjustmentbeforetaxportionattributabletoparent": -1194000000,
        "othercomprehensiveincomelosscashflowhedgegainlossafterreclassificationbeforetaxparent": -775000000,
        "othercomprehensiveincomedefinedbenefitplansadjustmentbeforetaxportionattributabletoparent": -30000000,
        "othercomprehensiveincomelossotheradjustmentsafterreclassificationadjustmentbeforetax": 1000000,
        "othercomprehensiveincomelossbeforetax": -1938000000,
        "othercomprehensiveincomelosstax": -458000000,
        "othercomprehensiveincomelossnetoftax": -1480000000,
        "othercomprehensiveincomelossnetoftaxincludingdiscontinuedoperations": -1480000000,
        "comprehensiveincomenetoftaxincludingportionattributabletononcontrollinginterest": 346000000,
        "comprehensiveincomenetoftaxattributabletononcontrollinginterest": 10000000,
        "comprehensiveincomenetoftax": 336000000
    },
    {
        "date": "2020-12-30",
        "symbol": "PNC",
        "period": "Q4",
        "interestandfeeincomeloansandleases": 2074000000,
        "interestanddividendincomesecurities": 442000000,
        "otherinterestanddividendincome": 60000000,
        "interestanddividendincomeoperating": 2576000000,
        "interestexpensedeposits": 53000000,
        "interestexpenseborrowings": 99000000,
        "interestexpense": 152000000,
        "interestincomeexpensenet": 2424000000,
        "noninterestincome": 221000000,
        "financingreceivablecreditlossandoffbalancesheetcreditlossliabilityexpenserecovery": -254000000,
        "laborandrelatedexpense": 1521000000,
        "occupancynet": 215000000,
        "equipmentexpense": 296000000,
        "marketingandadvertisingexpense": 64000000,
        "othernoninterestexpense": 612000000,
        "noninterestexpense": 2708000000,
        "incomelossfromcontinuingoperationsbeforeincometaxesextraordinaryitemsnoncontrollinginterest": 1754000000,
        "incometaxexpensebenefit": 298000000,
        "profitloss": 1456000000,
        "comprehensiveincomenetoftaxattributabletononcontrollinginterest": 14000000,
        "dividendspreferredstock": 48000000,
        "preferredstockdividendsandotheradjustments": 1000000,
        "netincomelossavailabletocommonstockholders": 1393000000,
        "earningspersharebasic": 3.259999999999997,
        "earningspersharediluted": 3.2600000000000025,
        "weightedaveragenumberofsharesoutstandingbasic": 0,
        "weightedaveragenumberofdilutedsharesoutstanding": -1000000,
        "othercomprehensiveincomelossbeforetax": -313000000,
        "othercomprehensiveincomelosstax": -86000000,
        "othercomprehensiveincomelossnetoftax": -227000000,
        "comprehensiveincomenetoftaxincludingportionattributabletononcontrollinginterest": 1229000000,
        "comprehensiveincomenetoftax": 1215000000
    },
    {
        "date": "2020-09-29",
        "symbol": "PNC",
        "period": "Q3",
        "interestandfeeincomeloansandleases": 2116000000,
        "interestanddividendincomesecurities": 490000000,
        "otherinterestanddividendincome": 70000000,
        "interestanddividendincomeoperating": 2676000000,
        "interestexpensedeposits": 74000000,
        "interestexpenseborrowings": 118000000,
        "interestexpense": 192000000,
        "interestincomeexpensenet": 2484000000,
        "noninterestincome": 34000000,
        "noninterestincomeotheroperatingincome": 457000000,
        "revenuefromcontractwithcustomerexcludingassessedtax": 4100000000,
        "financingreceivablecreditlossandoffbalancesheetcreditlossliabilityexpenserecovery": 52000000,
        "laborandrelatedexpense": 1410000000,
        "occupancynet": 205000000,
        "equipmentexpense": 292000000,
        "marketingandadvertisingexpense": 67000000,
        "othernoninterestexpense": 557000000,
        "noninterestexpense": 2531000000,
        "incomelossfromcontinuingoperationsbeforeincometaxesextraordinaryitemsnoncontrollinginterest": 1517000000,
        "incometaxexpensebenefit": 141000000,
        "profitloss": 1532000000,
        "comprehensiveincomenetoftaxattributabletononcontrollinginterest": 13000000,
        "dividendspreferredstock": 63000000,
        "preferredstockdividendsandotheradjustments": 1000000,
        "netincomelossavailabletocommonstockholders": 1455000000,
        "earningspersharebasic": 3.37,
        "earningspersharediluted": 3.3499999999999988,
        "weightedaveragenumberofsharesoutstandingbasic": -428000000,
        "weightedaveragenumberofdilutedsharesoutstanding": -428000000,
        "othercomprehensiveincomelossbeforetax": -73000000,
        "othercomprehensiveincomelosstax": -27000000,
        "othercomprehensiveincomelossnetoftax": -46000000,
        "comprehensiveincomenetoftaxincludingportionattributabletononcontrollinginterest": 1460000000,
        "comprehensiveincomenetoftax": 1447000000
    },
    {
        "date": "2020-06-29",
        "symbol": "PNC",
        "period": "Q2",
        "interestandfeeincomeloansandleases": 2257000000,
        "interestanddividendincomesecurities": 527000000,
        "otherinterestanddividendincome": 71000000,
        "interestanddividendincomeoperating": 2855000000,
        "interestexpensedeposits": 141000000,
        "interestexpenseborrowings": 187000000,
        "interestexpense": 328000000,
        "interestincomeexpensenet": 2527000000,
        "noninterestincome": 199000000,
        "noninterestincomeotheroperatingincome": 271000000,
        "revenuefromcontractwithcustomerexcludingassessedtax": 4076000000,
        "financingreceivablecreditlossandoffbalancesheetcreditlossliabilityexpenserecovery": 2463000000,
        "laborandrelatedexpense": 1373000000,
        "occupancynet": 199000000,
        "equipmentexpense": 301000000,
        "marketingandadvertisingexpense": 47000000,
        "othernoninterestexpense": 595000000,
        "noninterestexpense": 2515000000,
        "incomelossfromcontinuingoperationsbeforeincometaxesextraordinaryitemsnoncontrollinginterest": -902000000,
        "incometaxexpensebenefit": -158000000,
        "incomelossfromcontinuingoperationsincludingportionattributabletononcontrollinginterest": -744000000,
        "discontinuedoperationincomelossfromdiscontinuedoperationbeforeincometax": 5596000000,
        "discontinuedoperationtaxeffectofdiscontinuedoperation": 1197000000,
        "incomelossfromdiscontinuedoperationsnetoftaxattributabletoreportingentity": 4399000000,
        "profitloss": 3655000000,
        "comprehensiveincomenetoftaxattributabletononcontrollinginterest": 7000000,
        "dividendspreferredstock": 55000000,
        "preferredstockdividendsandotheradjustments": 1000000,
        "netincomelossavailabletocommonstockholders": 3592000000,
        "incomelossfromcontinuingoperationsperbasicshare": -1.9,
        "incomelossfromdiscontinuedoperationsnetoftaxperbasicshare": 10.28,
        "earningspersharebasic": 8.4,
        "incomelossfromcontinuingoperationsperdilutedshare": -1.9,
        "incomelossfromdiscontinuedoperationsnetoftaxperdilutedshare": 10.28,
        "earningspersharediluted": 8.4,
        "weightedaveragenumberofsharesoutstandingbasic": 426000000,
        "weightedaveragenumberofdilutedsharesoutstanding": 426000000,
        "othercomprehensiveincomelossavailableforsalesecuritiesadjustmentbeforetax": 620000000,
        "othercomprehensiveincomelosssecuritiesavailableforsalewithanallowanceforcreditlossesadjustmentbeforetax": -82000000,
        "othercomprehensiveincomelosscashflowhedgegainlossafterreclassificationbeforetax": 12000000,
        "othercomprehensiveincomelosspensionandotherpostretirementbenefitplansadjustmentbeforetax": 17000000,
        "othercomprehensiveincomeotheradjustmentspretaxperiodincreasedecrease1": 2000000,
        "othercomprehensiveincomelossbeforetax": 535000000,
        "othercomprehensiveincomelosstax": 125000000,
        "othercomprehensiveincomelossnetoftax": 410000000,
        "othercomprehensiveincomelossnetoftaxincludingdiscontinuedoperations": 551000000,
        "comprehensiveincomenetoftaxincludingportionattributabletononcontrollinginterest": 4206000000,
        "comprehensiveincomenetoftax": 4199000000
    },
    {
        "date": "2020-03-30",
        "symbol": "PNC",
        "period": "Q1",
        "interestandfeeincomeloansandleases": 2480000000,
        "interestanddividendincomesecurities": 582000000,
        "otherinterestanddividendincome": 138000000,
        "interestanddividendincomeoperating": 3200000000,
        "interestexpensedeposits": 375000000,
        "interestexpenseborrowings": 314000000,
        "interestexpense": 689000000,
        "interestincomeexpensenet": 2511000000,
        "noninterestincome": 382000000,
        "noninterestincomeotheroperatingincome": 343000000,
        "revenuefromcontractwithcustomerexcludingassessedtax": 4517000000,
        "financingreceivablecreditlossandoffbalancesheetcreditlossliabilityexpenserecovery": 914000000,
        "laborandrelatedexpense": 1369000000,
        "occupancynet": 207000000,
        "equipmentexpense": 287000000,
        "marketingandadvertisingexpense": 58000000,
        "othernoninterestexpense": 622000000,
        "noninterestexpense": 2543000000,
        "incomelossfromcontinuingoperationsbeforeincometaxesextraordinaryitemsnoncontrollinginterest": 1060000000,
        "incometaxexpensebenefit": 145000000,
        "profitloss": 915000000,
        "netincomelossattributabletononcontrollinginterest": 7000000,
        "dividendspreferredstock": 63000000,
        "preferredstockdividendsandotheradjustments": 1000000,
        "netincomelossavailabletocommonstockholders": 844000000,
        "earningspersharebasic": 1.96,
        "earningspersharediluted": 1.95,
        "weightedaveragenumberofsharesoutstandingbasic": 429000000,
        "weightedaveragenumberofdilutedsharesoutstanding": 430000000,
        "othercomprehensiveincomelossavailableforsalesecuritiesadjustmentbeforetax": 1487000000,
        "othercomprehensiveincomelosssecuritiesavailableforsalewithanallowanceforcreditlossesadjustmentbeforetax": -7000000,
        "othercomprehensiveincomelosscashflowhedgegainlossafterreclassificationbeforetax": 785000000,
        "othercomprehensiveincomelosspensionandotherpostretirementbenefitplansadjustmentbeforetax": -12000000,
        "othercomprehensiveincomeotheradjustmentspretaxperiodincreasedecrease1": -26000000,
        "othercomprehensiveincomelossbeforetax": 2251000000,
        "othercomprehensiveincomelosstax": 532000000,
        "othercomprehensiveincomelossnetoftax": 1719000000,
        "comprehensiveincomenetoftaxincludingportionattributabletononcontrollinginterest": 2634000000,
        "comprehensiveincomenetoftaxattributabletononcontrollinginterest": 7000000,
        "comprehensiveincomenetoftax": 2627000000
    },
    {
        "date": "2019-09-29",
        "symbol": "PNC",
        "period": "Q3",
        "interestandfeeincomeloansandleases": 2678000000,
        "interestanddividendincomesecurities": 617000000,
        "otherinterestanddividendincome": 208000000,
        "interestanddividendincomeoperating": 3503000000,
        "interestexpensedeposits": 531000000,
        "interestexpenseborrowings": 468000000,
        "interestexpense": 999000000,
        "interestincomeexpensenet": 2504000000,
        "noninterestincome": 464000000,
        "noninterestincomeotheroperatingincome": 342000000,
        "revenues": 4493000000,
        "provisionforloanleaseandotherlosses": 183000000,
        "laborandrelatedexpense": 1400000000,
        "occupancynet": 206000000,
        "equipmentexpense": 291000000,
        "marketingandadvertisingexpense": 76000000,
        "othernoninterestexpense": 650000000,
        "noninterestexpense": 2623000000,
        "incomelossfromcontinuingoperationsbeforeincometaxesextraordinaryitemsnoncontrollinginterest": 1687000000,
        "incometaxexpensebenefit": 295000000,
        "profitloss": 1392000000,
        "netincomelossattributabletononcontrollinginterest": 13000000,
        "dividendspreferredstock": 63000000,
        "preferredstockdividendsandotheradjustments": 1000000,
        "netincomelossavailabletocommonstockholders": 1315000000,
        "earningspersharebasic": 2.95,
        "earningspersharediluted": 2.94,
        "weightedaveragenumberofsharesoutstandingbasic": 444000000,
        "weightedaveragenumberofdilutedsharesoutstanding": 445000000,
        "othercomprehensiveincomelossnonottisecuritiesadjustmentbeforetax1": 196000000,
        "othercomprehensiveincomelossottisecuritiesadjustmentbeforetax": -18000000,
        "othercomprehensiveincomelosscashflowhedgegainlossafterreclassificationbeforetax": 79000000,
        "othercomprehensiveincomelosspensionandotherpostretirementbenefitplansadjustmentbeforetax": -2000000,
        "othercomprehensiveincomeotheradjustmentspretaxperiodincreasedecrease1": -19000000,
        "othercomprehensiveincomelossbeforetax": 276000000,
        "othercomprehensiveincomelosstax": 70000000,
        "othercomprehensiveincomelossnetoftax": 206000000,
        "comprehensiveincomenetoftaxincludingportionattributabletononcontrollinginterest": 1598000000,
        "comprehensiveincomenetoftaxattributabletononcontrollinginterest": 13000000,
        "comprehensiveincomenetoftax": 1585000000
    },
    {
        "date": "2018-09-29",
        "symbol": "PNC",
        "period": "Q3",
        "interestandfeeincomeloansandleases": 2452000000,
        "interestanddividendincomesecurities": 584000000,
        "otherinterestanddividendincome": 187000000,
        "interestanddividendincomeoperating": 3223000000,
        "interestexpensedeposits": 336000000,
        "interestexpenseborrowings": 421000000,
        "interestexpense": 757000000,
        "interestincomeexpensenet": 187000000,
        "investmentadvisorymanagementandadministrativefees": 486000000,
        "consumerservicesnoninterestincome": 377000000,
        "corporatebankingrevenue": 465000000,
        "residentialmortgagenoninterestincome": 76000000,
        "feesandcommissionsdepositoraccounts": 186000000,
        "noninterestincomeotheroperatingincome": 301000000,
        "noninterestincome": 184000000,
        "revenues": 371000000,
        "provisionforloanleaseandotherlosses": -14000000,
        "laborandrelatedexpense": 1413000000,
        "occupancynet": 195000000,
        "equipmentexpense": 264000000,
        "marketingandadvertisingexpense": 71000000,
        "othernoninterestexpense": 665000000,
        "noninterestexpense": 2608000000,
        "incomelossfromcontinuingoperationsbeforeincometaxesextraordinaryitemsnoncontrollinginterest": 105000000,
        "incometaxexpensebenefit": -70000000,
        "profitloss": 175000000,
        "netincomelossattributabletononcontrollinginterest": 11000000,
        "dividendspreferredstock": 63000000,
        "preferredstockdividendsandotheradjustments": 1000000,
        "netincomelossavailabletocommonstockholders": 1325000000,
        "earningspersharebasic": 2.84,
        "earningspersharediluted": 2.82,
        "weightedaveragenumberofsharesoutstandingbasic": 465000000,
        "weightedaveragenumberofdilutedsharesoutstanding": 467000000,
        "othercomprehensiveincomelossnonottisecuritiesadjustmentbeforetax1": -324000000,
        "othercomprehensiveincomelossottisecuritiesadjustmentbeforetax": 1000000,
        "othercomprehensiveincomelossderivativesqualifyingashedgesbeforetax": -71000000,
        "othercomprehensiveincomelosspensionandotherpostretirementbenefitplansadjustmentbeforetax": -1000000,
        "othercomprehensiveincomeotheradjustmentspretaxperiodincreasedecrease1": -17000000,
        "othercomprehensiveincomelossbeforetax": -412000000,
        "othercomprehensiveincomelosstax": -92000000,
        "othercomprehensiveincomelossnetoftax": -320000000,
        "comprehensiveincomenetoftaxincludingportionattributabletononcontrollinginterest": 1080000000,
        "comprehensiveincomenetoftaxattributabletononcontrollinginterest": 11000000,
        "comprehensiveincomenetoftax": 1069000000
    },
    {
        "date": "2018-06-29",
        "symbol": "PNC",
        "period": "Q2",
        "interestandfeeincomeloansandleases": 2345000000,
        "interestanddividendincomesecurities": 557000000,
        "otherinterestanddividendincome": 180000000,
        "interestanddividendincomeoperating": 3082000000,
        "interestexpensedeposits": 261000000,
        "interestexpenseborrowings": 408000000,
        "interestexpense": 669000000,
        "interestincomeexpensenet": 187000000,
        "investmentadvisorymanagementandadministrativefees": 456000000,
        "consumerservicesnoninterestincome": 381000000,
        "corporatebankingrevenue": 487000000,
        "residentialmortgagenoninterestincome": 84000000,
        "feesandcommissionsdepositoraccounts": 169000000,
        "noninterestincomeotheroperatingincome": 334000000,
        "noninterestincome": 144000000,
        "revenues": 331000000,
        "provisionforloanleaseandotherlosses": -14000000,
        "laborandrelatedexpense": 1356000000,
        "occupancynet": 203000000,
        "equipmentexpense": 281000000,
        "marketingandadvertisingexpense": 75000000,
        "othernoninterestexpense": 669000000,
        "noninterestexpense": 2584000000,
        "incomelossfromcontinuingoperationsbeforeincometaxesextraordinaryitemsnoncontrollinginterest": 73000000,
        "incometaxexpensebenefit": -34000000,
        "profitloss": 107000000,
        "netincomelossattributabletononcontrollinginterest": 10000000,
        "dividendspreferredstock": 55000000,
        "preferredstockdividendsandotheradjustments": 1000000,
        "netincomelossavailabletocommonstockholders": 1290000000,
        "earningspersharebasic": 2.74,
        "earningspersharediluted": 2.72,
        "weightedaveragenumberofsharesoutstandingbasic": 469000000,
        "weightedaveragenumberofdilutedsharesoutstanding": 472000000,
        "othercomprehensiveincomelossnonottisecuritiesadjustmentbeforetax1": -155000000,
        "othercomprehensiveincomelossottisecuritiesadjustmentbeforetax": -3000000,
        "othercomprehensiveincomelossderivativesqualifyingashedgesbeforetax": -113000000,
        "othercomprehensiveincomelosspensionandotherpostretirementbenefitplansadjustmentbeforetax": -6000000,
        "othercomprehensiveincomeotheradjustmentspretaxperiodincreasedecrease1": -35000000,
        "othercomprehensiveincomelossbeforetax": -294000000,
        "othercomprehensiveincomelosstax": -53000000,
        "othercomprehensiveincomelossnetoftax": -241000000,
        "comprehensiveincomenetoftaxincludingportionattributabletononcontrollinginterest": 1115000000,
        "comprehensiveincomenetoftaxattributabletononcontrollinginterest": 10000000,
        "comprehensiveincomenetoftax": 1105000000
    },
    {
        "date": "2017-09-29",
        "symbol": "PNC",
        "period": "Q3",
        "interestandfeeincomeloansandleases": 2140000000,
        "interestanddividendincomesecurities": 501000000,
        "otherinterestanddividendincome": 154000000,
        "interestanddividendincomeoperating": 2795000000,
        "interestexpensedeposits": 170000000,
        "interestexpenseborrowings": 280000000,
        "interestexpense": 450000000,
        "interestincomeexpensenet": 213000000,
        "investmentadvisorymanagementandadministrativefees": 421000000,
        "consumerservicesnoninterestincome": 357000000,
        "corporatebankingrevenue": 371000000,
        "residentialmortgagenoninterestincome": 104000000,
        "feesandcommissionsdepositoraccounts": 181000000,
        "noninterestincomeotheroperatingincome": 346000000,
        "noninterestincome": 156000000,
        "revenues": 369000000,
        "provisionforloanleaseandotherlosses": -12000000,
        "laborandrelatedexpense": 1274000000,
        "occupancynet": 204000000,
        "equipmentexpense": 259000000,
        "marketingandadvertisingexpense": 62000000,
        "othernoninterestexpense": 657000000,
        "noninterestexpense": 2456000000,
        "incomelossfromcontinuingoperationsbeforeincometaxesextraordinaryitemsnoncontrollinginterest": 113000000,
        "incometaxexpensebenefit": -52000000,
        "profitloss": 165000000,
        "netincomelossattributabletononcontrollinginterest": 12000000,
        "dividendspreferredstock": 63000000,
        "preferredstockdividendsandotheradjustments": 1000000,
        "netincomelossavailabletocommonstockholders": 1050000000,
        "earningspersharebasic": 2.18,
        "earningspersharediluted": 2.16,
        "weightedaveragenumberofsharesoutstandingbasic": 479000000,
        "weightedaveragenumberofdilutedsharesoutstanding": 483000000,
        "othercomprehensiveincomelossnonottisecuritiesadjustmentbeforetax": 61000000,
        "othercomprehensiveincomelossottisecuritiesadjustmentbeforetax": -66000000,
        "othercomprehensiveincomelossderivativesqualifyingashedgesbeforetax": -47000000,
        "othercomprehensiveincomelosspensionandotherpostretirementbenefitplansadjustmentbeforetax": -11000000,
        "othercomprehensiveincomeotheradjustmentspretaxperiodincreasedecrease": 6000000,
        "othercomprehensiveincomelossbeforetax": 97000000,
        "othercomprehensiveincomelosstax": 21000000,
        "othercomprehensiveincomelossnetoftax": 76000000,
        "comprehensiveincomenetoftaxincludingportionattributabletononcontrollinginterest": 1202000000,
        "comprehensiveincomenetoftaxattributabletononcontrollinginterest": 12000000,
        "comprehensiveincomenetoftax": 1190000000
    },
    {
        "date": "2017-06-29",
        "symbol": "PNC",
        "period": "Q2",
        "interestandfeeincomeloansandleases": 2040000000,
        "interestanddividendincomesecurities": 495000000,
        "otherinterestanddividendincome": 139000000,
        "interestanddividendincomeoperating": 2674000000,
        "interestexpensedeposits": 143000000,
        "interestexpenseborrowings": 273000000,
        "interestexpense": 416000000,
        "interestincomeexpensenet": 1139000000,
        "investmentadvisorymanagementandadministrativefees": 398000000,
        "consumerservicesnoninterestincome": 360000000,
        "corporatebankingrevenue": 434000000,
        "residentialmortgagenoninterestincome": 104000000,
        "feesandcommissionsdepositoraccounts": 170000000,
        "noninterestincomeotheroperatingincome": 336000000,
        "noninterestincome": 1802000000,
        "revenues": 290000000,
        "provisionforloanleaseandotherlosses": 50000000,
        "laborandrelatedexpense": 1263000000,
        "occupancynet": 202000000,
        "equipmentexpense": 281000000,
        "marketingandadvertisingexpense": 67000000,
        "othernoninterestexpense": 666000000,
        "noninterestexpense": 2479000000,
        "incomelossfromcontinuingoperationsbeforeincometaxesextraordinaryitemsnoncontrollinginterest": 99000000,
        "incometaxexpensebenefit": 386000000,
        "profitloss": 1097000000,
        "netincomelossattributabletononcontrollinginterest": 10000000,
        "dividendspreferredstock": 55000000,
        "preferredstockdividendsandotheradjustments": 2000000,
        "netincomelossavailabletocommonstockholders": 1030000000,
        "earningspersharebasic": 2.12,
        "earningspersharediluted": 2.1,
        "weightedaveragenumberofsharesoutstandingbasic": 484000000,
        "weightedaveragenumberofdilutedsharesoutstanding": 488000000,
        "othercomprehensiveincomelossnonottisecuritiesadjustmentbeforetax": 151000000,
        "othercomprehensiveincomelossottisecuritiesadjustmentbeforetax": -62000000,
        "othercomprehensiveincomelossderivativesqualifyingashedgesbeforetax": -10000000,
        "othercomprehensiveincomelosspensionandotherpostretirementbenefitplansadjustmentbeforetax": -45000000,
        "othercomprehensiveincomeotheradjustmentspretaxperiodincreasedecrease": 22000000,
        "othercomprehensiveincomelossbeforetax": 270000000,
        "othercomprehensiveincomelosstax": 89000000,
        "othercomprehensiveincomelossnetoftax": 181000000,
        "comprehensiveincomenetoftaxincludingportionattributabletononcontrollinginterest": 1278000000,
        "comprehensiveincomenetoftaxattributabletononcontrollinginterest": 10000000,
        "comprehensiveincomenetoftax": 1268000000
    },
    {
        "date": "2016-09-29",
        "symbol": "PNC",
        "period": "Q3",
        "interestandfeeincomeloansandleases": 1856000000,
        "interestanddividendincomesecurities": 451000000,
        "otherinterestanddividendincome": 101000000,
        "interestanddividendincomeoperating": 2408000000,
        "interestexpensedeposits": 107000000,
        "interestexpenseborrowings": 206000000,
        "interestexpense": 313000000,
        "interestincomeexpensenet": 28000000,
        "investmentadvisorymanagementandadministrativefees": 404000000,
        "consumerservicesnoninterestincome": 348000000,
        "corporatebankingrevenue": 389000000,
        "residentialmortgagenoninterestincome": 160000000,
        "feesandcommissionsdepositoraccounts": 174000000,
        "gainlossonsaleofsecuritiesnet": 7000000,
        "noninterestincomeotheroperatingincome": 252000000,
        "noninterestincome": 1734000000,
        "revenues": 3829000000,
        "provisionforloanleaseandotherlosses": -22000000,
        "laborandrelatedexpense": 1239000000,
        "occupancynet": 215000000,
        "equipmentexpense": 246000000,
        "marketingandadvertisingexpense": 72000000,
        "othernoninterestexpense": 622000000,
        "noninterestexpense": 2394000000,
        "incomelossfromcontinuingoperationsbeforeincometaxesextraordinaryitemsnoncontrollinginterest": 91000000,
        "incometaxexpensebenefit": 342000000,
        "profitloss": 1006000000,
        "netincomelossattributabletononcontrollinginterest": 18000000,
        "preferredstockdividendsandotheradjustments": 64000000,
        "netincomelossavailabletocommonstockholders": 924000000,
        "earningspersharebasic": 1.87,
        "earningspersharediluted": 1.84,
        "weightedaveragenumberofsharesoutstandingbasic": 490000000,
        "weightedaveragenumberofdilutedsharesoutstanding": 496000000,
        "othercomprehensiveincomelossnonottisecuritiesadjustmentbeforetax": -25000000,
        "othercomprehensiveincomelossottisecuritiesadjustmentbeforetax": -38000000,
        "othercomprehensiveincomelossderivativesqualifyingashedgesbeforetax": -125000000,
        "othercomprehensiveincomelosspensionandotherpostretirementbenefitplansadjustmentbeforetax": -11000000,
        "othercomprehensiveincomeotheradjustmentspretaxperiodincreasedecrease": -25000000,
        "othercomprehensiveincomelossbeforetax": -126000000,
        "othercomprehensiveincomelosstax": -36000000,
        "othercomprehensiveincomelossnetoftax": -90000000,
        "comprehensiveincomenetoftaxincludingportionattributabletononcontrollinginterest": 916000000,
        "comprehensiveincomenetoftaxattributabletononcontrollinginterest": 18000000,
        "comprehensiveincomenetoftax": 898000000
    },
    {
        "date": "2015-09-29",
        "symbol": "PNC",
        "period": "Q3",
        "interestandfeeincomeloansandleases": 1804000000,
        "interestanddividendincomesecurities": 423000000,
        "otherinterestanddividendincome": 114000000,
        "interestanddividendincomeoperating": 2341000000,
        "interestexpensedeposits": 107000000,
        "interestexpenseborrowings": 172000000,
        "interestexpense": 279000000,
        "interestincomeexpensenet": 90000000,
        "investmentadvisorymanagementandadministrativefees": 376000000,
        "consumerservicesnoninterestincome": 341000000,
        "corporatebankingrevenue": 384000000,
        "residentialmortgagenoninterestincome": 125000000,
        "feesandcommissionsdepositoraccounts": 172000000,
        "gainlossonsaleofsecuritiesnet": -9000000,
        "noninterestincomeotheroperatingincome": 324000000,
        "noninterestincome": 476000000,
        "revenues": 166000000,
        "provisionforloanleaseandotherlosses": 57000000,
        "laborandrelatedexpense": 1222000000,
        "occupancynet": 209000000,
        "equipmentexpense": 227000000,
        "marketingandadvertisingexpense": 64000000,
        "othernoninterestexpense": 630000000,
        "noninterestexpense": 2352000000,
        "incomelossfromcontinuingoperationsbeforeincometaxesextraordinaryitemsnoncontrollinginterest": -156000000,
        "incometaxexpensebenefit": 40000000,
        "profitloss": 502000000,
        "netincomelossattributabletononcontrollinginterest": 18000000,
        "preferredstockdividendsandotheradjustments": 64000000,
        "netincomelossavailabletocommonstockholders": 991000000,
        "earningspersharebasic": 1.93,
        "earningspersharediluted": 1.9,
        "weightedaveragenumberofsharesoutstandingbasic": 512000000,
        "weightedaveragenumberofdilutedsharesoutstanding": 520000000,
        "othercomprehensiveincomelossnonottisecuritiesadjustmentbeforetax": 154000000,
        "othercomprehensiveincomelossottisecuritiesadjustmentbeforetax": -4000000,
        "othercomprehensiveincomelossderivativesqualifyingashedgesbeforetax": 234000000,
        "othercomprehensiveincomelosspensionandotherpostretirementbenefitplansadjustmentbeforetax": -7000000,
        "othercomprehensiveincomeotheradjustmentspretaxperiodincreasedecrease": -1000000,
        "othercomprehensiveincomelossbeforetax": 398000000,
        "othercomprehensiveincomelosstax": 162000000,
        "othercomprehensiveincomelossnetoftax": 236000000,
        "comprehensiveincomenetoftaxincludingportionattributabletononcontrollinginterest": 1309000000,
        "comprehensiveincomenetoftaxattributabletononcontrollinginterest": 18000000,
        "comprehensiveincomenetoftax": 1291000000
    },
    {
        "date": "2015-06-29",
        "symbol": "PNC",
        "period": "Q2",
        "interestandfeeincomeloansandleases": 1791000000,
        "interestanddividendincomesecurities": 407000000,
        "otherinterestanddividendincome": 107000000,
        "interestanddividendincomeoperating": 2305000000,
        "interestexpensedeposits": 98000000,
        "interestexpenseborrowings": 155000000,
        "interestexpense": 253000000,
        "interestincomeexpensenet": -31000000,
        "investmentadvisorymanagementandadministrativefees": 416000000,
        "consumerservicesnoninterestincome": 334000000,
        "corporatebankingrevenue": 369000000,
        "residentialmortgagenoninterestincome": 164000000,
        "feesandcommissionsdepositoraccounts": 156000000,
        "gainlossonsaleofsecuritiesnet": 8000000,
        "noninterestincomeotheroperatingincome": 367000000,
        "noninterestincome": 129000000,
        "revenues": 98000000,
        "provisionforloanleaseandotherlosses": -13000000,
        "laborandrelatedexpense": 1200000000,
        "occupancynet": 209000000,
        "equipmentexpense": 231000000,
        "marketingandadvertisingexpense": 67000000,
        "othernoninterestexpense": 659000000,
        "noninterestexpense": 2366000000,
        "incomelossfromcontinuingoperationsbeforeincometaxesextraordinaryitemsnoncontrollinginterest": -79000000,
        "incometaxexpensebenefit": -102000000,
        "profitloss": 23000000,
        "netincomelossattributabletononcontrollinginterest": 4000000,
        "preferredstockdividendsandotheradjustments": 48000000,
        "netincomelossavailabletocommonstockholders": 992000000,
        "earningspersharebasic": 1.92,
        "earningspersharediluted": 1.88,
        "weightedaveragenumberofsharesoutstandingbasic": 517000000,
        "weightedaveragenumberofdilutedsharesoutstanding": 525000000,
        "othercomprehensiveincomelossnonottisecuritiesadjustmentbeforetax": -365000000,
        "othercomprehensiveincomelossottisecuritiesadjustmentbeforetax": -4000000,
        "othercomprehensiveincomelossderivativesqualifyingashedgesbeforetax": -170000000,
        "othercomprehensiveincomelosspensionandotherpostretirementbenefitplansadjustmentbeforetax": 10000000,
        "othercomprehensiveincomeotheradjustmentspretaxperiodincreasedecrease": -9000000,
        "othercomprehensiveincomelossbeforetax": -550000000,
        "othercomprehensiveincomelosstax": -226000000,
        "othercomprehensiveincomelossnetoftax": -324000000,
        "comprehensiveincomenetoftaxincludingportionattributabletononcontrollinginterest": 720000000,
        "comprehensiveincomenetoftaxattributabletononcontrollinginterest": 4000000,
        "comprehensiveincomenetoftax": 716000000
    },
    {
        "date": "2014-09-29",
        "symbol": "PNC",
        "period": "Q3",
        "interestandfeeincomeloansandleases": 1848000000,
        "interestanddividendincomesecurities": 387000000,
        "otherinterestanddividendincome": 93000000,
        "interestanddividendincomeoperating": 2328000000,
        "interestexpensedeposits": 81000000,
        "interestexpenseborrowings": 143000000,
        "interestexpense": 224000000,
        "interestincomeexpensenet": 983000000,
        "investmentadvisorymanagementandadministrativefees": 411000000,
        "consumerservicesnoninterestincome": 320000000,
        "corporatebankingrevenue": 374000000,
        "residentialmortgagenoninterestincome": 140000000,
        "feesandcommissionsdepositoraccounts": 179000000,
        "impairmentofinvestments": 2000000,
        "otherthantemporaryimpairmentlossesinvestmentsportioninothercomprehensiveincomelossbeforetaxincludingportionattributabletononcontrollinginterest": -1000000,
        "otherthantemporaryimpairmentlossesinvestmentsportionrecognizedinearningsnet": 1000000,
        "noninterestincomeotheroperatingincome": 314000000,
        "noninterestincome": 536000000,
        "revenues": 1519000000,
        "provisionforloanleaseandotherlosses": 74000000,
        "laborandrelatedexpense": 1189000000,
        "occupancynet": 200000000,
        "equipmentexpense": 220000000,
        "marketingandadvertisingexpense": 66000000,
        "othernoninterestexpense": 682000000,
        "noninterestexpense": 2357000000,
        "incomelossfromcontinuingoperationsbeforeincometaxesextraordinaryitemsnoncontrollinginterest": 270000000,
        "incometaxexpensebenefit": 97000000,
        "profitloss": 173000000,
        "netincomelossattributabletononcontrollinginterest": 1000000,
        "preferredstockdividendsandotheradjustments": 71000000,
        "netincomelossavailabletocommonstockholders": 966000000,
        "earningspersharebasic": 1.82,
        "earningspersharediluted": 1.79,
        "weightedaveragenumberofsharesoutstandingbasic": 529000000,
        "weightedaveragenumberofdilutedsharesoutstanding": 537000000,
        "othercomprehensiveincomelossnonottisecuritiesadjustmentbeforetax": -132000000,
        "othercomprehensiveincomelossottisecuritiesadjustmentbeforetax": -15000000,
        "othercomprehensiveincomelossderivativesqualifyingashedgesbeforetax": -81000000,
        "othercomprehensiveincomelosspensionandotherpostretirementbenefitplansadjustmentbeforetax": 2000000,
        "othercomprehensiveincomeotheradjustmentspretaxperiodincreasedecrease": -12000000,
        "othercomprehensiveincomelossbeforetax": -212000000,
        "othercomprehensiveincomelosstax": -58000000,
        "othercomprehensiveincomelossnetoftax": -154000000,
        "comprehensiveincomenetoftaxincludingportionattributabletononcontrollinginterest": 884000000,
        "comprehensiveincomenetoftaxattributabletononcontrollinginterest": 1000000,
        "comprehensiveincomenetoftax": 883000000
    },
    {
        "date": "2013-06-29",
        "symbol": "PNC",
        "period": "Q2",
        "interestandfeeincomeloansandleases": 1955000000,
        "interestanddividendincomesecurities": 422000000,
        "otherinterestanddividendincome": 92000000,
        "interestanddividendincomeoperating": 2469000000,
        "interestexpensedeposits": 86000000,
        "interestexpenseborrowings": 125000000,
        "interestexpense": 211000000,
        "interestincomeexpensenet": 1012000000,
        "assetmanagementfees": 340000000,
        "consumerservicesnoninterestincome": 314000000,
        "corporatebankingrevenue": 326000000,
        "residentialmortgagenoninterestincome": 167000000,
        "feesandcommissionsdepositoraccounts": 147000000,
        "gainlossonsaleofsecuritiesnet": 61000000,
        "impairmentofinvestments": 10000000,
        "otherthantemporaryimpairmentlossesinvestmentsportioninothercomprehensiveincomelossbeforetaxincludingportionattributabletononcontrollinginterest": -6000000,
        "otherthantemporaryimpairmentlossesinvestmentsportionrecognizedinearningsnet": 1000000,
        "noninterestincomeotheroperatingincome": 455000000,
        "noninterestincome": 542000000,
        "revenues": 1554000000,
        "provisionforloanleaseandotherlosses": 148000000,
        "laborandrelatedexpense": 1186000000,
        "occupancynet": 206000000,
        "equipmentexpense": 189000000,
        "marketingandadvertisingexpense": 67000000,
        "othernoninterestexpense": 787000000,
        "noninterestexpense": 2435000000,
        "incomelossfromcontinuingoperationsbeforeincometaxesextraordinaryitemsnoncontrollinginterest": 250000000,
        "incometaxexpensebenefit": 92000000,
        "profitloss": 158000000,
        "incomelossfromcontinuingoperationsattributabletononcontrollingentity": 1000000,
        "preferredstockdividendsandotheradjustments": 53000000,
        "netincomelossattributabletocommonstockholders": 1069000000,
        "earningspersharebasic": 2.02,
        "earningspersharediluted": 1.99,
        "weightedaveragenumberofsharesoutstandingbasic": 528000000,
        "weightedaveragenumberofdilutedsharesoutstanding": 531000000,
        "othercomprehensiveincomelossnonottisecuritiesadjustmentbeforetax": -793000000,
        "othercomprehensiveincomelossottisecuritiesadjustmentbeforetax": 45000000,
        "othercomprehensiveincomelossderivativesqualifyingashedgesbeforetax": -281000000,
        "othercomprehensiveincomelosspensionandotherpostretirementbenefitplansadjustmentbeforetax": -7000000,
        "othercomprehensiveincomeotheradjustmentspretaxperiodincreasedecrease": -7000000,
        "othercomprehensiveincomelossbeforetax": -1119000000,
        "othercomprehensiveincomelosstax": -397000000,
        "othercomprehensiveincomelossnetoftax": -722000000,
        "comprehensiveincomenetoftaxincludingportionattributabletononcontrollinginterest": 401000000,
        "comprehensiveincomenetoftaxattributabletononcontrollinginterest": 1000000,
        "comprehensiveincomenetoftax": 400000000
    }
]