[
    {
        "date": "2024-09-27",
        "symbol": "AMD",
        "period": "Q3",
        "revenuefromcontractwithcustomerexcludingassessedtax": 6819000000,
        "costofgoodsandserviceexcludingdepreciationdepletionandamortization": 3167000000,
        "amortizationofacquisitionrelatedintangiblescogs": 233000000,
        "costofgoodsandservicessold": 3400000000,
        "grossprofit": 3419000000,
        "researchanddevelopmentexpense": 1636000000,
        "sellinggeneralandadministrativeexpense": 721000000,
        "amortizationofacquisitionrelatedintangiblesopex": 352000000,
        "gainonlicensingagreement": 14000000,
        "operatingincomeloss": 724000000,
        "interestexpense": 23000000,
        "othernonoperatingincomeexpense": 36000000,
        "incomelossfromcontinuingoperationsbeforeincometaxesminorityinterestandincomelossfromequitymethodinvestments": 737000000,
        "incometaxexpensebenefit": -27000000,
        "incomelossfromequitymethodinvestments": 7000000,
        "netincomeloss": 771000000,
        "earningspersharebasic": 0.48,
        "earningspersharediluted": 0.47,
        "weightedaveragenumberofsharesoutstandingbasic": 1620000000,
        "weightedaveragenumberofdilutedsharesoutstanding": 1636000000,
        "othercomprehensiveincomelosscashflowhedgegainlossafterreclassificationandtax": 31000000,
        "comprehensiveincomenetoftax": 802000000
    },
    {
        "date": "2024-06-28",
        "symbol": "AMD",
        "period": "Q2",
        "revenuefromcontractwithcustomerexcludingassessedtax": 5835000000,
        "costofgoodsandserviceexcludingdepreciationdepletionandamortization": 2740000000,
        "amortizationofacquisitionrelatedintangiblescogs": 231000000,
        "costofgoodsandservicessold": 2971000000,
        "grossprofit": 2864000000,
        "researchanddevelopmentexpense": 1583000000,
        "sellinggeneralandadministrativeexpense": 650000000,
        "amortizationofacquisitionrelatedintangiblesopex": 372000000,
        "gainonlicensingagreement": 10000000,
        "operatingincomeloss": 269000000,
        "interestexpense": 25000000,
        "othernonoperatingincomeexpense": 55000000,
        "incomelossfromcontinuingoperationsbeforeincometaxesminorityinterestandincomelossfromequitymethodinvestments": 299000000,
        "incometaxexpensebenefit": 41000000,
        "incomelossfromequitymethodinvestments": 7000000,
        "netincomeloss": 265000000,
        "earningspersharebasic": 0.16,
        "earningspersharediluted": 0.16,
        "weightedaveragenumberofsharesoutstandingbasic": 1618000000,
        "weightedaveragenumberofdilutedsharesoutstanding": 1637000000,
        "othercomprehensiveincomelosscashflowhedgegainlossafterreclassificationandtax": -1000000,
        "comprehensiveincomenetoftax": 264000000
    },
    {
        "date": "2024-03-29",
        "symbol": "AMD",
        "period": "Q1",
        "revenuefromcontractwithcustomerexcludingassessedtax": 5473000000,
        "costofgoodsandserviceexcludingdepreciationdepletionandamortization": 2683000000,
        "amortizationofacquisitionrelatedintangiblescogs": 230000000,
        "costofgoodsandservicessold": 2913000000,
        "grossprofit": 2560000000,
        "researchanddevelopmentexpense": 1525000000,
        "sellinggeneralandadministrativeexpense": 620000000,
        "amortizationofacquisitionrelatedintangiblesopex": 392000000,
        "gainonlicensingagreement": 13000000,
        "operatingincomeloss": 36000000,
        "interestexpense": 25000000,
        "othernonoperatingincomeexpense": 53000000,
        "incomelossfromcontinuingoperationsbeforeincometaxesminorityinterestandincomelossfromequitymethodinvestments": 64000000,
        "incometaxexpensebenefit": -52000000,
        "incomelossfromequitymethodinvestments": 7000000,
        "netincomeloss": 123000000,
        "earningspersharebasic": 0.08,
        "earningspersharediluted": 0.07,
        "weightedaveragenumberofsharesoutstandingbasic": 1617000000,
        "weightedaveragenumberofdilutedsharesoutstanding": 1639000000,
        "othercomprehensiveincomelosscashflowhedgegainlossafterreclassificationandtax": -22000000,
        "comprehensiveincomenetoftax": 101000000
    },
    {
        "date": "2023-12-29",
        "symbol": "AMD",
        "period": "Q4",
        "revenuefromcontractwithcustomerexcludingassessedtax": 13859000000,
        "costofgoodsandserviceexcludingdepreciationdepletionandamortization": 3042000000,
        "costofgoodsandservicessold": 3257000000,
        "grossprofit": 2911000000,
        "researchanddevelopmentexpense": 1511000000,
        "sellinggeneralandadministrativeexpense": 644000000,
        "operatingincomeloss": 2490000000,
        "interestexpense": 27000000,
        "othernonoperatingincomeexpense": 49000000,
        "incomelossfromcontinuingoperationsbeforeincometaxesminorityinterestandincomelossfromequitymethodinvestments": 364000000,
        "incometaxexpensebenefit": -297000000,
        "incomelossfromequitymethodinvestments": 6000000,
        "netincomeloss": 667000000,
        "earningspersharebasic": 0.42000000000000004,
        "earningspersharediluted": 0.42000000000000004,
        "weightedaveragenumberofsharesoutstandingbasic": 1614000000,
        "weightedaveragenumberofdilutedsharesoutstanding": 1625000000,
        "othercomprehensiveincomelosscashflowhedgegainlossafterreclassificationandtax": 58000000,
        "comprehensiveincomenetoftax": 707000000
    },
    {
        "date": "2023-09-29",
        "symbol": "AMD",
        "period": "Q3",
        "revenuefromcontractwithcustomerexcludingassessedtax": 5800000000,
        "costofgoodsandserviceexcludingdepreciationdepletionandamortization": 2843000000,
        "amortizationofacquisitionrelatedintangiblescogs": 210000000,
        "costofgoodsandservicessold": 3053000000,
        "grossprofit": 2747000000,
        "researchanddevelopmentexpense": 1507000000,
        "sellinggeneralandadministrativeexpense": 576000000,
        "amortizationofacquisitionrelatedintangiblesopex": 450000000,
        "gainonlicensingagreement": 10000000,
        "operatingincomeloss": 224000000,
        "interestexpense": 26000000,
        "othernonoperatingincomeexpense": 59000000,
        "incomelossfromcontinuingoperationsbeforeincometaxesminorityinterestandincomelossfromequitymethodinvestments": 257000000,
        "incometaxexpensebenefit": -39000000,
        "incomelossfromequitymethodinvestments": 3000000,
        "netincomeloss": 299000000,
        "earningspersharebasic": 0.18,
        "earningspersharediluted": 0.18,
        "weightedaveragenumberofsharesoutstandingbasic": 1616000000,
        "weightedaveragenumberofdilutedsharesoutstanding": 1629000000,
        "othercomprehensiveincomelosscashflowhedgegainlossafterreclassificationandtax": -18000000,
        "comprehensiveincomenetoftax": 281000000
    },
    {
        "date": "2023-06-30",
        "symbol": "AMD",
        "period": "Q2",
        "revenuefromcontractwithcustomerexcludingassessedtax": 1459000000,
        "costofgoodsandserviceexcludingdepreciationdepletionandamortization": 2704000000,
        "amortizationofacquisitionrelatedintangiblescogs": 212000000,
        "costofgoodsandservicessold": 2916000000,
        "grossprofit": 2443000000,
        "researchanddevelopmentexpense": 1443000000,
        "sellinggeneralandadministrativeexpense": 547000000,
        "amortizationofacquisitionrelatedintangiblesopex": 481000000,
        "gainonlicensingagreement": 8000000,
        "operatingincomeloss": -1080000000,
        "interestexpense": 28000000,
        "othernonoperatingincomeexpense": 46000000,
        "incomelossfromcontinuingoperationsbeforeincometaxesminorityinterestandincomelossfromequitymethodinvestments": -2000000,
        "incometaxexpensebenefit": -23000000,
        "incomelossfromequitymethodinvestments": 6000000,
        "netincomeloss": 27000000,
        "earningspersharebasic": 0.02,
        "earningspersharediluted": 0.02,
        "weightedaveragenumberofsharesoutstandingbasic": 1612000000,
        "weightedaveragenumberofdilutedsharesoutstanding": 1627000000,
        "othercomprehensiveincomelosscashflowhedgegainlossafterreclassificationandtax": 11000000,
        "comprehensiveincomenetoftax": 16000000
    },
    {
        "date": "2023-03-31",
        "symbol": "AMD",
        "period": "Q1",
        "revenuefromcontractwithcustomerexcludingassessedtax": 1562000000,
        "costofgoodsandserviceexcludingdepreciationdepletionandamortization": 2689000000,
        "amortizationofacquisitionrelatedintangiblescogs": 305000000,
        "costofgoodsandservicessold": 2994000000,
        "grossprofit": 2359000000,
        "researchanddevelopmentexpense": 1411000000,
        "sellinggeneralandadministrativeexpense": 585000000,
        "amortizationofacquisitionrelatedintangiblesopex": 518000000,
        "gainonlicensingagreement": 10000000,
        "operatingincomeloss": -1233000000,
        "interestexpense": 25000000,
        "othernonoperatingincomeexpense": 43000000,
        "incomelossfromcontinuingoperationsbeforeincometaxesminorityinterestandincomelossfromequitymethodinvestments": -127000000,
        "incometaxexpensebenefit": 13000000,
        "incomelossfromequitymethodinvestments": 1000000,
        "netincomeloss": -139000000,
        "earningspersharebasic": -0.09,
        "earningspersharediluted": -0.09,
        "weightedaveragenumberofsharesoutstandingbasic": 1611000000,
        "weightedaveragenumberofdilutedsharesoutstanding": 1611000000,
        "othercomprehensiveincomelosscashflowhedgegainlossafterreclassificationandtax": -20000000,
        "comprehensiveincomenetoftax": -119000000
    },
    {
        "date": "2022-12-30",
        "symbol": "AMD",
        "period": "Q4",
        "revenuefromcontractwithcustomerexcludingassessedtax": -4440000000,
        "costofgoodsandserviceexcludingdepreciationdepletionandamortization": 2753000000,
        "costofgoodsandservicessold": 3196000000,
        "grossprofit": 2403000000,
        "researchanddevelopmentexpense": 1366000000,
        "sellinggeneralandadministrativeexpense": 590000000,
        "operatingincomeloss": 8635000000,
        "interestexpense": 19000000,
        "othernonoperatingincomeexpense": 32000000,
        "incomelossfromcontinuingoperationsbeforeincometaxesminorityinterestandincomelossfromequitymethodinvestments": -136000000,
        "incometaxexpensebenefit": -509000000,
        "incomelossfromequitymethodinvestments": 3000000,
        "netincomeloss": 21000000,
        "earningspersharebasic": -0.030000000000000138,
        "earningspersharediluted": -0.030000000000000138,
        "weightedaveragenumberofsharesoutstandingbasic": -3065000000,
        "weightedaveragenumberofdilutedsharesoutstanding": -3096000000,
        "comprehensiveincomenetoftax": 68000000
    },
    {
        "date": "2022-09-23",
        "symbol": "AMD",
        "period": "Q3",
        "revenuefromcontractwithcustomerexcludingassessedtax": 1303000000,
        "costofgoodsandserviceexcludingdepreciationdepletionandamortization": 2799000000,
        "amortizationofacquisitionrelatedintangiblescogs": 412000000,
        "costofgoodsandservicessold": 3211000000,
        "grossprofit": 2354000000,
        "researchanddevelopmentexpense": 1279000000,
        "sellinggeneralandadministrativeexpense": 557000000,
        "amortizationofacquisitionrelatedintangiblesopex": 590000000,
        "gainonlicensingagreement": 8000000,
        "operatingincomeloss": -1320000000,
        "interestexpense": 31000000,
        "othernonoperatingincomeexpense": 22000000,
        "incomelossfromcontinuingoperationsbeforeincometaxesminorityinterestandincomelossfromequitymethodinvestments": -73000000,
        "incometaxexpensebenefit": 209000000,
        "incomelossfromequitymethodinvestments": 4000000,
        "netincomeloss": 66000000,
        "earningspersharebasic": 0.04,
        "earningspersharediluted": 0.04,
        "weightedaveragenumberofsharesoutstandingbasic": 1615000000,
        "weightedaveragenumberofdilutedsharesoutstanding": 1625000000,
        "othercomprehensiveincomelosscashflowhedgegainlossafterreclassificationandtax": 55000000,
        "comprehensiveincomenetoftax": 11000000
    },
    {
        "date": "2022-06-24",
        "symbol": "AMD",
        "period": "Q2",
        "revenuefromcontractwithcustomerexcludingassessedtax": 1257000000,
        "costofgoodsandserviceexcludingdepreciationdepletionandamortization": 3115000000,
        "costofgoodsandservicessold": 3522000000,
        "amortizationofintangibleassets": 1000000000,
        "grossprofit": 3028000000,
        "researchanddevelopmentexpense": 1300000000,
        "sellinggeneralandadministrativeexpense": 592000000,
        "gainonlicensingagreement": 6000000,
        "operatingincomeloss": -1450000000,
        "interestexpense": 25000000,
        "othernonoperatingincomeexpense": -4000000,
        "incomelossfromcontinuingoperationsbeforeincometaxesminorityinterestandincomelossfromequitymethodinvestments": 497000000,
        "incometaxexpensebenefit": 65000000,
        "incomelossfromequitymethodinvestments": 4000000,
        "netincomeloss": 447000000,
        "earningspersharebasic": 0.28,
        "earningspersharediluted": 0.27,
        "weightedaveragenumberofsharesoutstandingbasic": 1618000000,
        "weightedaveragenumberofdilutedsharesoutstanding": 1632000000,
        "othercomprehensiveincomelosscashflowhedgegainlossafterreclassificationandtax": 31000000,
        "comprehensiveincomenetoftax": 416000000
    },
    {
        "date": "2022-03-25",
        "symbol": "AMD",
        "period": "Q1",
        "revenuefromcontractwithcustomerexcludingassessedtax": 2526000000,
        "costofgoodsandserviceexcludingdepreciationdepletionandamortization": 2883000000,
        "costofgoodsandservicessold": 3069000000,
        "amortizationofintangibleassets": 479000000,
        "grossprofit": 2818000000,
        "researchanddevelopmentexpense": 1060000000,
        "sellinggeneralandadministrativeexpense": 597000000,
        "gainonlicensingagreement": 83000000,
        "operatingincomeloss": -886000000,
        "interestexpense": 13000000,
        "othernonoperatingincomeexpense": -42000000,
        "incomelossfromcontinuingoperationsbeforeincometaxesminorityinterestandincomelossfromequitymethodinvestments": 896000000,
        "incometaxexpensebenefit": 113000000,
        "incomelossfromequitymethodinvestments": 3000000,
        "netincomeloss": 786000000,
        "earningspersharebasic": 0.56,
        "earningspersharediluted": 0.56,
        "weightedaveragenumberofsharesoutstandingbasic": 1393000000,
        "weightedaveragenumberofdilutedsharesoutstanding": 1410000000,
        "comprehensiveincomenetoftax": 787000000
    },
    {
        "date": "2021-12-24",
        "symbol": "AMD",
        "period": "Q4",
        "revenuefromcontractwithcustomerexcludingassessedtax": -4288000000,
        "costofgoodsandservicessold": 2400000000,
        "grossprofit": 2426000000,
        "researchanddevelopmentexpense": 811000000,
        "sellinggeneralandadministrativeexpense": 412000000,
        "operatingincomeloss": -121000000,
        "interestexpense": 8000000,
        "incomelossfromcontinuingoperationsbeforeincometaxesminorityinterestandincomelossfromequitymethodinvestments": 1203000000,
        "incometaxexpensebenefit": 229000000,
        "incomelossfromequitymethodinvestments": 0,
        "netincomeloss": 974000000,
        "earningspersharebasic": 0.8099999999999998,
        "earningspersharediluted": 0.7899999999999998,
        "weightedaveragenumberofsharesoutstandingbasic": -1215000000,
        "othercomprehensiveincomelosscashflowhedgegainlossafterreclassificationandtax": -3000000,
        "comprehensiveincomenetoftax": 971000000
    },
    {
        "date": "2021-09-24",
        "symbol": "AMD",
        "period": "Q3",
        "revenuefromcontractwithcustomerexcludingassessedtax": 1915000000,
        "costofgoodsandservicessold": 2227000000,
        "grossprofit": 2086000000,
        "researchanddevelopmentexpense": 765000000,
        "sellinggeneralandadministrativeexpense": 376000000,
        "gainonlicensingagreement": 3000000,
        "operatingincomeloss": -107000000,
        "interestexpense": 7000000,
        "othernonoperatingincomeexpense": 62000000,
        "incomelossfromcontinuingoperationsbeforeincometaxesminorityinterestandincomelossfromequitymethodinvestments": 1003000000,
        "incometaxexpensebenefit": 82000000,
        "incomelossfromequitymethodinvestments": 2000000,
        "netincomeloss": 923000000,
        "earningspersharebasic": 0.76,
        "earningspersharediluted": 0.75,
        "weightedaveragenumberofsharesoutstandingbasic": 1214000000,
        "weightedaveragenumberofdilutedsharesoutstanding": 1230000000,
        "othercomprehensiveincomelosscashflowhedgegainlossafterreclassificationandtax": -7000000,
        "comprehensiveincomenetoftax": 916000000
    },
    {
        "date": "2021-06-25",
        "symbol": "AMD",
        "period": "Q2",
        "revenuefromcontractwithcustomerexcludingassessedtax": 1600000000,
        "costofgoodsandservicessold": 2020000000,
        "grossprofit": 1830000000,
        "researchanddevelopmentexpense": 659000000,
        "sellinggeneralandadministrativeexpense": 341000000,
        "gainonlicensingagreement": 1000000,
        "operatingincomeloss": -93000000,
        "interestexpense": 10000000,
        "othernonoperatingincomeexpense": 0,
        "incomelossfromcontinuingoperationsbeforeincometaxesminorityinterestandincomelossfromequitymethodinvestments": 821000000,
        "incometaxexpensebenefit": 113000000,
        "incomelossfromequitymethodinvestments": 2000000,
        "netincomeloss": 710000000,
        "earningspersharebasic": 0.5800000000000001,
        "earningspersharediluted": 0.5800000000000001,
        "weightedaveragenumberofsharesoutstandingbasic": 1000000,
        "weightedaveragenumberofdilutedsharesoutstanding": 0,
        "othercomprehensiveincomelosscashflowhedgegainlossafterreclassificationandtax": 1000000,
        "comprehensiveincomenetoftax": 711000000
    },
    {
        "date": "2021-03-26",
        "symbol": "AMD",
        "period": "Q1",
        "revenuefromcontractwithcustomerexcludingassessedtax": 1345000000,
        "costofgoodsandservicessold": 1858000000,
        "grossprofit": 1587000000,
        "researchanddevelopmentexpense": 610000000,
        "sellinggeneralandadministrativeexpense": 319000000,
        "gainonlicensingagreement": 4000000,
        "operatingincomeloss": -100000000,
        "interestexpense": 9000000,
        "othernonoperatingincomeexpense": -11000000,
        "incomelossfromcontinuingoperationsbeforeincometaxesminorityinterestandincomelossfromequitymethodinvestments": 642000000,
        "incometaxexpensebenefit": 89000000,
        "incomelossfromequitymethodinvestments": 2000000,
        "netincomeloss": 555000000,
        "earningspersharebasic": 0.46,
        "earningspersharediluted": 0.45,
        "weightedaveragenumberofsharesoutstandingbasic": 1213000000,
        "weightedaveragenumberofdilutedsharesoutstanding": 1231000000,
        "othercomprehensiveincomelosscashflowhedgegainlossafterreclassificationandtax": -11000000,
        "comprehensiveincomenetoftax": 544000000
    },
    {
        "date": "2020-12-25",
        "symbol": "AMD",
        "period": "Q4",
        "revenuefromcontractwithcustomerexcludingassessedtax": -1331000000,
        "costofgoodsandservicessold": 1793000000,
        "grossprofit": 1451000000,
        "researchanddevelopmentexpense": 573000000,
        "sellinggeneralandadministrativeexpense": 308000000,
        "operatingincomeloss": -93000000,
        "interestexpense": 9000000,
        "othernonoperatingincomeexpense": -15000000,
        "incomelossfromcontinuingoperationsbeforeincometaxesminorityinterestandincomelossfromequitymethodinvestments": 546000000,
        "incometaxexpensebenefit": -1232000000,
        "netincomeloss": 1781000000,
        "earningspersharebasic": 1.5,
        "earningspersharediluted": 1.4699999999999998,
        "weightedaveragenumberofsharesoutstandingbasic": -2344000000,
        "weightedaveragenumberofdilutedsharesoutstanding": -2459000000,
        "othercomprehensiveincomelosscashflowhedgegainlossafterreclassificationandtax": 12000000,
        "comprehensiveincomenetoftax": 1793000000
    },
    {
        "date": "2020-09-25",
        "symbol": "AMD",
        "period": "Q3",
        "revenuefromcontractwithcustomerexcludingassessedtax": 1134000000,
        "costofgoodsandservicessold": 1571000000,
        "grossprofit": 1230000000,
        "researchanddevelopmentexpense": 508000000,
        "sellinggeneralandadministrativeexpense": 273000000,
        "operatingincomeloss": -76000000,
        "interestexpense": 11000000,
        "othernonoperatingincomeexpense": -37000000,
        "incomelossfromcontinuingoperationsbeforeincometaxesminorityinterestandincomelossfromequitymethodinvestments": 401000000,
        "incometaxexpensebenefit": 12000000,
        "incomelossfromequitymethodinvestments": 1000000,
        "netincomeloss": 390000000,
        "earningspersharebasic": 0.33,
        "earningspersharediluted": 0.32,
        "weightedaveragenumberofsharesoutstandingbasic": 1184000000,
        "weightedaveragenumberofdilutedsharesoutstanding": 1215000000,
        "othercomprehensiveincomelosscashflowhedgegainlossafterreclassificationandtax": 9000000,
        "comprehensiveincomenetoftax": 399000000
    },
    {
        "date": "2020-06-26",
        "symbol": "AMD",
        "period": "Q2",
        "revenuefromcontractwithcustomerexcludingassessedtax": 565000000,
        "costofgoodsandservicessold": 1084000000,
        "grossprofit": 848000000,
        "researchanddevelopmentexpense": 460000000,
        "sellinggeneralandadministrativeexpense": 215000000,
        "operatingincomeloss": -60000000,
        "interestexpense": 14000000,
        "othernonoperatingincomeexpense": 1000000,
        "incomelossfromcontinuingoperationsbeforeincometaxesminorityinterestandincomelossfromequitymethodinvestments": 160000000,
        "incometaxexpensebenefit": 4000000,
        "incomelossfromequitymethodinvestments": 1000000,
        "netincomeloss": 157000000,
        "earningspersharebasic": 0.13,
        "earningspersharediluted": 0.13,
        "weightedaveragenumberofsharesoutstandingbasic": 1174000000,
        "weightedaveragenumberofdilutedsharesoutstanding": 1227000000,
        "othercomprehensiveincomelosscashflowhedgegainlossafterreclassificationandtax": 10000000,
        "comprehensiveincomenetoftax": 167000000
    },
    {
        "date": "2020-03-27",
        "symbol": "AMD",
        "period": "Q1",
        "netincomeloss": 162000000,
        "othercomprehensiveincomelosscashflowhedgegainlossbeforereclassificationaftertax": -17000000,
        "othercomprehensiveincomelosscashflowhedgegainlossreclassificationaftertax": -3000000,
        "othercomprehensiveincomelosscashflowhedgegainlossafterreclassificationandtax": -14000000,
        "comprehensiveincomenetoftax": 148000000,
        "revenuefromcontractwithcustomerexcludingassessedtax": 1786000000,
        "costofgoodsandservicessold": 968000000,
        "grossprofit": 818000000,
        "researchanddevelopmentexpense": 442000000,
        "sellinggeneralandadministrativeexpense": 199000000,
        "operatingincomeloss": 177000000,
        "interestexpense": 13000000,
        "othernonoperatingincomeexpense": 4000000,
        "incomelossfromcontinuingoperationsbeforeincometaxesminorityinterestandincomelossfromequitymethodinvestments": 168000000,
        "incometaxexpensebenefit": 6000000,
        "earningspersharebasic": 0.14,
        "earningspersharediluted": 0.14,
        "weightedaveragenumberofsharesoutstandingbasic": 1170000000,
        "weightedaveragenumberofdilutedsharesoutstanding": 1224000000
    },
    {
        "date": "2019-12-27",
        "symbol": "AMD",
        "period": "Q4",
        "netincomeloss": 170000000,
        "othercomprehensiveincomelosscashflowhedgegainlossbeforereclassificationaftertax": 7000000,
        "othercomprehensiveincomelosscashflowhedgegainlossreclassificationaftertax": 0,
        "othercomprehensiveincomelosscashflowhedgegainlossafterreclassificationandtax": 7000000,
        "comprehensiveincomenetoftax": 177000000,
        "revenuefromcontractwithcustomerexcludingassessedtax": 2127000000,
        "costofgoodsandservicessold": 1178000000,
        "grossprofit": 949000000,
        "researchanddevelopmentexpense": 395000000,
        "sellinggeneralandadministrativeexpense": 206000000,
        "operatingincomeloss": 348000000,
        "interestexpense": 18000000,
        "othernonoperatingincomeexpense": -125000000,
        "incomelossfromcontinuingoperationsbeforeincometaxesminorityinterestandincomelossfromequitymethodinvestments": 205000000,
        "incometaxexpensebenefit": 35000000,
        "earningspersharebasic": 0.15,
        "earningspersharediluted": 0.13999999999999999,
        "weightedaveragenumberofsharesoutstandingbasic": -1070000000,
        "weightedaveragenumberofdilutedsharesoutstanding": -1099000000
    },
    {
        "date": "2019-09-27",
        "symbol": "AMD",
        "period": "Q3",
        "netincomeloss": 120000000,
        "othercomprehensiveincomelosscashflowhedgegainlossbeforereclassificationaftertax": -9000000,
        "othercomprehensiveincomelosscashflowhedgegainlossreclassificationaftertax": -2000000,
        "othercomprehensiveincomelosscashflowhedgegainlossafterreclassificationandtax": -7000000,
        "comprehensiveincomenetoftax": 113000000,
        "revenuefromcontractwithcustomerexcludingassessedtax": 1801000000,
        "costofgoodsandservicessold": 1024000000,
        "grossprofit": 777000000,
        "researchanddevelopmentexpense": 406000000,
        "sellinggeneralandadministrativeexpense": 185000000,
        "operatingincomeloss": 186000000,
        "interestexpense": 24000000,
        "othernonoperatingincomeexpense": -36000000,
        "incomelossfromcontinuingoperationsbeforeincometaxesminorityinterestandincomelossfromequitymethodinvestments": 126000000,
        "incometaxexpensebenefit": 7000000,
        "incomelossfromequitymethodinvestments": 1000000,
        "earningspersharebasic": 0.11,
        "earningspersharediluted": 0.11,
        "weightedaveragenumberofsharesoutstandingbasic": 1097000000,
        "weightedaveragenumberofdilutedsharesoutstanding": 1117000000
    },
    {
        "date": "2019-06-28",
        "symbol": "AMD",
        "period": "Q2",
        "netincomeloss": 35000000,
        "othercomprehensiveincomelosscashflowhedgegainlossbeforereclassificationaftertax": -1000000,
        "othercomprehensiveincomelosscashflowhedgegainlossreclassificationaftertax": -2000000,
        "othercomprehensiveincomelosscashflowhedgegainlossafterreclassificationandtax": 1000000,
        "comprehensiveincomenetoftax": 36000000,
        "revenuefromcontractwithcustomerexcludingassessedtax": 1531000000,
        "costofgoodsandservicessold": 910000000,
        "grossprofit": 621000000,
        "researchanddevelopmentexpense": 373000000,
        "sellinggeneralandadministrativeexpense": 189000000,
        "otheroperatingincome": 0,
        "operatingincomeloss": 59000000,
        "interestexpense": 25000000,
        "othernonoperatingincomeexpense": 3000000,
        "incomelossfromcontinuingoperationsbeforeincometaxesminorityinterestandincomelossfromequitymethodinvestments": 37000000,
        "incometaxexpensebenefit": 2000000,
        "incomelossfromequitymethodinvestments": 0,
        "earningspersharebasic": 0.04,
        "earningspersharediluted": 0.04,
        "weightedaveragenumberofsharesoutstandingbasic": 20000000,
        "weightedaveragenumberofdilutedsharesoutstanding": 8000000
    },
    {
        "date": "2019-03-29",
        "symbol": "AMD",
        "period": "Q1",
        "netincomeloss": 16000000,
        "othercomprehensiveincomelosscashflowhedgegainlossbeforereclassificationaftertax": 5000000,
        "othercomprehensiveincomelosscashflowhedgegainlossreclassificationaftertax": -2000000,
        "othercomprehensiveincomelosscashflowhedgegainlossafterreclassificationandtax": 7000000,
        "comprehensiveincomenetoftax": 23000000,
        "revenuefromcontractwithcustomerexcludingassessedtax": 1272000000,
        "costofgoodsandservicessold": 751000000,
        "grossprofit": 521000000,
        "researchanddevelopmentexpense": 373000000,
        "sellinggeneralandadministrativeexpense": 170000000,
        "otheroperatingincome": 60000000,
        "operatingincomeloss": 38000000,
        "interestexpense": 27000000,
        "othernonoperatingincomeexpense": -7000000,
        "incomelossfromcontinuingoperationsbeforeincometaxesminorityinterestandincomelossfromequitymethodinvestments": 4000000,
        "incometaxexpensebenefit": -13000000,
        "incomelossfromequitymethodinvestments": -1000000,
        "earningspersharebasic": 0.01,
        "earningspersharediluted": 0.01,
        "weightedaveragenumberofsharesoutstandingbasic": 1044000000,
        "weightedaveragenumberofdilutedsharesoutstanding": 1094000000
    },
    {
        "date": "2018-12-28",
        "symbol": "AMD",
        "period": "Q4",
        "netincomeloss": 38000000,
        "othercomprehensiveincomeunrealizedgainlossonderivativesarisingduringperiodnetoftax": -3000000,
        "comprehensiveincomenetoftax": 40000000,
        "grossprofit": 537000000,
        "researchanddevelopmentexpense": 371000000,
        "sellinggeneralandadministrativeexpense": 138000000,
        "operatingincomeloss": -6000000,
        "interestexpense": 29000000,
        "incomelossfromcontinuingoperationsbeforeincometaxesminorityinterestandincomelossfromequitymethodinvestments": 3000000,
        "incometaxexpensebenefit": -35000000,
        "earningspersharebasic": 0.030000000000000027,
        "earningspersharediluted": 0.03999999999999998,
        "weightedaveragenumberofsharesoutstandingbasic": 6000000,
        "weightedaveragenumberofdilutedsharesoutstanding": 6000000
    },
    {
        "date": "2018-09-28",
        "symbol": "AMD",
        "period": "Q3",
        "netincomeloss": 102000000,
        "othercomprehensiveincomeunrealizedgainlossonderivativesarisingduringperiodnetoftax": -5000000,
        "othercomprehensiveincomelossderivativesqualifyingashedgesnetoftax": 0,
        "othercomprehensiveincomelossnetoftaxportionattributabletoparent": 0,
        "comprehensiveincomenetoftax": 102000000,
        "grossprofit": 661000000,
        "researchanddevelopmentexpense": 363000000,
        "sellinggeneralandadministrativeexpense": 148000000,
        "operatingincomeloss": 86000000,
        "interestexpense": 30000000,
        "othernonoperatingincomeexpense": -6000000,
        "incomelossfromcontinuingoperationsbeforeincometaxesminorityinterestandincomelossfromequitymethodinvestments": 114000000,
        "incometaxexpensebenefit": 12000000,
        "incomelossfromequitymethodinvestments": 0,
        "earningspersharebasic": 0.11,
        "earningspersharediluted": 0.09000000000000004,
        "weightedaveragenumberofsharesoutstandingbasic": 6000000,
        "weightedaveragenumberofdilutedsharesoutstanding": 15000000
    },
    {
        "date": "2018-06-29",
        "symbol": "AMD",
        "period": "Q2",
        "netincomeloss": 116000000,
        "othercomprehensiveincomeunrealizedgainlossonderivativesarisingduringperiodnetoftax": -12000000,
        "othercomprehensiveincomelossreclassificationadjustmentfromaocionderivativesnetoftax": 1000000,
        "othercomprehensiveincomelossderivativesqualifyingashedgesnetoftax": -13000000,
        "othercomprehensiveincomelossnetoftaxportionattributabletoparent": -13000000,
        "cumulativeeffectonretainedearningsnetoftax1": 0,
        "comprehensiveincomenetoftax": 103000000,
        "grossprofit": 652000000,
        "researchanddevelopmentexpense": 357000000,
        "sellinggeneralandadministrativeexpense": 142000000,
        "operatingincomeloss": -37000000,
        "interestexpense": 31000000,
        "othernonoperatingincomeexpense": 1000000,
        "incomelossfromcontinuingoperationsbeforeincometaxesminorityinterestandincomelossfromequitymethodinvestments": 123000000,
        "incometaxexpensebenefit": 6000000,
        "incomelossfromequitymethodinvestments": -1000000,
        "earningspersharebasic": 0.12000000000000001,
        "earningspersharediluted": 0.11,
        "weightedaveragenumberofsharesoutstandingbasic": 2000000,
        "weightedaveragenumberofdilutedsharesoutstanding": 4000000
    },
    {
        "date": "2018-03-30",
        "symbol": "AMD",
        "period": "Q1",
        "netincomeloss": 81000000,
        "othercomprehensiveincomeunrealizedgainlossonderivativesarisingduringperiodnetoftax": 1000000,
        "othercomprehensiveincomelossreclassificationadjustmentfromaocionderivativesnetoftax": 4000000,
        "othercomprehensiveincomelossderivativesqualifyingashedgesnetoftax": -3000000,
        "othercomprehensiveincomelossnetoftaxportionattributabletoparent": -3000000,
        "cumulativeeffectonretainedearningsnetoftax1": 2000000,
        "comprehensiveincomenetoftax": 80000000,
        "salesrevenuenet": 1647000000,
        "costofgoodssold": 1050000000,
        "grossprofit": 597000000,
        "researchanddevelopmentexpense": 343000000,
        "sellinggeneralandadministrativeexpense": 134000000,
        "operatingincomeloss": 120000000,
        "interestexpense": 31000000,
        "othernonoperatingincomeexpense": 1000000,
        "incomelossfromcontinuingoperationsbeforeincometaxesminorityinterestandincomelossfromequitymethodinvestments": 90000000,
        "incometaxexpensebenefit": 8000000,
        "incomelossfromequitymethodinvestments": -1000000,
        "earningspersharebasic": 0.08,
        "earningspersharediluted": 0.08,
        "weightedaveragenumberofsharesoutstandingbasic": 968000000,
        "weightedaveragenumberofdilutedsharesoutstanding": 1039000000
    },
    {
        "date": "2017-12-29",
        "symbol": "AMD",
        "period": "Q4",
        "netincomeloss": 61000000,
        "othercomprehensiveincomeunrealizedgainlossonderivativesarisingduringperiodnetoftax": 6000000,
        "othercomprehensiveincomelossderivativesqualifyingashedgesnetoftax": 1000000,
        "comprehensiveincomenetoftax": 65000000,
        "salesrevenuenet": 1404000000,
        "costofgoodssold": 925000000,
        "grossprofit": 479000000,
        "researchanddevelopmentexpense": 336000000,
        "sellinggeneralandadministrativeexpense": 138000000,
        "operatingincomeloss": 19000000,
        "interestexpense": 31000000,
        "othernonoperatingincomeexpense": 2000000,
        "incomelossfromcontinuingoperationsbeforeincometaxesminorityinterestandincomelossfromequitymethodinvestments": -24000000,
        "incometaxexpensebenefit": -9000000,
        "incomelossfromequitymethodinvestments": 0,
        "earningspersharebasic": -0.009999999999999995,
        "earningspersharediluted": -0.009999999999999995,
        "weightedaveragenumberofsharesoutstandingbasic": 5000000,
        "weightedaveragenumberofdilutedsharesoutstanding": 5000000
    },
    {
        "date": "2017-09-29",
        "symbol": "AMD",
        "period": "Q3",
        "netincomeloss": 71000000,
        "othercomprehensiveincomeunrealizedgainlossonderivativesarisingduringperiodnetoftax": 5000000,
        "othercomprehensiveincomelossderivativesqualifyingashedgesnetoftax": 1000000,
        "othercomprehensiveincomelossnetoftaxportionattributabletoparent": 2000000,
        "comprehensiveincomenetoftax": 73000000,
        "salesrevenuenet": 1643000000,
        "costofgoodssold": 1070000000,
        "grossprofit": 573000000,
        "researchanddevelopmentexpense": 315000000,
        "sellinggeneralandadministrativeexpense": 132000000,
        "otheroperatingincome": 0,
        "operatingincomeloss": 84000000,
        "interestexpense": 31000000,
        "othernonoperatingincomeexpense": -3000000,
        "incomelossfromcontinuingoperationsbeforeincometaxesminorityinterestandincomelossfromequitymethodinvestments": 92000000,
        "incometaxexpensebenefit": 19000000,
        "incomelossfromequitymethodinvestments": -2000000,
        "earningspersharebasic": 0.06999999999999999,
        "earningspersharediluted": 0.06999999999999999,
        "weightedaveragenumberofsharesoutstandingbasic": 5000000,
        "weightedaveragenumberofdilutedsharesoutstanding": 5000000
    },
    {
        "date": "2017-06-30",
        "symbol": "AMD",
        "period": "Q2",
        "netincomeloss": -16000000,
        "othercomprehensiveincomeunrealizedgainlossonderivativesarisingduringperiodnetoftax": 4000000,
        "othercomprehensiveincomelossreclassificationadjustmentfromaocionderivativesnetoftax": 0,
        "othercomprehensiveincomelossderivativesqualifyingashedgesnetoftax": 5000000,
        "othercomprehensiveincomelossnetoftaxportionattributabletoparent": 4000000,
        "comprehensiveincomenetoftax": -12000000,
        "salesrevenuenet": 1222000000,
        "costofgoodssold": 818000000,
        "grossprofit": 404000000,
        "researchanddevelopmentexpense": 279000000,
        "sellinggeneralandadministrativeexpense": 125000000,
        "otheroperatingincome": 25000000,
        "operatingincomeloss": 42000000,
        "interestexpense": 32000000,
        "othernonoperatingincomeexpense": -3000000,
        "incomelossfromcontinuingoperationsbeforeincometaxesminorityinterestandincomelossfromequitymethodinvestments": -10000000,
        "incometaxexpensebenefit": 3000000,
        "incomelossfromequitymethodinvestments": -3000000,
        "earningspersharebasic": -0.009999999999999995,
        "earningspersharediluted": -0.009999999999999995,
        "weightedaveragenumberofsharesoutstandingbasic": 3000000,
        "weightedaveragenumberofdilutedsharesoutstanding": 3000000
    },
    {
        "date": "2017-03-31",
        "symbol": "AMD",
        "period": "Q1",
        "netincomeloss": -73000000,
        "othercomprehensiveincomeunrealizedgainlossonderivativesarisingduringperiodnetoftax": 2000000,
        "othercomprehensiveincomelossreclassificationadjustmentfromaocionderivativesnetoftax": 1000000,
        "othercomprehensiveincomelossderivativesqualifyingashedgesnetoftax": 2000000,
        "othercomprehensiveincomelossnetoftaxportionattributabletoparent": 1000000,
        "comprehensiveincomenetoftax": -72000000,
        "salesrevenuenet": 984000000,
        "costofgoodssold": 653000000,
        "grossprofit": 331000000,
        "researchanddevelopmentexpense": 266000000,
        "sellinggeneralandadministrativeexpense": 121000000,
        "otheroperatingincome": 27000000,
        "operatingincomeloss": 9000000,
        "interestexpense": 32000000,
        "othernonoperatingincomeexpense": -5000000,
        "incomelossfromcontinuingoperationsbeforeincometaxesminorityinterestandincomelossfromequitymethodinvestments": -66000000,
        "incometaxexpensebenefit": 5000000,
        "incomelossfromequitymethodinvestments": -2000000,
        "earningspersharebasic": -0.08,
        "earningspersharediluted": -0.08,
        "weightedaveragenumberofsharesoutstandingbasic": 939000000,
        "weightedaveragenumberofdilutedsharesoutstanding": 939000000
    },
    {
        "date": "2016-12-30",
        "symbol": "AMD",
        "period": "Q4",
        "netincomeloss": -51000000,
        "comprehensiveincomenetoftax": -53000000,
        "salesrevenuenet": 1106000000,
        "costofgoodssold": 755000000,
        "grossprofit": 351000000,
        "researchanddevelopmentexpense": 264000000,
        "sellinggeneralandadministrativeexpense": 121000000,
        "otheroperatingincome": 31000000,
        "operatingincomeloss": 47000000,
        "interestexpense": 34000000,
        "incomelossfromcontinuingoperationsbeforeincometaxesminorityinterestandincomelossfromequitymethodinvestments": -44000000,
        "incometaxexpensebenefit": 5000000,
        "earningspersharebasic": -0.03999999999999998,
        "earningspersharediluted": -0.03999999999999998,
        "weightedaveragenumberofsharesoutstandingbasic": 34000000,
        "weightedaveragenumberofdilutedsharesoutstanding": 34000000
    },
    {
        "date": "2016-09-23",
        "symbol": "AMD",
        "period": "Q3",
        "netincomeloss": -406000000,
        "othercomprehensiveincomeunrealizedgainlossonderivativesarisingduringperiodnetoftax": 0,
        "othercomprehensiveincomelossnetoftaxportionattributabletoparent": 0,
        "comprehensiveincomenetoftax": -406000000,
        "othercomprehensiveincomeunrealizedholdinggainlossonsecuritiesarisingduringperiodtax": 0,
        "othercomprehensiveincomeunrealizedgainlossonderivativesarisingduringperiodtax": 0,
        "salesrevenuenet": 1307000000,
        "costofgoodssold": 1248000000,
        "grossprofit": 59000000,
        "researchanddevelopmentexpense": 259000000,
        "sellinggeneralandadministrativeexpense": 117000000,
        "restructuringandotherspecialchargesnet": 0,
        "otheroperatingincome": 24000000,
        "operatingincomeloss": 136000000,
        "interestexpense": 41000000,
        "incomelossfromcontinuingoperationsbeforeincometaxesminorityinterestandincomelossfromequitymethodinvestments": -397000000,
        "incometaxexpensebenefit": 4000000,
        "earningspersharebasic": -0.51,
        "earningspersharediluted": -0.51,
        "weightedaveragenumberofsharesoutstandingbasic": 7000000,
        "weightedaveragenumberofdilutedsharesoutstanding": 7000000
    },
    {
        "date": "2016-06-24",
        "symbol": "AMD",
        "period": "Q2",
        "netincomeloss": 69000000,
        "othercomprehensiveincomeunrealizedholdinggainlossonsecuritiesarisingduringperiodnetoftax": 1000000,
        "othercomprehensiveincomeunrealizedgainlossonderivativesarisingduringperiodnetoftax": 2000000,
        "othercomprehensiveincomelossreclassificationadjustmentfromaocionderivativesnetoftax": 0,
        "othercomprehensiveincomelossnetoftaxportionattributabletoparent": 3000000,
        "comprehensiveincomenetoftax": 72000000,
        "othercomprehensiveincomeunrealizedholdinggainlossonsecuritiesarisingduringperiodtax": -2000000,
        "othercomprehensiveincomeunrealizedgainlossonderivativesarisingduringperiodtax": 5000000,
        "salesrevenuenet": 1027000000,
        "costofgoodssold": 708000000,
        "grossprofit": 319000000,
        "researchanddevelopmentexpense": 243000000,
        "sellinggeneralandadministrativeexpense": 117000000,
        "restructuringandotherspecialchargesnet": -7000000,
        "otheroperatingincome": 26000000,
        "operatingincomeloss": 114000000,
        "interestexpense": 41000000,
        "incomelossfromcontinuingoperationsbeforeincometaxesminorityinterestandincomelossfromequitymethodinvestments": 101000000,
        "incometaxexpensebenefit": 32000000,
        "earningspersharebasic": 0.09000000000000001,
        "earningspersharediluted": 0.09000000000000001,
        "weightedaveragenumberofsharesoutstandingbasic": 1000000,
        "weightedaveragenumberofdilutedsharesoutstanding": 1000000
    },
    {
        "date": "2016-03-25",
        "symbol": "AMD",
        "period": "Q1",
        "netincomeloss": -109000000,
        "othercomprehensiveincomeunrealizedholdinggainlossonsecuritiesarisingduringperiodnetoftax": -2000000,
        "othercomprehensiveincomeunrealizedgainlossonderivativesarisingduringperiodnetoftax": 2000000,
        "othercomprehensiveincomelossreclassificationadjustmentfromaocionderivativesnetoftax": -2000000,
        "othercomprehensiveincomelossnetoftaxportionattributabletoparent": 2000000,
        "comprehensiveincomenetoftax": -107000000,
        "othercomprehensiveincomeunrealizedholdinggainlossonsecuritiesarisingduringperiodtax": 1000000,
        "othercomprehensiveincomeunrealizedgainlossonderivativesarisingduringperiodtax": -2000000,
        "othercomprehensiveincomelossreclassificationadjustmentfromaocionderivativestax": -1000000,
        "salesrevenuenet": 832000000,
        "costofgoodssold": 563000000,
        "grossprofit": 269000000,
        "researchanddevelopmentexpense": 242000000,
        "sellinggeneralandadministrativeexpense": 105000000,
        "restructuringandotherspecialchargesnet": -3000000,
        "otheroperatingincome": 7000000,
        "operatingincomeloss": -14000000,
        "interestexpense": 40000000,
        "incomelossfromcontinuingoperationsbeforeincometaxesminorityinterestandincomelossfromequitymethodinvestments": -108000000,
        "incometaxexpensebenefit": -2000000,
        "earningspersharebasic": -0.14,
        "earningspersharediluted": -0.14,
        "weightedaveragenumberofsharesoutstandingbasic": 793000000,
        "weightedaveragenumberofdilutedsharesoutstanding": 793000000
    },
    {
        "date": "2015-12-25",
        "symbol": "AMD",
        "period": "Q4",
        "netincomeloss": -102000000,
        "othercomprehensiveincomeunrealizedgainlossonderivativesarisingduringperiodnetoftax": -1000000,
        "othercomprehensiveincomelossreclassificationadjustmentfromaocionderivativesnetoftax": -7000000,
        "comprehensiveincomenetoftax": -95000000,
        "salesrevenuenet": 958000000,
        "costofgoodssold": 675000000,
        "grossprofit": 283000000,
        "researchanddevelopmentexpense": 229000000,
        "sellinggeneralandadministrativeexpense": 109000000,
        "operatingincomeloss": 400000000,
        "interestexpense": 41000000,
        "incomelossfromcontinuingoperationsbeforeincometaxesminorityinterestandincomelossfromequitymethodinvestments": -92000000,
        "earningspersharebasic": -0.11999999999999997,
        "earningspersharediluted": -0.11999999999999997,
        "weightedaveragenumberofsharesoutstandingbasic": 3000000,
        "weightedaveragenumberofdilutedsharesoutstanding": 3000000
    },
    {
        "date": "2015-09-25",
        "symbol": "AMD",
        "period": "Q3",
        "netincomeloss": -197000000,
        "othercomprehensiveincomeunrealizedgainlossonderivativesarisingduringperiodnetoftax": -13000000,
        "othercomprehensiveincomelossreclassificationadjustmentfromaocionderivativesnetoftax": -6000000,
        "comprehensiveincomenetoftax": -207000000,
        "salesrevenuenet": 1061000000,
        "costofgoodssold": 2235000000,
        "grossprofit": 239000000,
        "researchanddevelopmentexpense": 714000000,
        "sellinggeneralandadministrativeexpense": 370000000,
        "restructuringandotherspecialchargesnet": 0,
        "operatingincomeloss": -61000000,
        "interestexpense": 39000000,
        "incomelossfromcontinuingoperationsbeforeincometaxesminorityinterestandincomelossfromequitymethodinvestments": -197000000,
        "incometaxexpensebenefit": 0,
        "earningspersharebasic": -0.26,
        "earningspersharediluted": -0.26,
        "weightedaveragenumberofsharesoutstandingbasic": 2000000,
        "weightedaveragenumberofdilutedsharesoutstanding": 2000000
    },
    {
        "date": "2015-06-26",
        "symbol": "AMD",
        "period": "Q2",
        "netincomeloss": -181000000,
        "othercomprehensiveincomeunrealizedgainlossonderivativesarisingduringperiodnetoftax": 3000000,
        "othercomprehensiveincomelossreclassificationadjustmentfromaocionderivativesnetoftax": -4000000,
        "comprehensiveincomenetoftax": -174000000,
        "salesrevenuenet": 942000000,
        "costofgoodssold": -703000000,
        "grossprofit": 232000000,
        "researchanddevelopmentexpense": -238000000,
        "sellinggeneralandadministrativeexpense": -128000000,
        "amortizationofintangibleassets": 0,
        "restructuringandotherspecialchargesnet": 1000000,
        "operatingincomeloss": 13000000,
        "interestexpense": 40000000,
        "othernonoperatingincomeexpense": 0,
        "incomelossfromcontinuingoperationsbeforeincometaxesminorityinterestandincomelossfromequitymethodinvestments": -180000000,
        "incometaxexpensebenefit": 1000000,
        "earningspersharebasic": -0.23,
        "earningspersharediluted": -0.23,
        "weightedaveragenumberofsharesoutstandingbasic": 1000000,
        "weightedaveragenumberofdilutedsharesoutstanding": 1000000
    },
    {
        "date": "2015-03-27",
        "symbol": "AMD",
        "period": "Q1",
        "netincomeloss": -180000000,
        "othercomprehensiveincomeunrealizedgainlossonderivativesarisingduringperiodnetoftax": -11000000,
        "othercomprehensiveincomelossreclassificationadjustmentfromaocionderivativesnetoftax": -4000000,
        "othercomprehensiveincomelossnetoftaxportionattributabletoparent": -7000000,
        "comprehensiveincomenetoftax": -187000000,
        "salesrevenuenet": 1030000000,
        "costofgoodssold": 704000000,
        "grossprofit": 326000000,
        "researchanddevelopmentexpense": 242000000,
        "sellinggeneralandadministrativeexpense": 131000000,
        "amortizationofintangibleassets": 3000000,
        "restructuringandotherspecialchargesnet": 75000000,
        "operatingincomeloss": -137000000,
        "interestexpense": 40000000,
        "othernonoperatingincomeexpense": -1000000,
        "incomelossfromcontinuingoperationsbeforeincometaxesminorityinterestandincomelossfromequitymethodinvestments": -177000000,
        "incometaxexpensebenefit": 3000000,
        "earningspersharebasic": -0.23,
        "earningspersharediluted": -0.23,
        "weightedaveragenumberofsharesoutstandingbasic": 777000000,
        "weightedaveragenumberofdilutedsharesoutstanding": 777000000
    },
    {
        "date": "2014-12-26",
        "symbol": "AMD",
        "period": "Q4",
        "netincomeloss": -364000000,
        "othercomprehensiveincomeunrealizedgainlossonderivativesarisingduringperiodnetoftax": -6000000,
        "othercomprehensiveincomelossreclassificationadjustmentfromaocionderivativesnetoftax": -2000000,
        "comprehensiveincomenetoftax": -368000000,
        "salesrevenuenet": 1239000000,
        "costofgoodssold": 879000000,
        "grossprofit": 360000000,
        "researchanddevelopmentexpense": -277000000,
        "sellinggeneralandadministrativeexpense": -153000000,
        "amortizationofintangibleassets": 3000000,
        "operatingincomeloss": 410000000,
        "interestexpense": 41000000,
        "othernonoperatingincomeexpense": -1000000,
        "incomelossfromcontinuingoperationsbeforeincometaxesminorityinterestandincomelossfromequitymethodinvestments": -367000000,
        "incometaxexpensebenefit": 2000000,
        "earningspersharebasic": -0.47,
        "earningspersharediluted": -0.47,
        "weightedaveragenumberofsharesoutstandingbasic": -1527000000,
        "weightedaveragenumberofdilutedsharesoutstanding": -1542000000
    },
    {
        "date": "2014-09-26",
        "symbol": "AMD",
        "period": "Q3",
        "netincomeloss": 17000000,
        "othercomprehensiveincomeunrealizedgainlossonderivativesarisingduringperiodnetoftax": -3000000,
        "othercomprehensiveincomelossreclassificationadjustmentfromaocionderivativesnetoftax": -1000000,
        "othercomprehensiveincomelossnetoftaxportionattributabletoparent": -2000000,
        "comprehensiveincomenetoftax": 15000000,
        "othercomprehensiveincomeunrealizedgainlossonderivativesarisingduringperiodtax": -1000000,
        "salesrevenuenet": 1429000000,
        "costofgoodssold": 935000000,
        "grossprofit": 494000000,
        "researchanddevelopmentexpense": 278000000,
        "sellinggeneralandadministrativeexpense": 1000000,
        "amortizationofintangibleassets": 3000000,
        "operatingincomeloss": -17000000,
        "investmentincomeinterest": 1000000,
        "interestexpense": 43000000,
        "othernonoperatingincomeexpense": -2000000,
        "incomelossfromcontinuingoperationsbeforeincometaxesminorityinterestandincomelossfromequitymethodinvestments": 19000000,
        "incometaxexpensebenefit": 2000000,
        "earningspersharebasic": 0.02,
        "earningspersharediluted": 0.02,
        "weightedaveragenumberofsharesoutstandingbasic": 770000000,
        "weightedaveragenumberofdilutedsharesoutstanding": 785000000
    },
    {
        "date": "2014-06-27",
        "symbol": "AMD",
        "period": "Q2",
        "netincomeloss": -36000000,
        "othercomprehensiveincomeunrealizedgainlossonderivativesarisingduringperiodnetoftax": 3000000,
        "othercomprehensiveincomelossreclassificationadjustmentfromaocionderivativesnetoftax": -1000000,
        "othercomprehensiveincomelossnetoftaxportionattributabletoparent": 4000000,
        "comprehensiveincomenetoftax": -32000000,
        "othercomprehensiveincomeunrealizedgainlossonderivativesarisingduringperiodtax": 1000000,
        "salesrevenuenet": 1441000000,
        "costofgoodssold": 943000000,
        "grossprofit": 498000000,
        "researchanddevelopmentexpense": 1000000,
        "sellinggeneralandadministrativeexpense": 154000000,
        "amortizationofintangibleassets": 4000000,
        "operatingincomeloss": 9000000,
        "interestexpense": 46000000,
        "othernonoperatingincomeexpense": 1000000,
        "incomelossfromcontinuingoperationsbeforeincometaxesminorityinterestandincomelossfromequitymethodinvestments": -32000000,
        "incometaxexpensebenefit": -1000000,
        "earningspersharebasic": -0.05,
        "earningspersharediluted": -0.05,
        "weightedaveragenumberofsharesoutstandingbasic": 764000000,
        "weightedaveragenumberofdilutedsharesoutstanding": 764000000
    },
    {
        "date": "2014-03-28",
        "symbol": "AMD",
        "period": "Q1",
        "netincomeloss": -20000000,
        "othercomprehensiveincomeunrealizedgainlossonderivativesarisingduringperiodnetoftax": -3000000,
        "othercomprehensiveincomelossreclassificationadjustmentfromaocionderivativesnetoftax": -2000000,
        "othercomprehensiveincomelossnetoftaxportionattributabletoparent": -1000000,
        "comprehensiveincomenetoftax": -21000000,
        "salesrevenuenet": 1397000000,
        "costofgoodssold": 910000000,
        "grossprofit": 487000000,
        "researchanddevelopmentexpense": 1000000,
        "sellinggeneralandadministrativeexpense": 1000000,
        "amortizationofintangibleassets": 3000000,
        "operatingincomeloss": -3000000,
        "investmentincomeinterest": 1000000,
        "interestexpense": 47000000,
        "othernonoperatingincomeexpense": -1000000,
        "incomelossfromcontinuingoperationsbeforeincometaxesminorityinterestandincomelossfromequitymethodinvestments": -18000000,
        "incometaxexpensebenefit": 2000000,
        "earningspersharebasic": -0.03,
        "earningspersharediluted": -0.03,
        "weightedaveragenumberofsharesoutstandingbasic": 761000000,
        "weightedaveragenumberofdilutedsharesoutstanding": 761000000
    },
    {
        "date": "2013-09-27",
        "symbol": "AMD",
        "period": "Q3",
        "netincomeloss": 48000000,
        "othercomprehensiveincomeunrealizedgainlossonderivativesarisingduringperiodnetoftax": 3000000,
        "othercomprehensiveincomelossreclassificationadjustmentfromaocionderivativesnetoftax": -1000000,
        "othercomprehensiveincomelossderivativesqualifyingashedgesnetoftax": 4000000,
        "othercomprehensiveincomelossnetoftaxportionattributabletoparent": 4000000,
        "comprehensiveincomenetoftax": 52000000,
        "salesrevenuenet": 1461000000,
        "costofgoodssold": 940000000,
        "grossprofit": 521000000,
        "researchanddevelopmentexpense": 1000000,
        "sellinggeneralandadministrativeexpense": 155000000,
        "amortizationofintangibleassets": 5000000,
        "restructuringcharges": -22000000,
        "operatingincomeloss": -6000000,
        "investmentincomeinterest": 1000000,
        "interestexpense": 47000000,
        "othernonoperatingincomeexpense": 2000000,
        "incomelossfromcontinuingoperationsbeforeincometaxesminorityinterestandincomelossfromequitymethodinvestments": 51000000,
        "incometaxexpensebenefit": 2000000,
        "earningspersharebasic": 0.06,
        "earningspersharediluted": 0.06,
        "weightedaveragenumberofsharesoutstandingbasic": 757000000,
        "weightedaveragenumberofdilutedsharesoutstanding": 764000000
    },
    {
        "date": "2013-06-28",
        "symbol": "AMD",
        "period": "Q2",
        "netincomeloss": -74000000,
        "othercomprehensiveincomeunrealizedgainlossonderivativesarisingduringperiodnetoftax": -2000000,
        "othercomprehensiveincomelossderivativesqualifyingashedgesnetoftax": -2000000,
        "othercomprehensiveincomelossnetoftaxportionattributabletoparent": -2000000,
        "comprehensiveincomenetoftax": -76000000,
        "othercomprehensiveincomeunrealizedgainlossonderivativesarisingduringperiodtax": -1000000,
        "salesrevenuenet": 1161000000,
        "costofgoodssold": 702000000,
        "grossprofit": 459000000,
        "researchanddevelopmentexpense": 308000000,
        "sellinggeneralandadministrativeexpense": 171000000,
        "amortizationofintangibleassets": 4000000,
        "restructuringcharges": 5000000,
        "operatingincomeloss": -31000000,
        "investmentincomeinterest": 2000000,
        "interestexpense": 42000000,
        "othernonoperatingincomeexpense": -2000000,
        "incomelossfromcontinuingoperationsbeforeincometaxesminorityinterestandincomelossfromequitymethodinvestments": -71000000,
        "incometaxexpensebenefit": 3000000,
        "earningspersharebasic": -0.1,
        "earningspersharediluted": -0.1,
        "weightedaveragenumberofsharesoutstandingbasic": 752000000,
        "weightedaveragenumberofdilutedsharesoutstanding": 752000000
    },
    {
        "date": "2012-09-28",
        "symbol": "AMD",
        "period": "Q3",
        "comprehensiveincomenetoftax": -154000000,
        "salesrevenuegoodsnet": 342000000,
        "costofgoodssold": 877000000,
        "grossprofit": 392000000,
        "researchanddevelopmentexpense": 328000000,
        "sellinggeneralandadministrativeexpense": 188000000,
        "finitelivedintangibleassetsamortizationexpense": 4000000,
        "restructuringcharges": 3000000,
        "operatingincomeloss": 18000000,
        "investmentincomeinterest": 2000000,
        "interestexpense": 44000000,
        "othernonoperatingincomeexpense": 16000000,
        "incomelossfromcontinuingoperationsbeforeincometaxesminorityinterestandincomelossfromequitymethodinvestments": -157000000,
        "incometaxexpensebenefit": 1000000,
        "profitloss": -157000000,
        "earningspersharebasic": -0.21,
        "earningspersharediluted": -0.21,
        "weightedaveragenumberofsharesoutstandingbasic": 745000000,
        "weightedaveragenumberofdilutedsharesoutstanding": 745000000
    },
    {
        "date": "2012-06-29",
        "symbol": "AMD",
        "period": "Q2",
        "comprehensiveincomenetoftax": 41000000,
        "salesrevenuegoodsnet": 367000000,
        "costofgoodssold": 775000000,
        "grossprofit": 638000000,
        "researchanddevelopmentexpense": 345000000,
        "sellinggeneralandadministrativeexpense": 212000000,
        "finitelivedintangibleassetsamortizationexpense": 4000000,
        "restructuringcharges": 0,
        "operatingincomeloss": 31000000,
        "investmentincomeinterest": 2000000,
        "interestexpense": 43000000,
        "othernonoperatingincomeexpense": -5000000,
        "incomelossfromcontinuingoperationsbeforeincometaxesminorityinterestandincomelossfromequitymethodinvestments": 31000000,
        "incometaxexpensebenefit": 8000000,
        "profitloss": 37000000,
        "earningspersharebasic": 0.050000000000000044,
        "earningspersharediluted": 0.050000000000000044,
        "weightedaveragenumberofsharesoutstandingbasic": 3000000,
        "weightedaveragenumberofdilutedsharesoutstanding": 3000000
    },
    {
        "date": "2012-03-30",
        "symbol": "AMD",
        "period": "Q1",
        "salesrevenuegoodsnet": 382000000,
        "costofgoodssold": 1558000000,
        "grossprofit": 27000000,
        "researchanddevelopmentexpense": 368000000,
        "sellinggeneralandadministrativeexpense": 230000000,
        "finitelivedintangibleassetsamortizationexpense": 1000000,
        "restructuringcharges": 8000000,
        "operatingincomeloss": 34000000,
        "investmentincomeinterest": 2000000,
        "interestexpense": 43000000,
        "othernonoperatingincomeexpense": -1000000,
        "incomelossfromcontinuingoperationsbeforeincometaxesminorityinterestandincomelossfromequitymethodinvestments": -622000000,
        "incometaxexpensebenefit": 1000000,
        "profitloss": -590000000,
        "earningspersharebasic": -0.8,
        "earningspersharediluted": -0.8,
        "weightedaveragenumberofsharesoutstandingbasic": 734000000,
        "weightedaveragenumberofdilutedsharesoutstanding": 734000000,
        "comprehensiveincomenetoftax": -593000000
    },
    {
        "date": "2011-09-30",
        "symbol": "AMD",
        "period": "Q3",
        "salesrevenuegoodsnet": 403000000,
        "costofgoodssold": 934000000,
        "grossprofit": 756000000,
        "researchanddevelopmentexpense": 361000000,
        "sellinggeneralandadministrativeexpense": 249000000,
        "amortizationofintangibleassets": 8000000,
        "operatingincomeloss": 12000000,
        "investmentincomeinterest": 3000000,
        "interestexpense": 42000000,
        "othernonoperatingincomeexpense": -7000000,
        "incomelossfromcontinuingoperationsbeforeincometaxesminorityinterestandincomelossfromequitymethodinvestments": 92000000,
        "incometaxexpensebenefit": -5000000,
        "profitloss": 97000000,
        "earningspersharebasic": 0.13,
        "earningspersharediluted": 0.13,
        "weightedaveragenumberofsharesoutstandingbasic": 729000000,
        "weightedaveragenumberofdilutedsharesoutstanding": 741000000
    },
    {
        "date": "2011-07-01",
        "symbol": "AMD",
        "period": "Q2",
        "salesrevenuegoodsnet": -833000000,
        "costofgoodssold": 854000000,
        "grossprofit": 720000000,
        "researchanddevelopmentexpense": 367000000,
        "sellinggeneralandadministrativeexpense": 239000000,
        "amortizationofintangibleassets": 9000000,
        "operatingincomeloss": -42000000,
        "investmentincomeinterest": 2000000,
        "interestexpense": 47000000,
        "othernonoperatingincomeexpense": 4000000,
        "incomelossfromcontinuingoperationsbeforeincometaxesminorityinterestandincomelossfromequitymethodinvestments": 64000000,
        "incometaxexpensebenefit": 3000000,
        "incomelossfromequitymethodinvestments": 0,
        "profitloss": 61000000,
        "earningspersharebasic": 0.08000000000000007,
        "earningspersharediluted": 0.07999999999999996,
        "weightedaveragenumberofsharesoutstandingbasic": 2000000,
        "weightedaveragenumberofdilutedsharesoutstanding": 2000000
    },
    {
        "date": "2011-04-01",
        "symbol": "AMD",
        "period": "Q1",
        "salesrevenuegoodsnet": 1613000000,
        "costofgoodssold": 922000000,
        "grossprofit": 691000000,
        "researchanddevelopmentexpense": 367000000,
        "sellinggeneralandadministrativeexpense": 261000000,
        "amortizationofintangibleassets": 9000000,
        "operatingincomeloss": 54000000,
        "investmentincomeinterest": 3000000,
        "interestexpense": 48000000,
        "othernonoperatingincomeexpense": 11000000,
        "incomelossfromcontinuingoperationsbeforeincometaxesminorityinterestandincomelossfromequitymethodinvestments": 20000000,
        "incometaxexpensebenefit": 2000000,
        "incomelossfromequitymethodinvestments": 492000000,
        "profitloss": 510000000,
        "earningspersharebasic": 0.71,
        "earningspersharediluted": 0.68,
        "weightedaveragenumberofsharesoutstandingbasic": 720000000,
        "weightedaveragenumberofdilutedsharesoutstanding": 764000000
    },
    {
        "date": "2010-06-25",
        "symbol": "AMD",
        "period": "Q2",
        "salesrevenuegoodsnet": 1653000000,
        "costofgoodssold": 915000000,
        "grossprofit": 738000000,
        "researchanddevelopmentexpense": 371000000,
        "sellinggeneralandadministrativeexpense": 229000000,
        "amortizationofintangibleassets": 17000000,
        "restructuringcharges": -4000000,
        "operatingincomeloss": 125000000,
        "investmentincomeinterest": 3000000,
        "interestexpense": 55000000,
        "othernonoperatingincomeexpense": -1000000,
        "incomelossfromcontinuingoperationsbeforeincometaxesminorityinterestandincomelossfromequitymethodinvestments": 72000000,
        "incometaxexpensebenefit": -5000000,
        "incomelossfromequitymethodinvestments": -120000000,
        "profitloss": -43000000,
        "netincomelossavailabletocommonstockholdersbasic": -43000000,
        "earningspersharebasic": -0.06,
        "earningspersharediluted": -0.06,
        "weightedaveragenumberofsharesoutstandingbasic": 709000000,
        "weightedaveragenumberofdilutedsharesoutstanding": 709000000
    }
]