[
    {
        "date": "2024-09-29",
        "symbol": "CBRE",
        "period": "Q3",
        "revenues": 9036000000,
        "costofrevenue": 7252000000,
        "operatingadministrativeandotherexpenses": 1237000000,
        "depreciationandamortization": 178000000,
        "costandexpensesexcludinggainondispositionofrealestateassets": 8667000000,
        "gainslossesonsalesofinvestmentrealestate": -1000000,
        "operatingincomeloss": 799000000,
        "incomelossfromequitymethodinvestments": -4000000,
        "othernonoperatingincomeexpense": 12000000,
        "interestincomeexpensenet": -64000000,
        "incomelossfromcontinuingoperationsbeforeincometaxesextraordinaryitemsnoncontrollinginterest": -5000000,
        "incometaxexpensebenefit": 67000000,
        "profitloss": 245000000,
        "netincomelossattributabletononcontrollinginterest": 20000000,
        "netincomeloss": 225000000,
        "earningspersharebasic": 0.73,
        "weightedaveragenumberofsharesoutstandingbasic": 306253811,
        "earningspersharediluted": 0.73,
        "weightedaveragenumberofdilutedsharesoutstanding": 308305013,
        "othercomprehensiveincomelossforeigncurrencytransactionandtranslationadjustmentnetoftax": 178000000,
        "othercomprehensiveincomeunrealizedholdinggainlossonsecuritiesarisingduringperiodnetoftax": 1000000,
        "othercomprehensiveincomeothernetoftax": 1000000,
        "othercomprehensiveincomelossnetoftax": 180000000,
        "comprehensiveincomenetoftaxincludingportionattributabletononcontrollinginterest": 425000000,
        "comprehensiveincomenetoftaxattributabletononcontrollinginterest": 64000000,
        "comprehensiveincomenetoftax": 361000000
    },
    {
        "date": "2024-06-29",
        "symbol": "CBRE",
        "period": "Q2",
        "revenues": 8391000000,
        "costofrevenue": 6793000000,
        "operatingadministrativeandotherexpenses": 1191000000,
        "depreciationandamortization": 161000000,
        "costandexpensesexcludinggainondispositionofrealestateassets": 8145000000,
        "gainslossesonsalesofinvestmentrealestate": 0,
        "operatingincomeloss": 246000000,
        "incomelossfromequitymethodinvestments": -15000000,
        "othernonoperatingincomeexpense": 6000000,
        "interestincomeexpensenet": -63000000,
        "incomelossfromcontinuingoperationsbeforeincometaxesextraordinaryitemsnoncontrollinginterest": 174000000,
        "incometaxexpensebenefit": 32000000,
        "profitloss": 142000000,
        "netincomelossattributabletononcontrollinginterest": 12000000,
        "netincomeloss": 130000000,
        "earningspersharebasic": 0.43,
        "weightedaveragenumberofsharesoutstandingbasic": 306276871,
        "earningspersharediluted": 0.42,
        "weightedaveragenumberofdilutedsharesoutstanding": 308269040,
        "othercomprehensiveincomelossforeigncurrencytransactionandtranslationadjustmentnetoftax": -27000000,
        "othercomprehensiveincomelossnetoftax": -25000000,
        "comprehensiveincomenetoftaxincludingportionattributabletononcontrollinginterest": 117000000,
        "comprehensiveincomenetoftaxattributabletononcontrollinginterest": 13000000,
        "comprehensiveincomenetoftax": 104000000
    },
    {
        "date": "2024-03-30",
        "symbol": "CBRE",
        "period": "Q1",
        "revenues": 7935000000,
        "costofrevenue": 6475000000,
        "operatingadministrativeandotherexpenses": 1111000000,
        "depreciationandamortization": 158000000,
        "costandexpensesexcludinggainondispositionofrealestateassets": 7744000000,
        "gainslossesonsalesofinvestmentrealestate": 13000000,
        "operatingincomeloss": 204000000,
        "incomelossfromequitymethodinvestments": -58000000,
        "othernonoperatingincomeexpense": 9000000,
        "interestincomeexpensenet": -36000000,
        "incomelossfromcontinuingoperationsbeforeincometaxesextraordinaryitemsnoncontrollinginterest": 119000000,
        "incometaxexpensebenefit": -29000000,
        "profitloss": 148000000,
        "netincomelossattributabletononcontrollinginterest": 22000000,
        "netincomeloss": 126000000,
        "earningspersharebasic": 0.41,
        "weightedaveragenumberofsharesoutstandingbasic": 305808212,
        "earningspersharediluted": 0.41,
        "weightedaveragenumberofdilutedsharesoutstanding": 308502456,
        "othercomprehensiveincomelossforeigncurrencytransactionandtranslationadjustmentnetoftax": -88000000,
        "othercomprehensiveincomelossnetoftax": -88000000,
        "comprehensiveincomenetoftaxincludingportionattributabletononcontrollinginterest": 60000000,
        "comprehensiveincomenetoftaxattributabletononcontrollinginterest": 15000000,
        "comprehensiveincomenetoftax": 45000000
    },
    {
        "date": "2023-12-30",
        "symbol": "CBRE",
        "period": "Q4",
        "revenues": 14090001000,
        "costofrevenue": 7092267000,
        "operatingadministrativeandotherexpenses": 1206241000,
        "depreciationandamortization": 156961000,
        "costandexpensesexcludinggainondispositionofrealestateassets": 8455469000,
        "gainslossesonsalesofinvestmentrealestate": 9263000,
        "operatingincomeloss": -3086367000,
        "incomelossfromequitymethodinvestments": 127181000,
        "othernonoperatingincomeexpense": 39285000,
        "interestincomeexpensenet": -39398000,
        "incomelossfromcontinuingoperationsbeforeincometaxesextraordinaryitemsnoncontrollinginterest": 630839000,
        "incometaxexpensebenefit": 136009000,
        "profitloss": -1066404000,
        "netincomelossattributabletononcontrollinginterest": 17678000,
        "netincomeloss": 477152000,
        "earningspersharebasic": 1.5500000000000003,
        "weightedaveragenumberofsharesoutstandingbasic": 308430080,
        "earningspersharediluted": 1.5299999999999998,
        "weightedaveragenumberofdilutedsharesoutstanding": 312550942,
        "othercomprehensiveincomelossforeigncurrencytransactionandtranslationadjustmentnetoftax": 206573000,
        "othercomprehensiveincomeothernetoftax": -24957000,
        "othercomprehensiveincomelossnetoftax": 159095000,
        "comprehensiveincomenetoftaxincludingportionattributabletononcontrollinginterest": 653925000,
        "comprehensiveincomenetoftaxattributabletononcontrollinginterest": 56868000,
        "comprehensiveincomenetoftax": 597057000
    },
    {
        "date": "2023-09-29",
        "symbol": "CBRE",
        "period": "Q3",
        "revenues": 7868046000,
        "costofrevenue": 6396824000,
        "operatingadministrativeandotherexpenses": 1058043000,
        "depreciationandamortization": 149161000,
        "costandexpensesexcludinggainondispositionofrealestateassets": 7604028000,
        "gainslossesonsalesofinvestmentrealestate": 5417000,
        "operatingincomeloss": 269435000,
        "incomelossfromequitymethodinvestments": -13361000,
        "othernonoperatingincomeexpense": 13628000,
        "interestincomeexpensenet": -38206000,
        "incomelossfromcontinuingoperationsbeforeincometaxesextraordinaryitemsnoncontrollinginterest": 231496000,
        "incometaxexpensebenefit": 30551000,
        "profitloss": 200945000,
        "netincomelossattributabletononcontrollinginterest": 10392000,
        "netincomeloss": 190553000,
        "earningspersharebasic": 0.62,
        "weightedaveragenumberofsharesoutstandingbasic": 307854518,
        "earningspersharediluted": 0.61,
        "weightedaveragenumberofdilutedsharesoutstanding": 312221133,
        "othercomprehensiveincomelossforeigncurrencytransactionandtranslationadjustmentnetoftax": -145168000,
        "reclassificationfromaccumulatedothercomprehensiveincomecurrentperiodnetoftax": -110000,
        "othercomprehensiveincomeunrealizedholdinggainlossonsecuritiesarisingduringperiodnetoftax": -467000,
        "othercomprehensiveincomeothernetoftax": 1400000,
        "othercomprehensiveincomelossnetoftax": -144125000,
        "comprehensiveincomenetoftaxincludingportionattributabletononcontrollinginterest": 56820000,
        "comprehensiveincomenetoftaxattributabletononcontrollinginterest": -18836000,
        "comprehensiveincomenetoftax": 75656000
    },
    {
        "date": "2023-06-29",
        "symbol": "CBRE",
        "period": "Q2",
        "revenues": 7719863000,
        "costofrevenue": 6179496000,
        "operatingadministrativeandotherexpenses": 1088812000,
        "depreciationandamortization": 154387000,
        "costandexpensesexcludinggainondispositionofrealestateassets": 7422695000,
        "gainslossesonsalesofinvestmentrealestate": 9261000,
        "operatingincomeloss": 306429000,
        "incomelossfromequitymethodinvestments": -7502000,
        "othernonoperatingincomeexpense": 5612000,
        "interestincomeexpensenet": -42982000,
        "incomelossfromcontinuingoperationsbeforeincometaxesextraordinaryitemsnoncontrollinginterest": 261557000,
        "incometaxexpensebenefit": 55404000,
        "profitloss": 206153000,
        "netincomelossattributabletononcontrollinginterest": 4750000,
        "netincomeloss": 201403000,
        "earningspersharebasic": 0.65,
        "weightedaveragenumberofsharesoutstandingbasic": 310857203,
        "earningspersharediluted": 0.64,
        "weightedaveragenumberofdilutedsharesoutstanding": 314282247,
        "othercomprehensiveincomelossforeigncurrencytransactionandtranslationadjustmentnetoftax": 35945000,
        "reclassificationfromaccumulatedothercomprehensiveincomecurrentperiodnetoftax": -111000,
        "othercomprehensiveincomeunrealizedholdinggainlossonsecuritiesarisingduringperiodnetoftax": 643000,
        "othercomprehensiveincomeothernetoftax": -1000,
        "othercomprehensiveincomelossnetoftax": 36698000,
        "comprehensiveincomenetoftaxincludingportionattributabletononcontrollinginterest": 242851000,
        "comprehensiveincomenetoftaxattributabletononcontrollinginterest": 17138000,
        "comprehensiveincomenetoftax": 225713000
    },
    {
        "date": "2023-03-30",
        "symbol": "CBRE",
        "period": "Q1",
        "revenues": 2271090000,
        "costofrevenue": 6006413000,
        "operatingadministrativeandotherexpenses": 1208904000,
        "depreciationandamortization": 161491000,
        "costandexpensesexcludinggainondispositionofrealestateassets": 7376808000,
        "gainslossesonsalesofinvestmentrealestate": 3059000,
        "operatingincomeloss": 3627503000,
        "incomelossfromequitymethodinvestments": 141682000,
        "othernonoperatingincomeexpense": 2475000,
        "interestincomeexpensenet": -28414000,
        "incomelossfromcontinuingoperationsbeforeincometaxesextraordinaryitemsnoncontrollinginterest": 153108000,
        "incometaxexpensebenefit": 28036000,
        "profitloss": 1686306000,
        "netincomelossattributabletononcontrollinginterest": 8180000,
        "netincomeloss": 116892000,
        "earningspersharebasic": 0.38,
        "weightedaveragenumberofsharesoutstandingbasic": 310464609,
        "earningspersharediluted": 0.37,
        "weightedaveragenumberofdilutedsharesoutstanding": 315358147,
        "othercomprehensiveincomelossforeigncurrencytransactionandtranslationadjustmentnetoftax": 13650000,
        "reclassificationfromaccumulatedothercomprehensiveincomecurrentperiodnetoftax": -110000,
        "othercomprehensiveincomeunrealizedholdinggainlossonsecuritiesarisingduringperiodnetoftax": -70000,
        "othercomprehensiveincomeothernetoftax": 5558000,
        "othercomprehensiveincomelossnetoftax": 43332000,
        "comprehensiveincomenetoftaxincludingportionattributabletononcontrollinginterest": 168404000,
        "comprehensiveincomenetoftaxattributabletononcontrollinginterest": 21830000,
        "comprehensiveincomenetoftax": 146574000
    },
    {
        "date": "2022-09-29",
        "symbol": "CBRE",
        "period": "Q3",
        "revenues": 18129550000,
        "costofrevenue": 5934490000,
        "operatingadministrativeandotherexpenses": 1080316000,
        "depreciationandamortization": 142136000,
        "assetimpairmentcharges": 0,
        "costandexpensesexcludinggainondispositionofrealestateassets": 7156942000,
        "gainslossesonsalesofinvestmentrealestate": 1746000,
        "operatingincomeloss": 802853000,
        "incomelossfromequitymethodinvestments": 233972000,
        "othernonoperatingincomeexpense": 7844000,
        "interestincomeexpensenet": -19957000,
        "incomelossfromcontinuingoperationsbeforeincometaxesextraordinaryitemsnoncontrollinginterest": 594347000,
        "incometaxexpensebenefit": 142667000,
        "profitloss": -1614214000,
        "netincomelossattributabletononcontrollinginterest": 5041000,
        "netincomeloss": 446639000,
        "earningspersharebasic": 1.3900000000000003,
        "weightedaveragenumberofsharesoutstandingbasic": -331634909,
        "earningspersharediluted": 1.3699999999999999,
        "weightedaveragenumberofdilutedsharesoutstanding": -336425721,
        "othercomprehensiveincomelossforeigncurrencytransactionandtranslationadjustmentnetoftax": -637072000,
        "reclassificationfromaccumulatedothercomprehensiveincomecurrentperiodnetoftax": -113000,
        "othercomprehensiveincomeunrealizedholdinggainlossonsecuritiesarisingduringperiodnetoftax": -1313000,
        "othercomprehensiveincomeothernetoftax": 127000,
        "othercomprehensiveincomelossnetoftax": -330867000,
        "comprehensiveincomenetoftaxincludingportionattributabletononcontrollinginterest": 120813000,
        "comprehensiveincomenetoftaxattributabletononcontrollinginterest": -54312000,
        "comprehensiveincomenetoftax": 175125000
    },
    {
        "date": "2022-06-29",
        "symbol": "CBRE",
        "period": "Q2",
        "revenues": 2288670000,
        "costofrevenue": 6053984000,
        "operatingadministrativeandotherexpenses": 1188819000,
        "depreciationandamortization": 162359000,
        "assetimpairmentcharges": 26405000,
        "costandexpensesexcludinggainondispositionofrealestateassets": 7431567000,
        "gainslossesonsalesofinvestmentrealestate": 177226000,
        "operatingincomeloss": 191693000,
        "incomelossfromequitymethodinvestments": 119168000,
        "othernonoperatingincomeexpense": -6909000,
        "interestincomeexpensenet": -18518000,
        "incomelossfromcontinuingoperationsbeforeincometaxesextraordinaryitemsnoncontrollinginterest": 610678000,
        "incometaxexpensebenefit": 120762000,
        "profitloss": 1499234000,
        "netincomelossattributabletononcontrollinginterest": 2594000,
        "netincomeloss": 487322000,
        "earningspersharebasic": 1.5,
        "weightedaveragenumberofsharesoutstandingbasic": 325415305,
        "earningspersharediluted": 1.48,
        "weightedaveragenumberofdilutedsharesoutstanding": 329843710,
        "othercomprehensiveincomelossforeigncurrencytransactionandtranslationadjustmentnetoftax": -55874000,
        "reclassificationfromaccumulatedothercomprehensiveincomecurrentperiodnetoftax": -107000,
        "othercomprehensiveincomeunrealizedholdinggainlossonsecuritiesarisingduringperiodnetoftax": -2116000,
        "othercomprehensiveincomeothernetoftax": -100000,
        "othercomprehensiveincomelossnetoftax": -306003000,
        "comprehensiveincomenetoftaxincludingportionattributabletononcontrollinginterest": 183913000,
        "comprehensiveincomenetoftaxattributabletononcontrollinginterest": -53280000,
        "comprehensiveincomenetoftax": 237193000
    },
    {
        "date": "2022-03-30",
        "symbol": "CBRE",
        "period": "Q1",
        "revenues": 2215537000,
        "costofrevenue": 5752194000,
        "operatingadministrativeandotherexpenses": 1065996000,
        "depreciationandamortization": 149032000,
        "assetimpairmentcharges": 10351000,
        "costandexpensesexcludinggainondispositionofrealestateassets": 6977573000,
        "gainslossesonsalesofinvestmentrealestate": 21592000,
        "operatingincomeloss": 273693000,
        "incomelossfromequitymethodinvestments": 42871000,
        "othernonoperatingincomeexpense": -14464000,
        "interestincomeexpensenet": -12826000,
        "incomelossfromcontinuingoperationsbeforeincometaxesextraordinaryitemsnoncontrollinginterest": 392533000,
        "incometaxexpensebenefit": -3738000,
        "profitloss": 1452847000,
        "netincomelossattributabletononcontrollinginterest": 3974000,
        "netincomeloss": 392297000,
        "earningspersharebasic": 1.18,
        "weightedaveragenumberofsharesoutstandingbasic": 331925104,
        "earningspersharediluted": 1.16,
        "weightedaveragenumberofdilutedsharesoutstanding": 337140325,
        "othercomprehensiveincomelossforeigncurrencytransactionandtranslationadjustmentnetoftax": -22027000,
        "reclassificationfromaccumulatedothercomprehensiveincomecurrentperiodnetoftax": -108000,
        "othercomprehensiveincomeunrealizedholdinggainlossonsecuritiesarisingduringperiodnetoftax": -1731000,
        "othercomprehensiveincomeothernetoftax": 100000,
        "othercomprehensiveincomelossnetoftax": -82808000,
        "comprehensiveincomenetoftaxincludingportionattributabletononcontrollinginterest": 313463000,
        "comprehensiveincomenetoftaxattributabletononcontrollinginterest": -18053000,
        "comprehensiveincomenetoftax": 331516000
    },
    {
        "date": "2021-12-30",
        "symbol": "CBRE",
        "period": "Q4",
        "revenues": 6414881000,
        "costofrevenue": 16320560000,
        "operatingadministrativeandotherexpenses": 1262960000,
        "depreciationandamortization": -335121000,
        "costandexpensesexcludinggainondispositionofrealestateassets": 19772370000,
        "gainslossesonsalesofinvestmentrealestate": 51378000,
        "operatingincomeloss": -865801000,
        "incomelossfromequitymethodinvestments": -422677000,
        "othernonoperatingincomeexpense": 181139000,
        "interestincomeexpensenet": -15436000,
        "incomelossfromcontinuingoperationsbeforeincometaxesextraordinaryitemsnoncontrollinginterest": -1492820000,
        "incometaxexpensebenefit": 224227000,
        "profitloss": 1982493000,
        "netincomelossattributabletononcontrollinginterest": 882000,
        "netincomeloss": 691992000,
        "earningspersharebasic": 2.0700000000000003,
        "weightedaveragenumberofsharesoutstandingbasic": -132102,
        "earningspersharediluted": 2.05,
        "weightedaveragenumberofdilutedsharesoutstanding": -619758,
        "othercomprehensiveincomelossforeigncurrencytransactionandtranslationadjustmentnetoftax": -11574000,
        "reclassificationfromaccumulatedothercomprehensiveincomecurrentperiodnetoftax": -107000,
        "othercomprehensiveincomeunrealizedholdinggainlossonsecuritiesarisingduringperiodnetoftax": -993000,
        "othercomprehensiveincomelossnetoftax": 1943000,
        "comprehensiveincomenetoftaxincludingportionattributabletononcontrollinginterest": 694817000,
        "comprehensiveincomenetoftaxattributabletononcontrollinginterest": -10692000,
        "comprehensiveincomenetoftax": 705509000
    },
    {
        "date": "2021-09-29",
        "symbol": "CBRE",
        "period": "Q3",
        "revenues": 6798327000,
        "costofrevenue": 5258947000,
        "operatingadministrativeandotherexpenses": 1025681000,
        "depreciationandamortization": 122564000,
        "costandexpensesexcludinggainondispositionofrealestateassets": 6407192000,
        "gainslossesonsalesofinvestmentrealestate": 18530000,
        "operatingincomeloss": 409665000,
        "incomelossfromequitymethodinvestments": 163809000,
        "othernonoperatingincomeexpense": 7693000,
        "interestincomeexpensenet": -11038000,
        "incomelossfromcontinuingoperationsbeforeincometaxesextraordinaryitemsnoncontrollinginterest": 570129000,
        "incometaxexpensebenefit": 133507000,
        "profitloss": 436622000,
        "netincomelossattributabletononcontrollinginterest": 879000,
        "netincomeloss": 435743000,
        "earningspersharebasic": 1.3,
        "weightedaveragenumberofsharesoutstandingbasic": 335364942,
        "earningspersharediluted": 1.28,
        "weightedaveragenumberofdilutedsharesoutstanding": 340337159,
        "othercomprehensiveincomelossforeigncurrencytransactionandtranslationadjustmentnetoftax": -90244000,
        "reclassificationfromaccumulatedothercomprehensiveincomecurrentperiodnetoftax": -110000,
        "othercomprehensiveincomeunrealizedholdinggainlossonsecuritiesarisingduringperiodnetoftax": 215000,
        "othercomprehensiveincomeothernetoftax": 105000,
        "othercomprehensiveincomelossnetoftax": -89814000,
        "comprehensiveincomenetoftaxincludingportionattributabletononcontrollinginterest": 346808000,
        "comprehensiveincomenetoftaxattributabletononcontrollinginterest": 677000,
        "comprehensiveincomenetoftax": 346131000
    },
    {
        "date": "2021-06-29",
        "symbol": "CBRE",
        "period": "Q2",
        "revenues": 6458613000,
        "costofrevenue": 5016759000,
        "operatingadministrativeandotherexpenses": 957216000,
        "depreciationandamortization": 119085000,
        "costandexpensesexcludinggainondispositionofrealestateassets": 6093060000,
        "gainslossesonsalesofinvestmentrealestate": 929000,
        "operatingincomeloss": 366482000,
        "incomelossfromequitymethodinvestments": 212132000,
        "othernonoperatingincomeexpense": 12045000,
        "interestincomeexpensenet": -13772000,
        "incomelossfromcontinuingoperationsbeforeincometaxesextraordinaryitemsnoncontrollinginterest": 576887000,
        "incometaxexpensebenefit": 133445000,
        "profitloss": 443442000,
        "netincomelossattributabletononcontrollinginterest": 805000,
        "netincomeloss": 442637000,
        "earningspersharebasic": 1.32,
        "weightedaveragenumberofsharesoutstandingbasic": 335643233,
        "earningspersharediluted": 1.3,
        "weightedaveragenumberofdilutedsharesoutstanding": 339502871,
        "othercomprehensiveincomelossforeigncurrencytransactionandtranslationadjustmentnetoftax": 18402000,
        "reclassificationfromaccumulatedothercomprehensiveincomecurrentperiodnetoftax": -107000,
        "othercomprehensiveincomeunrealizedholdinggainlossonsecuritiesarisingduringperiodnetoftax": -508000,
        "othercomprehensiveincomelossnetoftax": 18001000,
        "comprehensiveincomenetoftaxincludingportionattributabletononcontrollinginterest": 461443000,
        "comprehensiveincomenetoftaxattributabletononcontrollinginterest": 835000,
        "comprehensiveincomenetoftax": 460608000
    },
    {
        "date": "2021-03-30",
        "symbol": "CBRE",
        "period": "Q1",
        "revenues": 5938879000,
        "costofrevenue": 4719546000,
        "operatingadministrativeandotherexpenses": 828327000,
        "depreciationandamortization": 122078000,
        "costandexpensesexcludinggainondispositionofrealestateassets": 5669951000,
        "gainslossesonsalesofinvestmentrealestate": 156000,
        "operatingincomeloss": 269084000,
        "incomelossfromequitymethodinvestments": 83594000,
        "othernonoperatingincomeexpense": 2732000,
        "interestincomeexpensenet": -10106000,
        "incomelossfromcontinuingoperationsbeforeincometaxesextraordinaryitemsnoncontrollinginterest": 345304000,
        "incometaxexpensebenefit": 76327000,
        "profitloss": 268977000,
        "netincomelossattributabletononcontrollinginterest": 2775000,
        "netincomeloss": 266202000,
        "earningspersharebasic": 0.79,
        "weightedaveragenumberofsharesoutstandingbasic": 335860494,
        "earningspersharediluted": 0.78,
        "weightedaveragenumberofdilutedsharesoutstanding": 339580504,
        "othercomprehensiveincomelossforeigncurrencytransactionandtranslationadjustmentnetoftax": -52346000,
        "reclassificationfromaccumulatedothercomprehensiveincomecurrentperiodnetoftax": -107000,
        "othercomprehensiveincomeunrealizedholdinggainlossonsecuritiesarisingduringperiodnetoftax": -678000,
        "othercomprehensiveincomelossnetoftax": -52917000,
        "comprehensiveincomenetoftaxincludingportionattributabletononcontrollinginterest": 216060000,
        "comprehensiveincomenetoftaxattributabletononcontrollinginterest": 2667000,
        "comprehensiveincomenetoftax": 213393000
    },
    {
        "date": "2020-12-30",
        "symbol": "CBRE",
        "period": "Q4",
        "revenues": 1021333000,
        "costofrevenue": 658156000,
        "operatingadministrativeandotherexpenses": 951106000,
        "depreciationandamortization": 143825000,
        "costandexpensesexcludinggainondispositionofrealestateassets": 787561000,
        "gainslossesonsalesofinvestmentrealestate": 12661000,
        "operatingincomeloss": 443896000,
        "incomelossfromequitymethodinvestments": 53674000,
        "othernonoperatingincomeexpense": 4420000,
        "interestincomeexpensenet": -15958000,
        "incomelossfromcontinuingoperationsbeforeincometaxesextraordinaryitemsnoncontrollinginterest": 410440000,
        "incometaxexpensebenefit": 95054000,
        "profitloss": 143191000,
        "netincomelossattributabletononcontrollinginterest": 1621000,
        "netincomeloss": 313765000,
        "earningspersharebasic": 0.9300000000000002,
        "weightedaveragenumberofsharesoutstandingbasic": -334902061,
        "earningspersharediluted": 0.9200000000000002,
        "weightedaveragenumberofdilutedsharesoutstanding": -339601560,
        "othercomprehensiveincomelossforeigncurrencytransactionandtranslationadjustmentnetoftax": 336811000,
        "reclassificationfromaccumulatedothercomprehensiveincomecurrentperiodnetoftax": -106000,
        "othercomprehensiveincomeunrealizedholdinggainlossonsecuritiesarisingduringperiodnetoftax": 125000,
        "othercomprehensiveincomelossnetoftax": 201888000,
        "comprehensiveincomenetoftaxincludingportionattributabletononcontrollinginterest": 517274000,
        "comprehensiveincomenetoftaxattributabletononcontrollinginterest": 1836000,
        "comprehensiveincomenetoftax": 515438000
    },
    {
        "date": "2020-09-29",
        "symbol": "CBRE",
        "period": "Q3",
        "revenues": 5645142000,
        "costofrevenue": 4564579000,
        "operatingadministrativeandotherexpenses": 794227000,
        "depreciationandamortization": 127725000,
        "assetimpairmentcharges": 0,
        "costandexpensesexcludinggainondispositionofrealestateassets": 5486531000,
        "gainslossesonsalesofinvestmentrealestate": 52797000,
        "operatingincomeloss": 211408000,
        "incomelossfromequitymethodinvestments": 32376000,
        "othernonoperatingincomeexpense": 7947000,
        "interestincomeexpensenet": -17829000,
        "incomelossfromcontinuingoperationsbeforeincometaxesextraordinaryitemsnoncontrollinginterest": 233902000,
        "incometaxexpensebenefit": 49062000,
        "profitloss": 184840000,
        "netincomelossattributabletononcontrollinginterest": 708000,
        "netincomeloss": 184132000,
        "earningspersharebasic": 0.55,
        "weightedaveragenumberofsharesoutstandingbasic": 80416,
        "earningspersharediluted": 0.55,
        "weightedaveragenumberofdilutedsharesoutstanding": -293946,
        "othercomprehensiveincomelossforeigncurrencytransactionandtranslationadjustmentnetoftax": 106201000,
        "reclassificationfromaccumulatedothercomprehensiveincomecurrentperiodnetoftax": -106000,
        "othercomprehensiveincomeunrealizedholdinggainlossonsecuritiesarisingduringperiodnetoftax": 811000,
        "othercomprehensiveincomelossnetoftax": 107118000,
        "comprehensiveincomenetoftaxincludingportionattributabletononcontrollinginterest": 291958000,
        "comprehensiveincomenetoftaxattributabletononcontrollinginterest": 708000,
        "comprehensiveincomenetoftax": 291250000
    },
    {
        "date": "2020-06-29",
        "symbol": "CBRE",
        "period": "Q2",
        "revenues": 11270552000,
        "costofrevenue": 9112211000,
        "operatingadministrativeandotherexpenses": 770806000,
        "depreciationandamortization": 116384000,
        "assetimpairmentcharges": 24971000,
        "costandexpensesexcludinggainondispositionofrealestateassets": 10978432000,
        "gainslossesonsalesofinvestmentrealestate": -492000,
        "operatingincomeloss": 94165000,
        "incomelossfromequitymethodinvestments": 19480000,
        "othernonoperatingincomeexpense": 5220000,
        "interestincomeexpensenet": -17950000,
        "incomelossfromcontinuingoperationsbeforeincometaxesextraordinaryitemsnoncontrollinginterest": 100915000,
        "incometaxexpensebenefit": 18803000,
        "profitloss": 254307000,
        "netincomelossattributabletononcontrollinginterest": 215000,
        "netincomeloss": 81897000,
        "earningspersharebasic": 0.25,
        "weightedaveragenumberofsharesoutstandingbasic": 335048115,
        "earningspersharediluted": 0.24,
        "weightedaveragenumberofdilutedsharesoutstanding": 338549805,
        "othercomprehensiveincomelossforeigncurrencytransactionandtranslationadjustmentnetoftax": -146378000,
        "reclassificationfromaccumulatedothercomprehensiveincomecurrentperiodnetoftax": -100000,
        "othercomprehensiveincomeunrealizedholdinggainlossonsecuritiesarisingduringperiodnetoftax": -409000,
        "othercomprehensiveincomelossnetoftax": 12582000,
        "comprehensiveincomenetoftaxincludingportionattributabletononcontrollinginterest": 94694000,
        "comprehensiveincomenetoftaxattributabletononcontrollinginterest": 275000,
        "comprehensiveincomenetoftax": 94419000
    },
    {
        "date": "2020-03-30",
        "symbol": "CBRE",
        "period": "Q1",
        "revenues": 5889168000,
        "costofrevenue": 4712674000,
        "operatingadministrativeandotherexpenses": 790066000,
        "depreciationandamortization": 113794000,
        "assetimpairmentcharges": 75171000,
        "costandexpensesexcludinggainondispositionofrealestateassets": 5691705000,
        "gainslossesonsalesofinvestmentrealestate": 22827000,
        "operatingincomeloss": 220290000,
        "incomelossfromequitymethodinvestments": 20631000,
        "othernonoperatingincomeexpense": -193000,
        "interestincomeexpensenet": -16016000,
        "incomelossfromcontinuingoperationsbeforeincometaxesextraordinaryitemsnoncontrollinginterest": 224712000,
        "incometaxexpensebenefit": 51182000,
        "profitloss": 173530000,
        "netincomelossattributabletononcontrollinginterest": 1335000,
        "netincomeloss": 172195000,
        "earningspersharebasic": 0.51,
        "weightedaveragenumberofsharesoutstandingbasic": 334969826,
        "earningspersharediluted": 0.51,
        "weightedaveragenumberofdilutedsharesoutstanding": 339737911,
        "othercomprehensiveincomelossforeigncurrencytransactionandtranslationadjustmentnetoftax": -172374000,
        "reclassificationfromaccumulatedothercomprehensiveincomecurrentperiodnetoftax": -114000,
        "othercomprehensiveincomeunrealizedholdinggainlossonsecuritiesarisingduringperiodnetoftax": 909000,
        "othercomprehensiveincomelossnetoftax": -171351000,
        "comprehensiveincomenetoftaxincludingportionattributabletononcontrollinginterest": 2179000,
        "comprehensiveincomenetoftaxattributabletononcontrollinginterest": 1275000,
        "comprehensiveincomenetoftax": 904000
    },
    {
        "date": "2019-12-30",
        "symbol": "CBRE",
        "period": "Q4",
        "revenues": 7119407000,
        "depreciationandamortization": 115362000,
        "gainslossesonsalesofinvestmentrealestate": 551000,
        "operatingincomeloss": 513841000,
        "incomelossfromequitymethodinvestments": 40692000,
        "othernonoperatingincomeexpense": 2744000,
        "incomelossfromcontinuingoperationsbeforeincometaxesextraordinaryitemsnoncontrollinginterest": 539161000,
        "incometaxexpensebenefit": -99972000,
        "profitloss": 639133000,
        "netincomelossattributabletononcontrollinginterest": 1515000,
        "netincomeloss": 637618000,
        "earningspersharebasic": 1.8999999999999997,
        "weightedaveragenumberofsharesoutstandingbasic": -354065,
        "earningspersharediluted": 1.8800000000000003,
        "weightedaveragenumberofdilutedsharesoutstanding": -67136,
        "othercomprehensiveincomelossforeigncurrencytransactionandtranslationadjustmentnetoftax": 65680000,
        "reclassificationfromaccumulatedothercomprehensiveincomecurrentperiodnetoftax": -108000,
        "othercomprehensiveincomelosscashflowhedgegainlossafterreclassificationandtax": 4000,
        "othercomprehensiveincomeunrealizedholdinggainlossonsecuritiesarisingduringperiodnetoftax": -240000,
        "othercomprehensiveincomelossnetoftax": 107421000,
        "comprehensiveincomenetoftaxincludingportionattributabletononcontrollinginterest": 746554000,
        "comprehensiveincomenetoftaxattributabletononcontrollinginterest": 1603000,
        "comprehensiveincomenetoftax": 744951000
    },
    {
        "date": "2019-09-29",
        "symbol": "CBRE",
        "period": "Q3",
        "revenues": 5925101000,
        "costofgoodsandservicessold": 4687336000,
        "depreciationandamortization": 111560000,
        "gainslossesonsalesofinvestmentrealestate": 9000,
        "operatingincomeloss": 316630000,
        "incomelossfromequitymethodinvestments": 25796000,
        "othernonoperatingincomeexpense": 941000,
        "incomelossfromcontinuingoperationsbeforeincometaxesextraordinaryitemsnoncontrollinginterest": 321521000,
        "incometaxexpensebenefit": 63468000,
        "profitloss": 258053000,
        "netincomelossattributabletononcontrollinginterest": 1454000,
        "netincomeloss": 256599000,
        "earningspersharebasic": 0.77,
        "weightedaveragenumberofsharesoutstandingbasic": 27619,
        "earningspersharediluted": 0.75,
        "weightedaveragenumberofdilutedsharesoutstanding": 255692,
        "othercomprehensiveincomelossforeigncurrencytransactionandtranslationadjustmentnetoftax": -78177000,
        "reclassificationfromaccumulatedothercomprehensiveincomecurrentperiodnetoftax": -377000,
        "othercomprehensiveincomelosscashflowhedgegainlossafterreclassificationandtax": 7000,
        "othercomprehensiveincomeunrealizedholdinggainlossonsecuritiesarisingduringperiodnetoftax": 881000,
        "othercomprehensiveincomelossnetoftax": -69535000,
        "comprehensiveincomenetoftaxincludingportionattributabletononcontrollinginterest": 188518000,
        "comprehensiveincomenetoftaxattributabletononcontrollinginterest": 1340000,
        "comprehensiveincomenetoftax": 187178000
    },
    {
        "date": "2019-06-29",
        "symbol": "CBRE",
        "period": "Q2",
        "revenues": 8680190000,
        "costofgoodsandservicessold": 6789657000,
        "operatingexpenses": 1293682000,
        "depreciationandamortization": 172078000,
        "goodwillandintangibleassetimpairment": 0,
        "costsandexpenses": 8344454000,
        "gainslossesonsalesofinvestmentrealestate": 19241000,
        "operatingincomeloss": 354977000,
        "incomelossfromequitymethodinvestments": 93559000,
        "othernonoperatingincomeexpense": 6049000,
        "writeoffofdeferreddebtissuancecost": 0,
        "incomelossfromcontinuingoperationsbeforeincometaxesextraordinaryitemsnoncontrollinginterest": 865425000,
        "incometaxexpensebenefit": 65878000,
        "profitloss": 759026000,
        "netincomelossattributabletononcontrollinginterest": -293000,
        "netincomeloss": 752902000,
        "earningspersharebasic": 0.6599999999999999,
        "weightedaveragenumberofsharesoutstandingbasic": 101669,
        "earningspersharediluted": 0.6599999999999999,
        "weightedaveragenumberofdilutedsharesoutstanding": 175916,
        "othercomprehensiveincomelossforeigncurrencytransactionandtranslationadjustmentnetoftax": -2532000,
        "reclassificationfromaccumulatedothercomprehensiveincomecurrentperiodnetoftax": -425000,
        "othercomprehensiveincomelosscashflowhedgegainlossafterreclassificationandtax": -52000,
        "othercomprehensiveincomeunrealizedholdinggainlossonsecuritiesarisingduringperiodnetoftax": 705000,
        "othercomprehensiveincomeothernetoftax": 0,
        "othercomprehensiveincomelossnetoftax": -347000,
        "comprehensiveincomenetoftaxincludingportionattributabletononcontrollinginterest": 759616000,
        "comprehensiveincomenetoftaxattributabletononcontrollinginterest": -256000,
        "comprehensiveincomenetoftax": 753511000
    },
    {
        "date": "2019-03-30",
        "symbol": "CBRE",
        "period": "Q1",
        "revenues": 2169393000,
        "costofgoodsandservicessold": 1678167000,
        "operatingexpenses": 376591000,
        "depreciationandamortization": 40224000,
        "goodwillandintangibleassetimpairment": 89037000,
        "costsandexpenses": 2094982000,
        "gainslossesonsalesofinvestmentrealestate": 16000,
        "operatingincomeloss": 74427000,
        "incomelossfromequitymethodinvestments": 878000,
        "othernonoperatingincomeexpense": 19173000,
        "investmentincomeinterest": -29259000,
        "interestexpense": -29259000,
        "writeoffofdeferreddebtissuancecost": 2608000,
        "incomelossfromcontinuingoperationsbeforeincometaxesextraordinaryitemsnoncontrollinginterest": -364762000,
        "incometaxexpensebenefit": 40521000,
        "profitloss": -364762000,
        "netincomelossattributabletononcontrollinginterest": 6417000,
        "netincomeloss": -364762000,
        "earningspersharebasic": 0.49,
        "weightedaveragenumberofsharesoutstandingbasic": 336020431,
        "earningspersharediluted": 0.48,
        "weightedaveragenumberofdilutedsharesoutstanding": 340158399,
        "othercomprehensiveincomelossforeigncurrencytransactionandtranslationadjustmentnetoftax": 937000,
        "reclassificationfromaccumulatedothercomprehensiveincomecurrentperiodnetoftax": -410000,
        "othercomprehensiveincomelosscashflowhedgegainlossafterreclassificationandtax": -59000,
        "othercomprehensiveincomeunrealizedholdinggainlossonsecuritiesarisingduringperiodnetoftax": 755000,
        "othercomprehensiveincomeothernetoftax": 1000,
        "othercomprehensiveincomelossnetoftax": 937000,
        "comprehensiveincomenetoftaxincludingportionattributabletononcontrollinginterest": -364762000,
        "comprehensiveincomenetoftaxattributabletononcontrollinginterest": 6361000,
        "comprehensiveincomenetoftax": -364762000
    },
    {
        "date": "2018-09-29",
        "symbol": "CBRE",
        "period": "Q3",
        "revenues": 2265935000,
        "operatingexpenses": 370381000,
        "depreciationandamortization": 43832000,
        "costsandexpenses": 2112305000,
        "gainslossesonsalesofinvestmentrealestate": 4829000,
        "operatingincomeloss": 158459000,
        "incomelossfromequitymethodinvestments": 417000,
        "othernonoperatingincomeexpense": -116000,
        "investmentincomeinterest": -33563000,
        "interestexpense": -33563000,
        "incomelossfromcontinuingoperationsbeforeincometaxesextraordinaryitemsnoncontrollinginterest": -702032000,
        "incometaxexpensebenefit": 40966000,
        "profitloss": -702032000,
        "netincomelossattributabletononcontrollinginterest": 1220000,
        "netincomeloss": -702032000,
        "earningspersharebasic": 0.8499999999999999,
        "weightedaveragenumberofsharesoutstandingbasic": 165453,
        "earningspersharediluted": 0.8499999999999999,
        "weightedaveragenumberofdilutedsharesoutstanding": 236051,
        "othercomprehensiveincomelossforeigncurrencytransactionandtranslationadjustmentnetoftax": -30985000,
        "reclassificationfromaccumulatedothercomprehensiveincomecurrentperiodnetoftax": -570000,
        "othercomprehensiveincomeunrealizedgainlossonderivativesarisingduringperiodnetoftax": 65000,
        "othercomprehensiveincomeunrealizedholdinggainlossonsecuritiesarisingduringperiodnetoftax": 22000,
        "othercomprehensiveincomelossnetoftax": -30985000,
        "comprehensiveincomenetoftaxincludingportionattributabletononcontrollinginterest": -702032000,
        "comprehensiveincomenetoftaxattributabletononcontrollinginterest": 1357000,
        "comprehensiveincomenetoftax": -702032000
    },
    {
        "date": "2018-06-29",
        "symbol": "CBRE",
        "period": "Q2",
        "revenues": 2262580000,
        "operatingexpenses": 388875000,
        "depreciationandamortization": 45065000,
        "costsandexpenses": 2127482000,
        "gainslossesonsalesofinvestmentrealestate": 1081000,
        "operatingincomeloss": 136197000,
        "incomelossfromequitymethodinvestments": 1266000,
        "othernonoperatingincomeexpense": 2820000,
        "investmentincomeinterest": -34946000,
        "interestexpense": -34946000,
        "writeoffofdeferreddebtissuancecost": 0,
        "incomelossfromcontinuingoperationsbeforeincometaxesextraordinaryitemsnoncontrollinginterest": -560066000,
        "incometaxexpensebenefit": 34967000,
        "profitloss": -560066000,
        "netincomelossattributabletononcontrollinginterest": 964000,
        "netincomeloss": -560066000,
        "earningspersharebasic": 0.6800000000000002,
        "weightedaveragenumberofsharesoutstandingbasic": 96256,
        "earningspersharediluted": 0.6600000000000001,
        "weightedaveragenumberofdilutedsharesoutstanding": 441379,
        "othercomprehensiveincomelossforeigncurrencytransactionandtranslationadjustmentnetoftax": -165926000,
        "newaccountingpronouncementorchangeinaccountingprincipleeffectofadoptionquantification": 0,
        "reclassificationfromaccumulatedothercomprehensiveincomecurrentperiodnetoftax": -628000,
        "othercomprehensiveincomeunrealizedgainlossonderivativesarisingduringperiodnetoftax": 214000,
        "othercomprehensiveincomeunrealizedholdinggainlossonsecuritiesarisingduringperiodnetoftax": -122000,
        "othercomprehensiveincomeothernetoftax": 0,
        "othercomprehensiveincomelossnetoftax": -165926000,
        "comprehensiveincomenetoftaxincludingportionattributabletononcontrollinginterest": -560066000,
        "comprehensiveincomenetoftaxattributabletononcontrollinginterest": 480000,
        "comprehensiveincomenetoftax": -560066000
    },
    {
        "date": "2018-03-30",
        "symbol": "CBRE",
        "period": "Q1",
        "revenues": 2056258000,
        "costofservices": 1562348000,
        "operatingexpenses": 353701000,
        "depreciationandamortization": 43856000,
        "costsandexpenses": 1959905000,
        "gainslossesonsalesofinvestmentrealestate": 18000,
        "operatingincomeloss": 96353000,
        "incomelossfromequitymethodinvestments": 887000,
        "othernonoperatingincomeexpense": -5990000,
        "investmentincomeinterest": -32686000,
        "interestexpense": -32686000,
        "writeoffofdeferreddebtissuancecost": 27982000,
        "incomelossfromcontinuingoperationsbeforeincometaxesextraordinaryitemsnoncontrollinginterest": -387328000,
        "incometaxexpensebenefit": 26230000,
        "profitloss": -387328000,
        "netincomelossattributabletononcontrollinginterest": -163000,
        "netincomeloss": -387328000,
        "earningspersharebasic": 0.44,
        "weightedaveragenumberofsharesoutstandingbasic": 338890098,
        "earningspersharediluted": 0.44,
        "weightedaveragenumberofdilutedsharesoutstanding": 342589810,
        "othercomprehensiveincomelossforeigncurrencytransactionandtranslationadjustmentnetoftax": 66032000,
        "newaccountingpronouncementorchangeinaccountingprincipleeffectofadoptionquantification": -3964000,
        "reclassificationfromaccumulatedothercomprehensiveincomecurrentperiodnetoftax": -755000,
        "othercomprehensiveincomeunrealizedgainlossonderivativesarisingduringperiodnetoftax": 603000,
        "othercomprehensiveincomeunrealizedholdinggainlossonsecuritiesarisingduringperiodnetoftax": -505000,
        "othercomprehensiveincomeothernetoftax": 5508000,
        "othercomprehensiveincomelossnetoftax": 71540000,
        "comprehensiveincomenetoftaxincludingportionattributabletononcontrollinginterest": -387328000,
        "comprehensiveincomenetoftaxattributabletononcontrollinginterest": -358000,
        "comprehensiveincomenetoftax": -387328000
    },
    {
        "date": "2017-09-29",
        "symbol": "CBRE",
        "period": "Q3",
        "revenues": 1775865000,
        "costofservices": 1256713000,
        "operatingexpenses": 328406000,
        "depreciationandamortization": 41981000,
        "costsandexpenses": 1627100000,
        "gainslossesonsalesofinvestmentrealestate": 865000,
        "operatingincomeloss": 149630000,
        "incomelossfromequitymethodinvestments": 2395000,
        "othernonoperatingincomeexpense": 1313000,
        "investmentincomeinterest": -30651000,
        "interestexpense": -30651000,
        "incomelossfromcontinuingoperationsbeforeincometaxesextraordinaryitemsnoncontrollinginterest": -495075000,
        "incometaxexpensebenefit": 41563000,
        "profitloss": -495075000,
        "netincomelossattributabletononcontrollinginterest": 1044000,
        "netincomeloss": -495075000,
        "earningspersharebasic": 0.58,
        "weightedaveragenumberofsharesoutstandingbasic": 337948324,
        "earningspersharediluted": 0.58,
        "weightedaveragenumberofdilutedsharesoutstanding": 341186431,
        "othercomprehensiveincomelossforeigncurrencytransactionandtranslationadjustmentnetoftax": 64711000,
        "reclassificationfromaccumulatedothercomprehensiveincomecurrentperiodnetoftax": -1260000,
        "othercomprehensiveincomeunrealizedgainlossonderivativesarisingduringperiodnetoftax": 25000,
        "othercomprehensiveincomeunrealizedholdinggainlossonsecuritiesarisingduringperiodnetoftax": 8000,
        "othercomprehensiveincomeothernetoftax": -4000,
        "othercomprehensiveincomelossnetoftax": 64719000,
        "comprehensiveincomenetoftaxincludingportionattributabletononcontrollinginterest": -495075000,
        "comprehensiveincomenetoftaxattributabletononcontrollinginterest": 1227000,
        "comprehensiveincomenetoftax": -495075000
    },
    {
        "date": "2017-06-29",
        "symbol": "CBRE",
        "period": "Q2",
        "revenues": 1632752000,
        "costofservices": 1141304000,
        "operatingexpenses": 322803000,
        "depreciationandamortization": 41691000,
        "costsandexpenses": 1505798000,
        "gainslossesonsalesofinvestmentrealestate": 11296000,
        "operatingincomeloss": 138250000,
        "incomelossfromequitymethodinvestments": 424000,
        "othernonoperatingincomeexpense": 2573000,
        "investmentincomeinterest": -30698000,
        "interestexpense": -30698000,
        "incomelossfromcontinuingoperationsbeforeincometaxesextraordinaryitemsnoncontrollinginterest": -484121000,
        "incometaxexpensebenefit": 44449000,
        "profitloss": -484121000,
        "netincomelossattributabletononcontrollinginterest": 1231000,
        "netincomeloss": -484121000,
        "earningspersharebasic": 0.59,
        "weightedaveragenumberofsharesoutstandingbasic": 336975149,
        "earningspersharediluted": 0.58,
        "weightedaveragenumberofdilutedsharesoutstanding": 340882603,
        "othercomprehensiveincomelossforeigncurrencytransactionandtranslationadjustmentnetoftax": 88347000,
        "reclassificationfromaccumulatedothercomprehensiveincomecurrentperiodnetoftax": -1380000,
        "othercomprehensiveincomeunrealizedgainlossonderivativesarisingduringperiodnetoftax": -217000,
        "othercomprehensiveincomeunrealizedholdinggainlossonsecuritiesarisingduringperiodnetoftax": 81000,
        "othercomprehensiveincomeothernetoftax": -13000,
        "othercomprehensiveincomelossnetoftax": 88428000,
        "comprehensiveincomenetoftaxincludingportionattributabletononcontrollinginterest": -484121000,
        "comprehensiveincomenetoftaxattributabletononcontrollinginterest": 1390000,
        "comprehensiveincomenetoftax": -484121000
    },
    {
        "date": "2017-03-30",
        "symbol": "CBRE",
        "period": "Q1",
        "revenues": 1418138000,
        "costofservices": 1016695000,
        "operatingexpenses": 290410000,
        "depreciationandamortization": 37307000,
        "costsandexpenses": 1344412000,
        "gainslossesonsalesofinvestmentrealestate": 1159000,
        "operatingincomeloss": 74885000,
        "incomelossfromequitymethodinvestments": 648000,
        "othernonoperatingincomeexpense": 3701000,
        "investmentincomeinterest": -29901000,
        "interestexpense": -29901000,
        "incomelossfromcontinuingoperationsbeforeincometaxesextraordinaryitemsnoncontrollinginterest": -303052000,
        "incometaxexpensebenefit": 21684000,
        "profitloss": -303052000,
        "netincomelossattributabletononcontrollinginterest": 1906000,
        "netincomeloss": -303052000,
        "earningspersharebasic": 0.38,
        "weightedaveragenumberofsharesoutstandingbasic": 336907836,
        "earningspersharediluted": 0.38,
        "weightedaveragenumberofdilutedsharesoutstanding": 339690579,
        "othercomprehensiveincomelossforeigncurrencytransactionandtranslationadjustmentnetoftax": 51089000,
        "reclassificationfromaccumulatedothercomprehensiveincomecurrentperiodnetoftax": -1508000,
        "othercomprehensiveincomeunrealizedgainlossonderivativesarisingduringperiodnetoftax": 294000,
        "othercomprehensiveincomeunrealizedholdinggainlossonsecuritiesarisingduringperiodnetoftax": 94000,
        "othercomprehensiveincomeothernetoftax": -1000,
        "othercomprehensiveincomelossnetoftax": 51183000,
        "comprehensiveincomenetoftaxincludingportionattributabletononcontrollinginterest": -303052000,
        "comprehensiveincomenetoftaxattributabletononcontrollinginterest": 1927000,
        "comprehensiveincomenetoftax": -303052000
    },
    {
        "date": "2016-09-29",
        "symbol": "CBRE",
        "period": "Q3",
        "revenues": 956492000,
        "costofservices": 1149943000,
        "operatingexpenses": -158000,
        "depreciationandamortization": 19385000,
        "costsandexpenses": -158000,
        "gainslossesonsalesofinvestmentrealestate": 11043000,
        "operatingincomeloss": 158000,
        "incomelossfromequitymethodinvestments": 24287000,
        "othernonoperatingincomeexpense": 278000,
        "investmentincomeinterest": 33550000,
        "interestexpense": 34809000,
        "incomelossfromcontinuingoperationsbeforeincometaxesextraordinaryitemsnoncontrollinginterest": 104459000,
        "incometaxexpensebenefit": 5779000,
        "profitloss": 104881000,
        "netincomelossattributabletononcontrollinginterest": 6690000,
        "netincomeloss": 23524000,
        "earningspersharebasic": 0.31,
        "weightedaveragenumberofsharesoutstandingbasic": 335770122,
        "earningspersharediluted": 0.31,
        "weightedaveragenumberofdilutedsharesoutstanding": 338488975,
        "othercomprehensiveincomelossforeigncurrencytransactionandtranslationadjustmentbeforetax": -15940000,
        "reclassificationfromaccumulatedothercomprehensiveincomecurrentperiodnetoftax": -1720000,
        "othercomprehensiveincomeunrealizedgainlossonderivativesarisingduringperiodnetoftax": 788000,
        "othercomprehensiveincomeunrealizedholdinggainlossonsecuritiesarisingduringperiodnetoftax": 348000,
        "othercomprehensiveincomeothernetoftax": 2000,
        "othercomprehensiveincomelossnetoftax": 2508000,
        "comprehensiveincomenetoftaxincludingportionattributabletononcontrollinginterest": 107389000,
        "comprehensiveincomenetoftaxattributabletononcontrollinginterest": 6768000,
        "comprehensiveincomenetoftax": 107389000
    },
    {
        "date": "2016-06-29",
        "symbol": "CBRE",
        "period": "Q2",
        "revenues": 1500809000,
        "costofservices": 1165298000,
        "operatingexpenses": -8950000,
        "depreciationandamortization": 27081000,
        "costsandexpenses": -8950000,
        "gainslossesonsalesofinvestmentrealestate": 2499000,
        "operatingincomeloss": 8950000,
        "incomelossfromequitymethodinvestments": 89181000,
        "othernonoperatingincomeexpense": -3646000,
        "investmentincomeinterest": 98042000,
        "interestexpense": 101089000,
        "incomelossfromcontinuingoperationsbeforeincometaxesextraordinaryitemsnoncontrollinginterest": 379546000,
        "incometaxexpensebenefit": 11515000,
        "profitloss": -77917000,
        "netincomelossattributabletononcontrollinginterest": 1777000,
        "netincomeloss": -6816000,
        "earningspersharebasic": 0.36,
        "weightedaveragenumberofsharesoutstandingbasic": 541906,
        "earningspersharediluted": 0.36,
        "weightedaveragenumberofdilutedsharesoutstanding": 291655,
        "othercomprehensiveincomelossforeigncurrencytransactionandtranslationadjustmentbeforetax": -16433000,
        "reclassificationfromaccumulatedothercomprehensiveincomecurrentperiodnetoftax": -1733000,
        "othercomprehensiveincomeunrealizedgainlossonderivativesarisingduringperiodnetoftax": -1206000,
        "othercomprehensiveincomeunrealizedholdinggainlossonsecuritiesarisingduringperiodnetoftax": 1574000,
        "othercomprehensiveincomeothernetoftax": -702000,
        "othercomprehensiveincomelossnetoftax": 527000,
        "comprehensiveincomenetoftaxincludingportionattributabletononcontrollinginterest": 379528000,
        "comprehensiveincomenetoftaxattributabletononcontrollinginterest": 1694000,
        "comprehensiveincomenetoftax": 379528000
    },
    {
        "date": "2016-03-30",
        "symbol": "CBRE",
        "period": "Q1",
        "revenues": 308524000,
        "costofservices": 989050000,
        "operatingexpenses": 7524000,
        "depreciationandamortization": 4181000,
        "costsandexpenses": 7524000,
        "gainslossesonsalesofinvestmentrealestate": 1160000,
        "operatingincomeloss": -7524000,
        "incomelossfromequitymethodinvestments": 1036000,
        "othernonoperatingincomeexpense": 3647000,
        "investmentincomeinterest": -32473000,
        "interestexpense": -32473000,
        "incomelossfromcontinuingoperationsbeforeincometaxesextraordinaryitemsnoncontrollinginterest": -174979000,
        "incometaxexpensebenefit": 1870000,
        "profitloss": 82167000,
        "netincomelossattributabletononcontrollinginterest": 2473000,
        "netincomeloss": 2570000,
        "earningspersharebasic": 0.25,
        "weightedaveragenumberofsharesoutstandingbasic": 333992935,
        "earningspersharediluted": 0.24,
        "weightedaveragenumberofdilutedsharesoutstanding": 337506232,
        "othercomprehensiveincomelossforeigncurrencytransactionandtranslationadjustmentbeforetax": 16472000,
        "reclassificationfromaccumulatedothercomprehensiveincomecurrentperiodnetoftax": -1743000,
        "othercomprehensiveincomeunrealizedgainlossonderivativesarisingduringperiodnetoftax": -2909000,
        "othercomprehensiveincomeunrealizedholdinggainlossonsecuritiesarisingduringperiodnetoftax": -929000,
        "othercomprehensiveincomeothernetoftax": -57000,
        "othercomprehensiveincomelossnetoftax": -1166000,
        "comprehensiveincomenetoftaxincludingportionattributabletononcontrollinginterest": -174979000,
        "comprehensiveincomenetoftaxattributabletononcontrollinginterest": 2595000,
        "comprehensiveincomenetoftax": -174979000
    },
    {
        "date": "2015-09-29",
        "symbol": "CBRE",
        "period": "Q3",
        "revenues": 236600000,
        "costofservices": 808343000,
        "operatingexpenses": -9499000,
        "depreciationandamortization": 3728000,
        "costsandexpenses": -9499000,
        "gainslossesonsalesofotherrealestate": 67000,
        "operatingincomeloss": 13100000,
        "incomelossfromequitymethodinvestments": 896000,
        "othernonoperatingincomeexpense": -5022000,
        "investmentincomeinterest": -43535000,
        "interestexpense": -43535000,
        "incomelossfromcontinuingoperationsbeforeincometaxesextraordinaryitemsnoncontrollinginterest": -370496000,
        "incometaxexpensebenefit": 8478000,
        "profitloss": -370496000,
        "netincomelossattributabletononcontrollinginterest": 868000,
        "netincomeloss": 8600000,
        "earningspersharebasic": 0.45,
        "weightedaveragenumberofsharesoutstandingbasic": 332684487,
        "earningspersharediluted": 0.44,
        "weightedaveragenumberofdilutedsharesoutstanding": 336561877,
        "othercomprehensiveincomelossforeigncurrencytransactionandtranslationadjustmentbeforetax": -69728000,
        "feesassociatedwithterminationofinterestrateswapagreements": 3748000,
        "reclassificationfromaccumulatedothercomprehensiveincomecurrentperiodnetoftax": -1873000,
        "othercomprehensiveincomeunrealizedgainlossonderivativesarisingduringperiodnetoftax": -4800000,
        "othercomprehensiveincomeunrealizedholdinggainlossonsecuritiesarisingduringperiodnetoftax": -158000,
        "othercomprehensiveincomeothernetoftax": -18000,
        "othercomprehensiveincomelossnetoftax": -4799000,
        "comprehensiveincomenetoftaxincludingportionattributabletononcontrollinginterest": -370496000,
        "comprehensiveincomenetoftaxattributabletononcontrollinginterest": 861000,
        "comprehensiveincomenetoftax": -370496000
    },
    {
        "date": "2015-06-29",
        "symbol": "CBRE",
        "period": "Q2",
        "revenues": -424438000,
        "costofservices": 638843000,
        "operatingexpenses": 11698000,
        "depreciationandamortization": -25690000,
        "costsandexpenses": 11698000,
        "operatingincomeloss": -11698000,
        "incomelossfromequitymethodinvestments": -1898000,
        "othernonoperatingincomeexpense": -162000,
        "investmentincomeinterest": -240882000,
        "interestexpense": -210401000,
        "writeoffoffinancingcosts": 0,
        "incomelossfromcontinuingoperationsbeforeincometaxesextraordinaryitemsnoncontrollinginterest": -640033000,
        "incometaxexpensebenefit": -3586000,
        "profitloss": 116845000,
        "netincomelossattributabletononcontrollinginterest": 8124000,
        "netincomeloss": -87513000,
        "earningspersharebasic": 0.38,
        "weightedaveragenumberofsharesoutstandingbasic": 11582,
        "earningspersharediluted": 0.37,
        "weightedaveragenumberofdilutedsharesoutstanding": 228036,
        "othercomprehensiveincomelossforeigncurrencytransactionandtranslationadjustmentbeforetax": 57524000,
        "reclassificationfromaccumulatedothercomprehensiveincomecurrentperiodnetoftax": -1809000,
        "othercomprehensiveincomeunrealizedgainlossonderivativesarisingduringperiodnetoftax": 263000,
        "othercomprehensiveincomeunrealizedholdinggainlossonsecuritiesarisingduringperiodnetoftax": -50000,
        "othercomprehensiveincomeothernetoftax": 16000,
        "othercomprehensiveincomelossnetoftax": 2072000,
        "comprehensiveincomenetoftaxincludingportionattributabletononcontrollinginterest": -621539000,
        "comprehensiveincomenetoftaxattributabletononcontrollinginterest": 8141000,
        "comprehensiveincomenetoftax": -621539000
    },
    {
        "date": "2015-03-30",
        "symbol": "CBRE",
        "period": "Q1",
        "revenues": 894632000,
        "costofservices": 573134000,
        "operatingexpenses": -18620000,
        "depreciationandamortization": 33319000,
        "costsandexpenses": -18620000,
        "operatingincomeloss": 18620000,
        "incomelossfromequitymethodinvestments": 130000,
        "othernonoperatingincomeexpense": 163000,
        "investmentincomeinterest": 55367000,
        "interestexpense": 24886000,
        "writeoffoffinancingcosts": 2685000,
        "incomelossfromcontinuingoperationsbeforeincometaxesextraordinaryitemsnoncontrollinginterest": 118636000,
        "incometaxexpensebenefit": 17515000,
        "profitloss": 101121000,
        "netincomelossattributabletononcontrollinginterest": 201000,
        "netincomeloss": 101121000,
        "earningspersharebasic": 0.28,
        "weightedaveragenumberofsharesoutstandingbasic": 331976907,
        "earningspersharediluted": 0.28,
        "weightedaveragenumberofdilutedsharesoutstanding": 335698590,
        "othercomprehensiveincomelossforeigncurrencytransactionandtranslationadjustmentbeforetax": -105420000,
        "reclassificationfromaccumulatedothercomprehensiveincomecurrentperiodnetoftax": -1795000,
        "othercomprehensiveincomeunrealizedgainlossonderivativesarisingduringperiodnetoftax": -2774000,
        "othercomprehensiveincomeunrealizedholdinggainlossonsecuritiesarisingduringperiodnetoftax": 121000,
        "othercomprehensiveincomeothernetoftax": 2000,
        "othercomprehensiveincomelossnetoftax": -979000,
        "comprehensiveincomenetoftaxincludingportionattributabletononcontrollinginterest": 100142000,
        "comprehensiveincomenetoftaxattributabletononcontrollinginterest": 168000,
        "comprehensiveincomenetoftax": 100142000
    },
    {
        "date": "2014-09-29",
        "symbol": "CBRE",
        "period": "Q3",
        "revenues": 1043443000,
        "costofservices": 639055000,
        "operatingexpenses": -6683000,
        "depreciationandamortization": 34039000,
        "costsandexpenses": -6683000,
        "gainslossesonsalesofotherrealestate": 7200000,
        "operatingincomeloss": 6683000,
        "incomelossfromequitymethodinvestments": 8123000,
        "othernonoperatingincomeexpense": -1007000,
        "investmentincomeinterest": 49971000,
        "interestexpense": 25739000,
        "writeoffoffinancingcosts": 23087000,
        "incomelossfromcontinuingoperationsbeforeincometaxesandnoncontrollinginterest": 121891000,
        "incometaxexpensebenefit": 2910000,
        "incomelossfromcontinuingoperationsincludingportionattributabletononcontrollinginterest": 109692000,
        "profitloss": 118981000,
        "netincomelossattributabletononcontrollinginterest": 2593000,
        "netincomeloss": 118981000,
        "incomelossfromcontinuingoperationsperbasicshare": 0.32,
        "earningspersharebasic": 0.32,
        "weightedaveragenumberofsharesoutstandingbasic": 330419006,
        "incomelossfromcontinuingoperationsperdilutedshare": 0.32,
        "earningspersharediluted": 0.32,
        "weightedaveragenumberofdilutedsharesoutstanding": 334293046,
        "incomelossfromcontinuingoperations": 107099000,
        "othercomprehensiveincomelossforeigncurrencytransactionandtranslationadjustmentbeforetax": -109122000,
        "reclassificationfromaccumulatedothercomprehensiveincomecurrentperiodnetoftax": -1844000,
        "othercomprehensiveincomeunrealizedgainlossonderivativesarisingduringperiodnetoftax": 854000,
        "othercomprehensiveincomeunrealizedholdinggainlossonsecuritiesarisingduringperiodnetoftax": -159000,
        "othercomprehensiveincomeothernetoftax": 76000,
        "othercomprehensiveincomelossnetoftax": 2698000,
        "comprehensiveincomenetoftaxincludingportionattributabletononcontrollinginterest": 121679000,
        "comprehensiveincomenetoftaxattributabletononcontrollinginterest": 2533000,
        "comprehensiveincomenetoftax": 121679000
    },
    {
        "date": "2014-06-29",
        "symbol": "CBRE",
        "period": "Q2",
        "revenues": 958262000,
        "costofservices": 586308000,
        "operatingexpenses": 4253000,
        "depreciationandamortization": 31304000,
        "costsandexpenses": 4253000,
        "gainslossesonsalesofotherrealestate": 23170000,
        "operatingincomeloss": -4253000,
        "incomelossfromequitymethodinvestments": 462000,
        "othernonoperatingincomeexpense": 1000,
        "investmentincomeinterest": 44115000,
        "interestexpense": 26168000,
        "incomelossfromcontinuingoperationsbeforeincometaxesandnoncontrollinginterest": 117270000,
        "incometaxexpensebenefit": 5107000,
        "incomelossfromcontinuingoperationsincludingportionattributabletononcontrollinginterest": 130199000,
        "profitloss": 112163000,
        "netincomelossattributabletononcontrollinginterest": 24735000,
        "netincomeloss": 112163000,
        "incomelossfromcontinuingoperationsperbasicshare": 0.32,
        "earningspersharebasic": 0.32,
        "weightedaveragenumberofsharesoutstandingbasic": 330133061,
        "incomelossfromcontinuingoperationsperdilutedshare": 0.32,
        "earningspersharediluted": 0.32,
        "weightedaveragenumberofdilutedsharesoutstanding": 333918620,
        "incomelossfromcontinuingoperations": 105464000,
        "othercomprehensiveincomelossforeigncurrencytransactionandtranslationadjustmentbeforetax": 24873000,
        "othercomprehensiveincomeunrealizedgainlossonderivativesarisingduringperiodnetoftax": -984000,
        "othercomprehensiveincomeunrealizedholdinggainlossonsecuritiesarisingduringperiodnetoftax": -86000,
        "othercomprehensiveincomeothernetoftax": -140000,
        "othercomprehensiveincomelossnetoftax": -984000,
        "comprehensiveincomenetoftaxincludingportionattributabletononcontrollinginterest": 111179000,
        "comprehensiveincomenetoftaxattributabletononcontrollinginterest": 24738000,
        "comprehensiveincomenetoftax": 111179000
    },
    {
        "date": "2014-03-30",
        "symbol": "CBRE",
        "period": "Q1",
        "revenues": 2102000,
        "costofservices": 566543000,
        "operatingexpenses": 1233000,
        "depreciationandamortization": 17463000,
        "costsandexpenses": 1399000,
        "gainslossesonsalesofotherrealestate": 6697000,
        "operatingincomeloss": -1399000,
        "incomelossfromequitymethodinvestments": -2202000,
        "othernonoperatingincomeexpense": 3959000,
        "investmentincomeinterest": -52265000,
        "interestexpense": -52265000,
        "incomelossfromcontinuingoperationsbeforeincometaxesandnoncontrollinginterest": 105844000,
        "incometaxexpensebenefit": 3907000,
        "incomelossfromcontinuingoperationsincludingportionattributabletononcontrollinginterest": 67942000,
        "profitloss": -128147000,
        "netincomelossattributabletononcontrollinginterest": 478000,
        "netincomeloss": -128147000,
        "incomelossfromcontinuingoperationsperbasicshare": 0.21,
        "earningspersharebasic": 0.21,
        "weightedaveragenumberofsharesoutstandingbasic": 330035445,
        "incomelossfromcontinuingoperationsperdilutedshare": 0.2,
        "earningspersharediluted": 0.2,
        "weightedaveragenumberofdilutedsharesoutstanding": 333349519,
        "incomelossfromcontinuingoperations": 67663000,
        "othercomprehensiveincomelossforeigncurrencytransactionandtranslationadjustmentbeforetax": 6000,
        "othercomprehensiveincomeunrealizedgainlossonderivativesarisingduringperiodnetoftax": 296000,
        "othercomprehensiveincomeunrealizedholdinggainlossonsecuritiesarisingduringperiodnetoftax": 438000,
        "othercomprehensiveincomeothernetoftax": 275000,
        "othercomprehensiveincomelossnetoftax": 235000,
        "comprehensiveincomenetoftaxincludingportionattributabletononcontrollinginterest": -128147000,
        "comprehensiveincomenetoftaxattributabletononcontrollinginterest": 285000,
        "comprehensiveincomenetoftax": -128147000
    },
    {
        "date": "2013-09-29",
        "symbol": "CBRE",
        "period": "Q3",
        "revenues": -492779000,
        "costofservices": -77453000,
        "depreciationandamortization": -4900000,
        "costsandexpenses": 2661000,
        "gainslossesonsalesofotherrealestate": -3562000,
        "operatingincomeloss": -2661000,
        "incomelossfromequitymethodinvestments": -17805000,
        "investmentincomeinterest": -3958000,
        "interestexpense": 2634000,
        "writeoffoffinancingcosts": 0,
        "incomelossfromcontinuingoperationsbeforeincometaxesandnoncontrollinginterest": 103461000,
        "incometaxexpensebenefit": 3031000,
        "incomelossfromcontinuingoperationsincludingportionattributabletononcontrollinginterest": 103088000,
        "profitloss": 94444000,
        "netincomelossattributabletononcontrollinginterest": -399000,
        "netincomeloss": 13318000,
        "incomelossfromcontinuingoperationsperbasicshare": 0.29,
        "earningspersharebasic": 0.29,
        "weightedaveragenumberofsharesoutstandingbasic": 409314,
        "incomelossfromcontinuingoperationsperdilutedshare": 0.29,
        "earningspersharediluted": 0.29,
        "weightedaveragenumberofdilutedsharesoutstanding": 285345,
        "incomelossfromcontinuingoperations": 94444000,
        "incomelossfromdiscontinuedoperationsnetoftaxattributabletoreportingentity": 0,
        "othercomprehensiveincomelossforeigncurrencytransactionandtranslationadjustmentbeforetax": 45781000,
        "othercomprehensiveincomeunrealizedgainlossonderivativesarisingduringperiodnetoftax": -400000,
        "othercomprehensiveincomeothernetoftax": -942000,
        "othercomprehensiveincomelossnetoftax": -242000,
        "comprehensiveincomenetoftaxincludingportionattributabletononcontrollinginterest": 102846000,
        "comprehensiveincomenetoftaxattributabletononcontrollinginterest": -296000,
        "comprehensiveincomenetoftax": 102846000
    },
    {
        "date": "2013-06-29",
        "symbol": "CBRE",
        "period": "Q2",
        "revenues": 270277000,
        "costofservices": 643051000,
        "generalandadministrativeandotheroperatingexpenses": 715000,
        "depreciationandamortization": 3511000,
        "costsandexpenses": 1703000,
        "gainslossesonsalesofotherrealestate": 4324000,
        "operatingincomeloss": -1703000,
        "incomelossfromequitymethodinvestments": 8094000,
        "othernonoperatingincomeexpense": 0,
        "investmentincomeinterest": 4000,
        "interestexpense": 1233000,
        "writeoffoffinancingcosts": 42715000,
        "incomelossfromcontinuingoperationsbeforeincometaxesandnoncontrollinginterest": 58811000,
        "incometaxexpensebenefit": 3975000,
        "incomelossfromcontinuingoperationsincludingportionattributabletononcontrollinginterest": 75994000,
        "incomelossfromdiscontinuedoperationsnetoftax": 0,
        "profitloss": 69902000,
        "netincomelossattributabletononcontrollinginterest": -342000,
        "netincomeloss": -864000,
        "incomelossfromcontinuingoperationsperbasicshare": 0.21000000000000002,
        "earningspersharebasic": 0.22000000000000003,
        "weightedaveragenumberofsharesoutstandingbasic": 333903,
        "incomelossfromcontinuingoperationsperdilutedshare": 0.2,
        "earningspersharediluted": 0.21000000000000002,
        "weightedaveragenumberofdilutedsharesoutstanding": 416153,
        "incomelossfromcontinuingoperations": 69277000,
        "incomelossfromdiscontinuedoperationsnetoftaxattributabletoreportingentity": 625000,
        "othercomprehensiveincomelossforeigncurrencytransactionandtranslationadjustmentbeforetax": -23725000,
        "othercomprehensiveincomeunrealizedgainlossonderivativesarisingduringperiodnetoftax": 12800000,
        "othercomprehensiveincomelossavailableforsalesecuritiesadjustmentnetoftax": -216000,
        "othercomprehensiveincomeothernetoftax": 33000,
        "othercomprehensiveincomelossnetoftax": 7724000,
        "comprehensiveincomenetoftaxincludingportionattributabletononcontrollinginterest": 83718000,
        "comprehensiveincomenetoftaxattributabletononcontrollinginterest": 3533000,
        "comprehensiveincomenetoftax": 83718000
    },
    {
        "date": "2013-03-30",
        "symbol": "CBRE",
        "period": "Q1",
        "revenues": 228634000,
        "costofservices": 524655000,
        "generalandadministrativeandotheroperatingexpenses": 1331000,
        "depreciationandamortization": 5396000,
        "costsandexpenses": 1331000,
        "gainslossesonsalesofotherrealestate": 3149000,
        "operatingincomeloss": -1331000,
        "incomelossfromequitymethodinvestments": 9692000,
        "othernonoperatingincomeexpense": -7000,
        "investmentincomeinterest": 4253000,
        "interestexpense": 2005000,
        "writeoffoffinancingcosts": 13580000,
        "incomelossfromcontinuingoperationsbeforeincometaxesandnoncontrollinginterest": 36137000,
        "incometaxexpensebenefit": -2034000,
        "incomelossfromcontinuingoperationsincludingportionattributabletononcontrollinginterest": 43421000,
        "incomelossfromdiscontinuedoperationsnetoftax": 15236000,
        "profitloss": 37546000,
        "netincomelossattributabletononcontrollinginterest": 14893000,
        "netincomeloss": -5800000,
        "incomelossfromcontinuingoperationsperbasicshare": 0.11,
        "earningspersharebasic": 0.11,
        "weightedaveragenumberofsharesoutstandingbasic": 326759455,
        "incomelossfromcontinuingoperationsperdilutedshare": 0.11,
        "earningspersharediluted": 0.11,
        "weightedaveragenumberofdilutedsharesoutstanding": 330802552,
        "incomelossfromcontinuingoperations": 36090000,
        "incomelossfromdiscontinuedoperationsnetoftaxattributabletoreportingentity": 1456000,
        "othercomprehensiveincomelossforeigncurrencytransactionandtranslationadjustmentbeforetax": -22832000,
        "othercomprehensiveincomeunrealizedgainlossonderivativesarisingduringperiodnetoftax": 2300000,
        "othercomprehensiveincomelossavailableforsalesecuritiesadjustmentnetoftax": -168000,
        "othercomprehensiveincomeothernetoftax": 1163000,
        "othercomprehensiveincomelossnetoftax": 1428000,
        "comprehensiveincomenetoftaxincludingportionattributabletononcontrollinginterest": 44849000,
        "comprehensiveincomenetoftaxattributabletononcontrollinginterest": 24350000,
        "comprehensiveincomenetoftax": 44849000
    },
    {
        "date": "2012-09-29",
        "symbol": "CBRE",
        "period": "Q3",
        "revenues": 228737000,
        "costofservices": 568573000,
        "generalandadministrativeandotheroperatingexpenses": 1778000,
        "depreciationandamortization": 3181000,
        "impairmentofintangibleassetsindefinitelivedexcludinggoodwill": 19826000,
        "costsandexpenses": 1778000,
        "gainslossesonsalesofotherrealestate": 3983000,
        "operatingincomeloss": -1778000,
        "incomelossfromequitymethodinvestments": 3142000,
        "othernonoperatingincomeexpense": 201000,
        "investmentincomeinterest": 5139000,
        "interestexpense": 2175000,
        "incomelossfromcontinuingoperationsbeforeincometaxesandnoncontrollinginterest": 43593000,
        "incometaxexpensebenefit": -13473000,
        "incomelossfromcontinuingoperationsincludingportionattributabletononcontrollinginterest": 42705000,
        "profitloss": 48779000,
        "netincomelossattributabletononcontrollinginterest": -887000,
        "netincomeloss": -17893000,
        "incomelossfromcontinuingoperationsperbasicshare": 0.12,
        "earningspersharebasic": 0.12,
        "weightedaveragenumberofsharesoutstandingbasic": 322331850,
        "incomelossfromcontinuingoperationsperdilutedshare": 0.12,
        "earningspersharediluted": 0.12,
        "weightedaveragenumberofdilutedsharesoutstanding": 327309341,
        "incomelossfromcontinuingoperations": 39709000,
        "othercomprehensiveincomelossforeigncurrencytransactionandtranslationadjustmentbeforetax": 15422000,
        "othercomprehensiveincomeunrealizedgainlossonderivativesarisingduringperiodnetoftax": 3200000,
        "othercomprehensiveincomelossavailableforsalesecuritiesadjustmentnetoftax": 312000,
        "othercomprehensiveincomeothernetoftax": -164000,
        "othercomprehensiveincomelossnetoftax": -1918000,
        "comprehensiveincomenetoftaxincludingportionattributabletononcontrollinginterest": 46861000,
        "comprehensiveincomenetoftaxattributabletononcontrollinginterest": 3071000,
        "comprehensiveincomenetoftax": 46861000
    },
    {
        "date": "2012-06-29",
        "symbol": "CBRE",
        "period": "Q2",
        "revenues": 248244000,
        "costofservices": 569854000,
        "generalandadministrativeandotheroperatingexpenses": 1369000,
        "depreciationandamortization": 3202000,
        "costsandexpenses": 1369000,
        "gainslossesonsalesofotherrealestate": 439000,
        "operatingincomeloss": -1369000,
        "incomelossfromequitymethodinvestments": 3161000,
        "othernonoperatingincomeexpense": 997000,
        "investmentincomeinterest": 4585000,
        "interestexpense": 2095000,
        "incomelossfromcontinuingoperationsbeforeincometaxesandminorityinterest": 77223000,
        "incometaxexpensebenefit": 3544000,
        "incomelossfromcontinuingoperationsincludingportionattributabletononcontrollinginterest": 75599000,
        "profitloss": 82334000,
        "netincomelossattributabletononcontrollinginterest": -1170000,
        "netincomeloss": 8313000,
        "incomelossfromcontinuingoperationsperbasicshare": 0.24,
        "earningspersharebasic": 0.24,
        "weightedaveragenumberofsharesoutstandingbasic": 320852344,
        "incomelossfromcontinuingoperationsperdilutedshare": 0.23,
        "earningspersharediluted": 0.23,
        "weightedaveragenumberofdilutedsharesoutstanding": 326081681,
        "incomelossfromcontinuingoperations": 75873000,
        "othercomprehensiveincomelossforeigncurrencytransactionandtranslationadjustmentbeforetax": -40181000,
        "othercomprehensiveincomeunrealizedgainlossonderivativesarisingduringperiodnetoftax": 9200000,
        "othercomprehensiveincomelossavailableforsalesecuritiesadjustmentnetoftax": -922000,
        "othercomprehensiveincomeothernetoftax": 333000,
        "othercomprehensiveincomelossnetoftax": -5568000,
        "comprehensiveincomenetoftaxincludingportionattributabletononcontrollinginterest": 76766000,
        "comprehensiveincomenetoftaxattributabletononcontrollinginterest": -857000,
        "comprehensiveincomenetoftax": 76766000
    },
    {
        "date": "2012-03-30",
        "symbol": "CBRE",
        "period": "Q1",
        "revenues": 552954000,
        "costofservices": 305780000,
        "generalandadministrativeandotheroperatingexpenses": 10328000,
        "depreciationandamortization": 19225000,
        "costsandexpenses": 10328000,
        "gainslossesonsalesofotherrealestate": 809000,
        "operatingincomeloss": -10328000,
        "incomelossfromequitymethodinvestments": 1092000,
        "othernonoperatingincomeexpense": 6321000,
        "investmentincomeinterest": 777000,
        "interestexpense": 6359000,
        "incomelossfromcontinuingoperationsbeforeincometaxesandminorityinterest": 23129000,
        "incometaxexpensebenefit": -3846000,
        "incomelossfromcontinuingoperationsincludingportionattributabletononcontrollinginterest": 29946000,
        "profitloss": 26975000,
        "netincomelossattributabletononcontrollinginterest": 2971000,
        "netincomeloss": 26975000,
        "incomelossfromcontinuingoperationsperbasicshare": 0.08,
        "earningspersharebasic": 0.08,
        "weightedaveragenumberofsharesoutstandingbasic": 320671395,
        "incomelossfromcontinuingoperationsperdilutedshare": 0.08,
        "earningspersharediluted": 0.08,
        "weightedaveragenumberofdilutedsharesoutstanding": 325738859,
        "incomelossfromcontinuingoperations": 26975000,
        "othercomprehensiveincomeforeigncurrencytransactionandtranslationadjustmentbeforetaxperiodincreasedecrease": 18522000,
        "othercomprehensiveincomeunrealizedgainlossonderivativesarisingduringperiodnetoftax": 2000,
        "othercomprehensiveincomeavailableforsalesecuritiesadjustmentnetoftaxperiodincreasedecrease": 914000,
        "othercomprehensiveincomeothernetoftax": -500000,
        "othercomprehensiveincomelossnetoftaxperiodincreasedecrease": 18524000,
        "comprehensiveincomenetoftaxincludingportionattributabletononcontrollinginterest": 26975000,
        "comprehensiveincomenetoftaxattributabletononcontrollinginterest": 3167000,
        "comprehensiveincomenetoftax": 26975000
    },
    {
        "date": "2011-09-29",
        "symbol": "CBRE",
        "period": "Q3",
        "revenues": -51053000,
        "costofservices": -57819000,
        "depreciationandamortization": -13111000,
        "costsandexpenses": -1091881000,
        "gainslossesonsalesofotherrealestate": 781000,
        "operatingincomeloss": -95196000,
        "incomelossfromequitymethodinvestments": -16908000,
        "investmentincomeinterest": 1212000,
        "interestexpense": -25220000,
        "incomelossfromcontinuingoperationsbeforeincometaxesandminorityinterest": 32675000,
        "incometaxexpensebenefit": -21526000,
        "incomelossfromcontinuingoperationsincludingportionattributabletononcontrollinginterest": 64334000,
        "incomelossfromdiscontinuedoperationsnetoftax": 0,
        "profitloss": 63807000,
        "netincomelossattributabletononcontrollinginterest": -3774000,
        "netincomeloss": 63807000,
        "incomelossfromcontinuingoperationsperbasicshare": 0.2,
        "earningspersharebasic": 0.2,
        "weightedaveragenumberofsharesoutstandingbasic": -316543517,
        "incomelossfromcontinuingoperationsperdilutedshare": 0.19,
        "earningspersharediluted": 0.19,
        "weightedaveragenumberofdilutedsharesoutstanding": -323429234,
        "incomelossfromcontinuingoperations": 63807000
    },
    {
        "date": "2011-06-29",
        "symbol": "CBRE",
        "period": "Q2",
        "revenues": 587266000,
        "costofservices": 337512000,
        "generalandadministrativeandotheroperatingexpenses": 9437000,
        "depreciationandamortization": 3405000,
        "costsandexpenses": 9437000,
        "gainslossesonsalesofotherrealestate": 6027000,
        "operatingincomeloss": -9437000,
        "incomelossfromequitymethodinvestments": 5089000,
        "investmentincomeinterest": 2039000,
        "interestexpense": 5688000,
        "incomelossfromcontinuingoperationsbeforeincometaxesandminorityinterest": 57721000,
        "incometaxexpensebenefit": 1299000,
        "incomelossfromcontinuingoperationsincludingportionattributabletononcontrollinginterest": 61223000,
        "incomelossfromdiscontinuedoperationsnetoftax": 6267000,
        "profitloss": 61223000,
        "netincomelossattributabletononcontrollinginterest": 13644000,
        "netincomeloss": 61223000,
        "incomelossfromcontinuingoperationsperbasicshare": 0.19,
        "earningspersharebasic": 0.19,
        "weightedaveragenumberofsharesoutstandingbasic": 317698275,
        "incomelossfromcontinuingoperationsperdilutedshare": 0.19,
        "earningspersharediluted": 0.19,
        "weightedaveragenumberofdilutedsharesoutstanding": 324093042,
        "incomelossfromcontinuingoperations": 61223000
    },
    {
        "date": "2011-03-30",
        "symbol": "CBRE",
        "period": "Q1",
        "revenues": 1185105000,
        "costofservices": 713755000,
        "generalandadministrativeandotheroperatingexpense": 377025000,
        "depreciationandamortization": 23178000,
        "costsandexpenses": 1113958000,
        "gainslossesonsalesofotherrealestate": 1972000,
        "operatingincomeloss": 73119000,
        "incomelossfromequitymethodinvestments": 15179000,
        "investmentincomeinterest": 2668000,
        "interestexpense": 33718000,
        "incomelossfromcontinuingoperationsbeforeincometaxesandminorityinterest": 57248000,
        "incometaxexpensebenefit": 23406000,
        "incomelossfromcontinuingoperationsincludingportionattributabletononcontrollinginterest": 33842000,
        "incomelossfromdiscontinuedoperationsnetoftax": 10644000,
        "profitloss": 34369000,
        "netincomelossattributabletononcontrollinginterest": 10117000,
        "netincomeloss": 34369000,
        "incomelossfromcontinuingoperationsperbasicshare": 0.11,
        "earningspersharebasic": 0.11,
        "weightedaveragenumberofsharesoutstandingbasic": 316563392,
        "incomelossfromcontinuingoperationsperdilutedshare": 0.11,
        "earningspersharediluted": 0.11,
        "weightedaveragenumberofdilutedsharesoutstanding": 322920829,
        "incomelossfromcontinuingoperations": 34369000
    },
    {
        "date": "2010-09-29",
        "symbol": "CBRE",
        "period": "Q3",
        "revenues": 1266218000,
        "costofservices": 735393000,
        "generalandadministrativeandotheroperatingexpenses": 374815000,
        "depreciationandamortization": 25605000,
        "costsandexpenses": 1135813000,
        "gainslossesonsalesofotherrealestate": 174000,
        "operatingincomeloss": 130579000,
        "incomelossfromequitymethodinvestments": 3682000,
        "investmentincomeinterest": 1463000,
        "interestexpense": 49755000,
        "incomelossfromcontinuingoperationsbeforeincometaxesandminorityinterest": 85969000,
        "incometaxexpensebenefit": 38075000,
        "incomelossfromcontinuingoperationsincludingportionattributabletononcontrollinginterest": 47894000,
        "incomelossfromdiscontinuedoperationsnetoftax": 7821000,
        "profitloss": 55715000,
        "netincomelossattributabletononcontrollinginterest": -1323000,
        "netincomeloss": 57038000,
        "incomelossfromcontinuingoperationsperbasicshare": 0.17,
        "incomelossfromdiscontinuedoperationsnetoftaxperbasicshare": 0.01,
        "earningspersharebasic": 0.18,
        "weightedaveragenumberofsharesoutstandingbasic": 313791661,
        "incomelossfromcontinuingoperationsperdilutedshare": 0.17,
        "incomelossfromdiscontinuedoperationsnetoftaxperdilutedshare": 0.01,
        "earningspersharediluted": 0.18,
        "weightedaveragenumberofdilutedsharesoutstanding": 319353359,
        "incomelossfromcontinuingoperations": 55563000,
        "incomelossfromdiscontinuedoperationsnetoftaxattributabletoreportingentity": 1475000
    },
    {
        "date": "2010-06-29",
        "symbol": "CBRE",
        "period": "Q2",
        "revenues": 1171919000,
        "costofservices": 678714000,
        "generalandadministrativeandotheroperatingexpenses": 372033000,
        "depreciationandamortization": 27616000,
        "costsandexpenses": 1078363000,
        "gainslossesonsalesofotherrealestate": 3623000,
        "operatingincomeloss": 97179000,
        "incomelossfromequitymethodinvestments": 14235000,
        "investmentincomeinterest": 3111000,
        "interestexpense": 50275000,
        "incomelossfromcontinuingoperationsbeforeincometaxesandminorityinterest": 64250000,
        "incometaxexpensebenefit": 26704000,
        "incomelossfromcontinuingoperationsincludingportionattributabletononcontrollinginterest": 37546000,
        "incomelossfromdiscontinuedoperationsnetoftax": 7140000,
        "profitloss": 44686000,
        "netincomelossattributabletononcontrollinginterest": -10104000,
        "netincomeloss": 54790000,
        "incomelossfromcontinuingoperationsperbasicshare": 0.15,
        "incomelossfromdiscontinuedoperationsnetoftaxperbasicshare": 0.02,
        "earningspersharebasic": 0.17,
        "weightedaveragenumberofsharesoutstandingbasic": 312910934,
        "incomelossfromcontinuingoperationsperdilutedshare": 0.15,
        "incomelossfromdiscontinuedoperationsnetoftaxperdilutedshare": 0.02,
        "earningspersharediluted": 0.17,
        "weightedaveragenumberofdilutedsharesoutstanding": 318425227,
        "incomelossfromcontinuingoperations": 47279000,
        "incomelossfromdiscontinuedoperationsnetoftaxattributabletoreportingentity": 7511000
    }
]