[
    {
        "date": "2024-03-30",
        "symbol": "VST",
        "period": "Q1",
        "revenues": 3054000000,
        "costoffuelpurchasedpoweranddelivery": 1716000000,
        "othercostandexpenseoperating": 498000000,
        "depreciationdepletionandamortization": 403000000,
        "sellinggeneralandadministrativeexpense": 351000000,
        "operatingincomeloss": 86000000,
        "othernonoperatingincome": 91000000,
        "othernonoperatingexpense": 4000000,
        "interestexpense": 170000000,
        "impactsoftaxreceivableagreement": 5000000,
        "incomelossfromcontinuingoperationsbeforeincometaxesextraordinaryitemsnoncontrollinginterest": -2000000,
        "incometaxexpensebenefit": -20000000,
        "profitloss": 18000000,
        "netincomelossattributabletononcontrollinginterest": 53000000,
        "netincomeloss": -35000000,
        "preferredstockdividendsincomestatementimpact": 49000000,
        "netincomelossavailabletocommonstockholdersbasic": -84000000,
        "weightedaveragenumberofsharesoutstandingbasic": 348966197,
        "weightedaveragenumberofdilutedsharesoutstanding": 348966197,
        "earningspersharebasic": -0.24,
        "earningspersharediluted": -0.24,
        "comprehensiveincomenetoftaxincludingportionattributabletononcontrollinginterest": 18000000,
        "othercomprehensiveincomelossnetoftaxportionattributabletononcontrollinginterest": 53000000,
        "othercomprehensiveincomelossnetoftaxportionattributabletoparent": -35000000
    },
    {
        "date": "2023-12-30",
        "symbol": "VST",
        "period": "Q4",
        "revenues": 3078000000,
        "costoffuelpurchasedpoweranddelivery": 1803000000,
        "othercostandexpenseoperating": 425000000,
        "depreciationdepletionandamortization": 393000000,
        "sellinggeneralandadministrativeexpense": 355000000,
        "operatingincomeloss": 102000000,
        "othernonoperatingincome": 83000000,
        "othernonoperatingexpense": 5000000,
        "interestexpense": 290000000,
        "impactsoftaxreceivableagreement": 36000000,
        "incomelossfromcontinuingoperationsbeforeincometaxesextraordinaryitemsnoncontrollinginterest": -146000000,
        "incometaxexpensebenefit": 38000000,
        "profitloss": -184000000,
        "netincomeloss": -184000000,
        "preferredstockdividendsincomestatementimpact": 38000000,
        "netincomelossavailabletocommonstockholdersbasic": -222000000,
        "weightedaveragenumberofsharesoutstandingbasic": 369771359,
        "weightedaveragenumberofdilutedsharesoutstanding": 375193110,
        "earningspersharebasic": -0.5499999999999998,
        "earningspersharediluted": -0.5499999999999998,
        "othercomprehensiveincomelossreclassificationadjustmentfromaocipensionandotherpostretirementbenefitplansfornetgainlossnetoftax": 4000000,
        "othercomprehensiveincomelossnetoftax": -4000000,
        "comprehensiveincomenetoftaxincludingportionattributabletononcontrollinginterest": -188000000,
        "othercomprehensiveincomelossnetoftaxportionattributabletoparent": -188000000
    },
    {
        "date": "2023-09-29",
        "symbol": "VST",
        "period": "Q3",
        "revenues": 14660000000,
        "costoffuelpurchasedpoweranddelivery": 2109000000,
        "othercostandexpenseoperating": 411000000,
        "depreciationdepletionandamortization": 1075000000,
        "sellinggeneralandadministrativeexpense": 356000000,
        "operatingincomeloss": 2644000000,
        "othernonoperatingincome": 30000000,
        "othernonoperatingexpense": 4000000,
        "interestexpense": 143000000,
        "impactsoftaxreceivableagreement": 49000000,
        "incomelossfromcontinuingoperationsbeforeincometaxesextraordinaryitemsnoncontrollinginterest": 671000000,
        "incometaxexpensebenefit": 169000000,
        "profitloss": 2439000000,
        "netincomeloss": 502000000,
        "preferredstockdividendsincomestatementimpact": 77000000,
        "netincomelossavailabletocommonstockholdersbasic": 465000000,
        "weightedaveragenumberofsharesoutstandingbasic": -3940968,
        "weightedaveragenumberofdilutedsharesoutstanding": -3314107,
        "earningspersharebasic": 1.2699999999999994,
        "earningspersharediluted": 1.25,
        "othercomprehensiveincomelossreclassificationadjustmentfromaocipensionandotherpostretirementbenefitplansfornetgainlossnetoftax": 2000000,
        "othercomprehensiveincomelossnetoftax": -2000000,
        "comprehensiveincomenetoftaxincludingportionattributabletononcontrollinginterest": 500000000,
        "othercomprehensiveincomelossnetoftaxportionattributabletoparent": 500000000
    },
    {
        "date": "2023-06-29",
        "symbol": "VST",
        "period": "Q2",
        "revenues": -813000000,
        "costoffuelpurchasedpoweranddelivery": 1475000000,
        "othercostandexpenseoperating": 445000000,
        "depreciationdepletionandamortization": 17000000,
        "sellinggeneralandadministrativeexpense": 309000000,
        "impairmentoflonglivedassetsheldforuse": 0,
        "operatingincomeloss": -48000000,
        "othernonoperatingincome": 124000000,
        "othernonoperatingexpense": 2000000,
        "interestexpense": 100000000,
        "impactsoftaxreceivableagreement": 14000000,
        "incomelossfromcontinuingoperationsbeforeincometaxesextraordinaryitemsnoncontrollinginterest": 599000000,
        "incometaxexpensebenefit": 123000000,
        "profitloss": -278000000,
        "netincomelossattributabletononcontrollinginterest": 0,
        "netincomeloss": 476000000,
        "preferredstockdividendsincomestatementimpact": 17000000,
        "netincomelossavailabletocommonstockholdersbasic": 439000000,
        "weightedaveragenumberofsharesoutstandingbasic": -5366935,
        "weightedaveragenumberofdilutedsharesoutstanding": -5136914,
        "earningspersharebasic": 1.1900000000000002,
        "earningspersharediluted": 1.17,
        "othercomprehensiveincomelossreclassificationadjustmentfromaocipensionandotherpostretirementbenefitplansfornetgainlossnetoftax": -4000000,
        "othercomprehensiveincomelossnetoftax": 4000000,
        "comprehensiveincomenetoftaxincludingportionattributabletononcontrollinginterest": 480000000,
        "othercomprehensiveincomelossnetoftaxportionattributabletononcontrollinginterest": 0,
        "othercomprehensiveincomelossnetoftaxportionattributabletoparent": 480000000
    },
    {
        "date": "2023-03-30",
        "symbol": "VST",
        "period": "Q1",
        "revenues": -2146000000,
        "costoffuelpurchasedpoweranddelivery": 2170000000,
        "othercostandexpenseoperating": 421000000,
        "depreciationdepletionandamortization": 17000000,
        "sellinggeneralandadministrativeexpense": 288000000,
        "impairmentoflonglivedassetsheldforuse": 2000000,
        "operatingincomeloss": -37000000,
        "othernonoperatingincome": 20000000,
        "othernonoperatingexpense": 3000000,
        "interestexpense": 207000000,
        "impactsoftaxreceivableagreement": 65000000,
        "incomelossfromcontinuingoperationsbeforeincometaxesextraordinaryitemsnoncontrollinginterest": 876000000,
        "incometaxexpensebenefit": 178000000,
        "profitloss": -485000000,
        "netincomelossattributabletononcontrollinginterest": -1000000,
        "netincomeloss": 699000000,
        "preferredstockdividendsincomestatementimpact": 18000000,
        "netincomelossavailabletocommonstockholdersbasic": 661000000,
        "weightedaveragenumberofsharesoutstandingbasic": 383631369,
        "weightedaveragenumberofdilutedsharesoutstanding": 387553379,
        "earningspersharebasic": 1.72,
        "earningspersharediluted": 1.71,
        "othercomprehensiveincomelossreclassificationadjustmentfromaocipensionandotherpostretirementbenefitplansfornetgainlossnetoftax": -1000000,
        "othercomprehensiveincomelossnetoftax": 1000000,
        "comprehensiveincomenetoftaxincludingportionattributabletononcontrollinginterest": 699000000,
        "othercomprehensiveincomelossnetoftaxportionattributabletononcontrollinginterest": -1000000,
        "othercomprehensiveincomelossnetoftaxportionattributabletoparent": 700000000
    },
    {
        "date": "2022-12-30",
        "symbol": "VST",
        "period": "Q4",
        "revenues": -2689000000,
        "costoffuelpurchasedpoweranddelivery": 2821000000,
        "othercostandexpenseoperating": 394000000,
        "depreciationdepletionandamortization": -36000000,
        "sellinggeneralandadministrativeexpense": -822000000,
        "operatingincomeloss": 15000000,
        "othernonoperatingincome": -80000000,
        "othernonoperatingexpense": -14000000,
        "interestexpense": 184000000,
        "impactsoftaxreceivableagreement": 99000000,
        "incomelossfromcontinuingoperationsbeforeincometaxesextraordinaryitemsnoncontrollinginterest": 1018000000,
        "incometaxexpensebenefit": 215000000,
        "profitloss": -1170000000,
        "netincomelossattributabletononcontrollinginterest": -36000000,
        "netincomeloss": -245000000,
        "preferredstockdividendsincomestatementimpact": 18000000,
        "netincomelossavailabletocommonstockholdersbasic": -283000000,
        "weightedaveragenumberofsharesoutstandingbasic": -872112207,
        "weightedaveragenumberofdilutedsharesoutstanding": -875831822,
        "earningspersharebasic": -0.8,
        "earningspersharediluted": -0.7799999999999996,
        "comprehensiveincomenetoftaxincludingportionattributabletononcontrollinginterest": -230000000,
        "othercomprehensiveincomelossnetoftaxportionattributabletononcontrollinginterest": -2000000,
        "othercomprehensiveincomelossnetoftaxportionattributabletoparent": -228000000
    },
    {
        "date": "2022-09-29",
        "symbol": "VST",
        "period": "Q3",
        "revenues": -3450000000,
        "costoffuelpurchasedpoweranddelivery": 3139000000,
        "othercostandexpenseoperating": 400000000,
        "depreciationdepletionandamortization": 18000000,
        "sellinggeneralandadministrativeexpense": 323000000,
        "operatingincomeloss": -25000000,
        "othernonoperatingincome": 10000000,
        "othernonoperatingexpense": 5000000,
        "interestexpense": 71000000,
        "impactsoftaxreceivableagreement": -86000000,
        "incomelossfromcontinuingoperationsbeforeincometaxesextraordinaryitemsnoncontrollinginterest": 914000000,
        "incometaxexpensebenefit": 236000000,
        "profitloss": -251000000,
        "netincomelossattributabletononcontrollinginterest": 10000000,
        "netincomeloss": 668000000,
        "preferredstockdividendsincomestatementimpact": 17000000,
        "netincomelossavailabletocommonstockholdersbasic": 631000000,
        "weightedaveragenumberofsharesoutstandingbasic": 413762896,
        "weightedaveragenumberofdilutedsharesoutstanding": 417482511,
        "earningspersharebasic": 1.53,
        "earningspersharediluted": 1.51,
        "othercomprehensiveincomelossreclassificationadjustmentfromaocipensionandotherpostretirementbenefitplansfornetgainlossnetoftax": -6000000,
        "othercomprehensiveincomelossnetoftax": 6000000,
        "comprehensiveincomenetoftaxincludingportionattributabletononcontrollinginterest": 684000000,
        "othercomprehensiveincomelossnetoftaxportionattributabletononcontrollinginterest": 10000000,
        "othercomprehensiveincomelossnetoftaxportionattributabletoparent": 674000000,
        "othercomprehensiveincomelossreclassificationadjustmentfromaocipensionandotherpostretirementbenefitplansfornetgainlosstax": 2000000
    },
    {
        "date": "2022-06-29",
        "symbol": "VST",
        "period": "Q2",
        "revenues": -17000000,
        "costoffuelpurchasedpoweranddelivery": 2162000000,
        "othercostandexpenseoperating": 435000000,
        "depreciationdepletionandamortization": 17000000,
        "sellinggeneralandadministrativeexpense": 280000000,
        "operatingincomeloss": -32000000,
        "othernonoperatingincome": 71000000,
        "othernonoperatingexpense": 9000000,
        "interestexpense": 109000000,
        "impactsoftaxreceivableagreement": 34000000,
        "incomelossfromcontinuingoperationsbeforeincometaxesextraordinaryitemsnoncontrollinginterest": -1764000000,
        "incometaxexpensebenefit": -407000000,
        "profitloss": 233000000,
        "netincomelossattributabletononcontrollinginterest": 8000000,
        "netincomeloss": -1365000000,
        "preferredstockdividendsincomestatementimpact": 17000000,
        "netincomelossavailabletocommonstockholdersbasic": -1402000000,
        "weightedaveragenumberofsharesoutstandingbasic": 429193031,
        "weightedaveragenumberofdilutedsharesoutstanding": 429193031,
        "earningspersharebasic": -3.27,
        "earningspersharediluted": -3.27,
        "comprehensiveincomenetoftaxincludingportionattributabletononcontrollinginterest": -1357000000,
        "othercomprehensiveincomelossnetoftaxportionattributabletononcontrollinginterest": 8000000,
        "othercomprehensiveincomelossnetoftaxportionattributabletoparent": -1365000000
    },
    {
        "date": "2022-03-30",
        "symbol": "VST",
        "period": "Q1",
        "revenues": 1401000000,
        "costoffuelpurchasedpoweranddelivery": 2279000000,
        "othercostandexpenseoperating": 416000000,
        "depreciationdepletionandamortization": 17000000,
        "sellinggeneralandadministrativeexpense": 288000000,
        "operatingincomeloss": -43000000,
        "othernonoperatingincome": 5000000,
        "othernonoperatingexpense": 4000000,
        "interestexpense": 7000000,
        "impactsoftaxreceivableagreement": 81000000,
        "incomelossfromcontinuingoperationsbeforeincometaxesextraordinaryitemsnoncontrollinginterest": -375000000,
        "incometaxexpensebenefit": -91000000,
        "profitloss": -39000000,
        "netincomelossattributabletononcontrollinginterest": 1000000,
        "netincomeloss": -285000000,
        "preferredstockdividendsincomestatementimpact": 18000000,
        "netincomelossavailabletocommonstockholdersbasic": -323000000,
        "weightedaveragenumberofsharesoutstandingbasic": 451603354,
        "weightedaveragenumberofdilutedsharesoutstanding": 451603354,
        "earningspersharebasic": -0.72,
        "earningspersharediluted": -0.72,
        "comprehensiveincomenetoftaxincludingportionattributabletononcontrollinginterest": -284000000,
        "othercomprehensiveincomelossnetoftaxportionattributabletononcontrollinginterest": 1000000,
        "othercomprehensiveincomelossnetoftaxportionattributabletoparent": -285000000
    },
    {
        "date": "2021-12-30",
        "symbol": "VST",
        "period": "Q4",
        "revenues": -1742000000,
        "costoffuelpurchasedpoweranddelivery": 1342000000,
        "othercostandexpenseoperating": 386000000,
        "depreciationdepletionandamortization": -34000000,
        "sellinggeneralandadministrativeexpense": -718000000,
        "operatingincomeloss": 12000000,
        "othernonoperatingincome": -105000000,
        "othernonoperatingexpense": 3000000,
        "interestexpense": -289000000,
        "impactsoftaxreceivableagreement": -22000000,
        "incomelossfromcontinuingoperationsbeforeincometaxesextraordinaryitemsnoncontrollinginterest": 2549000000,
        "incometaxexpensebenefit": 565000000,
        "profitloss": -1509000000,
        "netincomelossattributabletononcontrollinginterest": -16000000,
        "netincomeloss": 726000000,
        "weightedaveragenumberofsharesoutstandingbasic": -935669,
        "weightedaveragenumberofdilutedsharesoutstanding": -935669,
        "othercomprehensiveincomelossnetoftax": 15000000,
        "comprehensiveincomenetoftaxincludingportionattributabletononcontrollinginterest": 745000000,
        "othercomprehensiveincomelossnetoftaxportionattributabletononcontrollinginterest": 4000000,
        "othercomprehensiveincomelossnetoftaxportionattributabletoparent": 741000000
    },
    {
        "date": "2021-09-29",
        "symbol": "VST",
        "period": "Q3",
        "revenues": -489000000,
        "costoffuelpurchasedpoweranddelivery": 1762000000,
        "othercostandexpenseoperating": 373000000,
        "depreciationdepletionandamortization": 17000000,
        "sellinggeneralandadministrativeexpense": 268000000,
        "operatingincomeloss": -28000000,
        "othernonoperatingincome": 17000000,
        "othernonoperatingexpense": 6000000,
        "interestexpense": 124000000,
        "impactsoftaxreceivableagreement": -35000000,
        "incomelossfromcontinuingoperationsbeforeincometaxesextraordinaryitemsnoncontrollinginterest": 42000000,
        "incometaxexpensebenefit": 31000000,
        "profitloss": -142000000,
        "netincomelossattributabletononcontrollinginterest": 4000000,
        "netincomeloss": 7000000,
        "weightedaveragenumberofsharesoutstandingbasic": 483150213,
        "weightedaveragenumberofdilutedsharesoutstanding": 483150213,
        "earningspersharebasic": 0,
        "earningspersharediluted": 0,
        "othercomprehensiveincomelossreclassificationadjustmentfromaocipensionandotherpostretirementbenefitplansfornetgainlossnetoftax": -14000000,
        "othercomprehensiveincomelossnetoftax": 14000000,
        "comprehensiveincomenetoftaxincludingportionattributabletononcontrollinginterest": 25000000,
        "othercomprehensiveincomelossnetoftaxportionattributabletononcontrollinginterest": 4000000,
        "othercomprehensiveincomelossnetoftaxportionattributabletoparent": 21000000
    },
    {
        "date": "2021-06-29",
        "symbol": "VST",
        "period": "Q2",
        "revenues": 2565000000,
        "costoffuelpurchasedpoweranddelivery": 1320000000,
        "othercostandexpenseoperating": 429000000,
        "depreciationdepletionandamortization": 464000000,
        "sellinggeneralandadministrativeexpense": 252000000,
        "impairmentoflonglivedassetsheldforuse": 38000000,
        "operatingincomeloss": 62000000,
        "othernonoperatingincome": 36000000,
        "othernonoperatingexpense": 2000000,
        "interestexpense": 135000000,
        "impactsoftaxreceivableagreement": 41000000,
        "incomelossfromcontinuingoperationsbeforeincometaxesextraordinaryitemsnoncontrollinginterest": -80000000,
        "incometaxexpensebenefit": -115000000,
        "profitloss": 35000000,
        "netincomelossattributabletononcontrollinginterest": -1000000,
        "netincomeloss": 36000000,
        "weightedaveragenumberofsharesoutstandingbasic": 486022633,
        "weightedaveragenumberofdilutedsharesoutstanding": 487366226,
        "earningspersharebasic": 0.07,
        "earningspersharediluted": 0.07,
        "othercomprehensiveincomelossreclassificationadjustmentfromaocipensionandotherpostretirementbenefitplansfornetgainlossnetoftax": -1000000,
        "othercomprehensiveincomelossnetoftax": 1000000,
        "comprehensiveincomenetoftaxincludingportionattributabletononcontrollinginterest": 36000000,
        "othercomprehensiveincomelossnetoftaxportionattributabletononcontrollinginterest": -1000000,
        "othercomprehensiveincomelossnetoftaxportionattributabletoparent": 37000000,
        "othercomprehensiveincomelossreclassificationadjustmentfromaocipensionandotherpostretirementbenefitplansfornetgainlosstax": -1000000
    },
    {
        "date": "2021-03-30",
        "symbol": "VST",
        "period": "Q1",
        "revenues": 3207000000,
        "costoffuelpurchasedpoweranddelivery": 4745000000,
        "othercostandexpenseoperating": 371000000,
        "depreciationdepletionandamortization": 423000000,
        "sellinggeneralandadministrativeexpense": 251000000,
        "operatingincomeloss": -2583000000,
        "othernonoperatingincome": 55000000,
        "othernonoperatingexpense": 5000000,
        "interestexpense": 29000000,
        "impactsoftaxreceivableagreement": -37000000,
        "incomelossfromcontinuingoperationsbeforeincometaxesextraordinaryitemsnoncontrollinginterest": -2525000000,
        "incometaxexpensebenefit": -485000000,
        "profitloss": -2040000000,
        "netincomelossattributabletononcontrollinginterest": 3000000,
        "netincomeloss": -2043000000,
        "weightedaveragenumberofsharesoutstandingbasic": 484699267,
        "weightedaveragenumberofdilutedsharesoutstanding": 484699267,
        "earningspersharebasic": -4.21,
        "earningspersharediluted": -4.21,
        "othercomprehensiveincomelossreclassificationadjustmentfromaocipensionandotherpostretirementbenefitplansfornetgainlossnetoftax": -2000000,
        "othercomprehensiveincomelossnetoftax": 2000000,
        "comprehensiveincomenetoftaxincludingportionattributabletononcontrollinginterest": -2038000000,
        "othercomprehensiveincomelossnetoftaxportionattributabletononcontrollinginterest": 3000000,
        "othercomprehensiveincomelossnetoftaxportionattributabletoparent": -2041000000
    },
    {
        "date": "2020-12-30",
        "symbol": "VST",
        "period": "Q4",
        "revenues": 2524000000,
        "costoffuelpurchasedpoweranddelivery": 1342000000,
        "othercostandexpenseoperating": 373000000,
        "depreciationdepletionandamortization": 453000000,
        "sellinggeneralandadministrativeexpense": 280000000,
        "operatingincomeloss": 76000000,
        "othernonoperatingincome": 15000000,
        "interestexpense": 89000000,
        "impactsoftaxreceivableagreement": 39000000,
        "incomelossfromcontinuingoperationsbeforeincometaxesextraordinaryitemsnoncontrollinginterest": -44000000,
        "incometaxexpensebenefit": -17000000,
        "profitloss": -27000000,
        "netincomelossattributabletononcontrollinginterest": 2000000,
        "netincomeloss": -29000000,
        "weightedaveragenumberofsharesoutstandingbasic": 183822,
        "weightedaveragenumberofdilutedsharesoutstanding": 175990,
        "earningspersharebasic": -0.06000000000000001,
        "earningspersharediluted": -0.05,
        "othercomprehensiveincomelossnetoftax": 8000000,
        "comprehensiveincomenetoftaxincludingportionattributabletononcontrollinginterest": -19000000,
        "othercomprehensiveincomelossnetoftaxportionattributabletononcontrollinginterest": -26000000,
        "othercomprehensiveincomelossnetoftaxportionattributabletoparent": -21000000
    },
    {
        "date": "2020-09-29",
        "symbol": "VST",
        "period": "Q3",
        "revenues": 3552000000,
        "costoffuelpurchasedpoweranddelivery": 1470000000,
        "othercostandexpenseoperating": 457000000,
        "depreciationdepletionandamortization": 409000000,
        "sellinggeneralandadministrativeexpense": 267000000,
        "operatingincomeloss": 677000000,
        "othernonoperatingincome": 7000000,
        "othernonoperatingexpense": 0,
        "interestexpense": 101000000,
        "impactsoftaxreceivableagreement": -58000000,
        "incomelossfromequitymethodinvestments": 0,
        "incomelossfromcontinuingoperationsbeforeincometaxesextraordinaryitemsnoncontrollinginterest": 641000000,
        "incometaxexpensebenefit": 199000000,
        "profitloss": 442000000,
        "netincomelossattributabletononcontrollinginterest": -27000000,
        "netincomeloss": 443000000,
        "weightedaveragenumberofsharesoutstandingbasic": 171938,
        "weightedaveragenumberofdilutedsharesoutstanding": 204546,
        "earningspersharebasic": 0.91,
        "earningspersharediluted": 0.9,
        "othercomprehensiveincomelossreclassificationadjustmentfromaocipensionandotherpostretirementbenefitplansfornetgainlossnetoftax": 4000000,
        "othercomprehensiveincomelossnetoftax": -4000000,
        "comprehensiveincomenetoftaxincludingportionattributabletononcontrollinginterest": 438000000,
        "othercomprehensiveincomelossnetoftaxportionattributabletononcontrollinginterest": 1000000,
        "othercomprehensiveincomelossnetoftaxportionattributabletoparent": 439000000
    },
    {
        "date": "2020-06-29",
        "symbol": "VST",
        "period": "Q2",
        "revenues": 2509000000,
        "costoffuelpurchasedpoweranddelivery": 1029000000,
        "othercostandexpenseoperating": 413000000,
        "depreciationdepletionandamortization": 456000000,
        "sellinggeneralandadministrativeexpense": 236000000,
        "impairmentoflonglivedassetsheldforuse": 0,
        "operatingincomeloss": 375000000,
        "othernonoperatingincome": 5000000,
        "othernonoperatingexpense": 4000000,
        "interestexpense": 140000000,
        "impactsoftaxreceivableagreement": 6000000,
        "incomelossfromequitymethodinvestments": 1000000,
        "incomelossfromcontinuingoperationsbeforeincometaxesextraordinaryitemsnoncontrollinginterest": 231000000,
        "incometaxexpensebenefit": 67000000,
        "profitloss": 164000000,
        "netincomelossattributabletononcontrollinginterest": 2000000,
        "netincomeloss": 166000000,
        "weightedaveragenumberofsharesoutstandingbasic": 367939,
        "weightedaveragenumberofdilutedsharesoutstanding": 71306,
        "earningspersharebasic": 0.34,
        "earningspersharediluted": 0.34,
        "othercomprehensiveincomelossreclassificationadjustmentfromaocipensionandotherpostretirementbenefitplansfornetgainlossnetoftax": -1000000,
        "othercomprehensiveincomelossnetoftax": 1000000,
        "comprehensiveincomenetoftaxincludingportionattributabletononcontrollinginterest": 165000000,
        "othercomprehensiveincomelossnetoftaxportionattributabletononcontrollinginterest": 2000000,
        "othercomprehensiveincomelossnetoftaxportionattributabletoparent": 167000000,
        "othercomprehensiveincomelossreclassificationadjustmentfromaocipensionandotherpostretirementbenefitplansfornetgainlosstax": 0
    },
    {
        "date": "2020-03-30",
        "symbol": "VST",
        "period": "Q1",
        "revenues": 2858000000,
        "costoffuelpurchasedpoweranddelivery": 1333000000,
        "othercostandexpenseoperating": 379000000,
        "depreciationdepletionandamortization": 419000000,
        "sellinggeneralandadministrativeexpense": 252000000,
        "impairmentoflonglivedassetsheldforuse": 84000000,
        "operatingincomeloss": 391000000,
        "othernonoperatingincome": 7000000,
        "othernonoperatingexpense": 31000000,
        "interestexpense": 300000000,
        "impactsoftaxreceivableagreement": 8000000,
        "incomelossfromequitymethodinvestments": 3000000,
        "incomelossfromcontinuingoperationsbeforeincometaxesextraordinaryitemsnoncontrollinginterest": 62000000,
        "incometaxexpensebenefit": 17000000,
        "profitloss": 45000000,
        "netincomelossattributabletononcontrollinginterest": 11000000,
        "netincomeloss": 56000000,
        "weightedaveragenumberofsharesoutstandingbasic": 487944564,
        "weightedaveragenumberofdilutedsharesoutstanding": 490638626,
        "earningspersharebasic": 0.11,
        "earningspersharediluted": 0.11,
        "othercomprehensiveincomelossreclassificationadjustmentfromaocipensionandotherpostretirementbenefitplansfornetgainlossnetoftax": 23000000,
        "othercomprehensiveincomelossnetoftax": -23000000,
        "comprehensiveincomenetoftaxincludingportionattributabletononcontrollinginterest": 22000000,
        "othercomprehensiveincomelossnetoftaxportionattributabletononcontrollinginterest": 11000000,
        "othercomprehensiveincomelossnetoftaxportionattributabletoparent": 33000000,
        "othercomprehensiveincomelossreclassificationadjustmentfromaocipensionandotherpostretirementbenefitplansfornetgainlosstax": 7000000
    },
    {
        "date": "2019-12-30",
        "symbol": "VST",
        "period": "Q4",
        "revenues": 2860000000,
        "costoffuelpurchasedpoweranddelivery": 1455000000,
        "othercostandexpenseoperating": 378000000,
        "depreciationdepletionandamortization": 426000000,
        "sellinggeneralandadministrativeexpense": 266000000,
        "operatingincomeloss": 335000000,
        "othernonoperatingincome": 11000000,
        "othernonoperatingexpense": 6000000,
        "interestexpense": 78000000,
        "impactsoftaxreceivableagreement": 11000000,
        "incomelossfromequitymethodinvestments": 3000000,
        "incometaxexpensebenefit": 20000000,
        "profitloss": 234000000,
        "netincomelossattributabletononcontrollinginterest": -4000000,
        "netincomeloss": 234000000,
        "weightedaveragenumberofsharesoutstandingbasic": -495629433,
        "weightedaveragenumberofdilutedsharesoutstanding": -500983725,
        "earningspersharebasic": 0.48999999999999994,
        "earningspersharediluted": 0.48000000000000015,
        "comprehensiveincomenetoftaxincludingportionattributabletononcontrollinginterest": 238000000,
        "othercomprehensiveincomelossnetoftaxportionattributabletononcontrollinginterest": -4000000,
        "othercomprehensiveincomelossnetoftaxportionattributabletoparent": 238000000
    },
    {
        "date": "2019-09-29",
        "symbol": "VST",
        "period": "Q3",
        "profitloss": 114000000,
        "othercomprehensiveincomelossreclassificationadjustmentfromaocipensionandotherpostretirementbenefitplansfornetgainlossnetoftax": 13000000,
        "othercomprehensiveincomelossnetoftax": -13000000,
        "comprehensiveincomenetoftaxincludingportionattributabletononcontrollinginterest": 101000000,
        "othercomprehensiveincomelossnetoftaxportionattributabletononcontrollinginterest": -1000000,
        "othercomprehensiveincomelossnetoftaxportionattributabletoparent": 100000000,
        "othercomprehensiveincomelossreclassificationadjustmentfromaocipensionandotherpostretirementbenefitplansfornetgainlosstax": -4000000,
        "revenues": 3194000000,
        "costoffuelpurchasedpoweranddelivery": 1687000000,
        "othercostandexpenseoperating": 397000000,
        "depreciationdepletionandamortization": 424000000,
        "sellinggeneralandadministrativeexpense": 246000000,
        "operatingincomeloss": 440000000,
        "othernonoperatingincome": 6000000,
        "othernonoperatingexpense": 4000000,
        "interestexpense": 224000000,
        "impactsoftaxreceivableagreement": 62000000,
        "incomelossfromequitymethodinvestments": 3000000,
        "incomelossfromcontinuingoperationsbeforeincometaxesminorityinterestandincomelossfromequitymethodinvestments": 159000000,
        "incometaxexpensebenefit": 45000000,
        "netincomelossattributabletononcontrollinginterest": -1000000,
        "netincomeloss": 113000000,
        "weightedaveragenumberofsharesoutstandingbasic": 490562179,
        "weightedaveragenumberofdilutedsharesoutstanding": 493670295,
        "earningspersharebasic": 0.23,
        "earningspersharediluted": 0.23
    },
    {
        "date": "2019-06-29",
        "symbol": "VST",
        "period": "Q2",
        "profitloss": 563000000,
        "othercomprehensiveincomelossreclassificationadjustmentfromaocipensionandotherpostretirementbenefitplansfornetgainlossnetoftax": 0,
        "othercomprehensiveincomelossnetoftax": 0,
        "comprehensiveincomenetoftaxincludingportionattributabletononcontrollinginterest": 1081000000,
        "othercomprehensiveincomelossnetoftaxportionattributabletononcontrollinginterest": 2000000,
        "othercomprehensiveincomelossnetoftaxportionattributabletoparent": 1084000000,
        "revenues": 4369000000,
        "costoffuelpurchasedpoweranddelivery": 2636000000,
        "othercostandexpenseoperating": 741000000,
        "depreciationdepletionandamortization": 731000000,
        "sellinggeneralandadministrativeexpense": 438000000,
        "operatingincomeloss": 1200000000,
        "othernonoperatingincome": 41000000,
        "othernonoperatingexpense": 3000000,
        "interestexpense": 497000000,
        "impactsoftaxreceivableagreement": -33000000,
        "incomelossfromequitymethodinvestments": 3000000,
        "incomelossfromcontinuingoperationsbeforeincometaxesminorityinterestandincomelossfromequitymethodinvestments": 848000000,
        "incometaxexpensebenefit": 216000000,
        "netincomelossattributabletononcontrollinginterest": 4000000,
        "netincomeloss": 356000000,
        "weightedaveragenumberofsharesoutstandingbasic": -3153777,
        "weightedaveragenumberofdilutedsharesoutstanding": -1891068,
        "earningspersharebasic": 0.71,
        "earningspersharediluted": 0.71
    },
    {
        "date": "2019-03-30",
        "symbol": "VST",
        "period": "Q1",
        "profitloss": 15000000,
        "othercomprehensiveincomelossreclassificationadjustmentfromaocipensionandotherpostretirementbenefitplansfornetgainlossnetoftax": -1000000,
        "othercomprehensiveincomelossnetoftax": 1000000,
        "comprehensiveincomenetoftaxincludingportionattributabletononcontrollinginterest": -502000000,
        "othercomprehensiveincomelossnetoftaxportionattributabletononcontrollinginterest": 1000000,
        "othercomprehensiveincomelossnetoftaxportionattributabletoparent": -502000000,
        "revenues": 1386000000,
        "costoffuelpurchasedpoweranddelivery": -36000000,
        "othercostandexpenseoperating": 14000000,
        "depreciationdepletionandamortization": 59000000,
        "sellinggeneralandadministrativeexpense": -46000000,
        "operatingincomeloss": 18000000,
        "othernonoperatingincome": -2000000,
        "othernonoperatingexpense": 2000000,
        "interestexpense": -2000000,
        "impactsoftaxreceivableagreement": -3000000,
        "incomelossfromequitymethodinvestments": 7000000,
        "incomelossfromcontinuingoperationsbeforeincometaxesminorityinterestandincomelossfromequitymethodinvestments": -45000000,
        "incometaxexpensebenefit": 9000000,
        "netincomelossattributabletononcontrollinginterest": -1000000,
        "netincomeloss": 225000000,
        "weightedaveragenumberofsharesoutstandingbasic": 502367299,
        "weightedaveragenumberofdilutedsharesoutstanding": 509139988,
        "earningspersharebasic": 0.45,
        "earningspersharediluted": 0.44
    },
    {
        "date": "2018-12-30",
        "symbol": "VST",
        "period": "Q4",
        "profitloss": -453000000,
        "comprehensiveincomenetoftaxincludingportionattributabletononcontrollinginterest": 366000000,
        "revenues": 4905000000,
        "costoffuelpurchasedpoweranddelivery": 5000000000,
        "othercostandexpenseoperating": 1269000000,
        "depreciationdepletionandamortization": 1157000000,
        "sellinggeneralandadministrativeexpense": 210000000,
        "operatingincomeloss": 119000000,
        "othernonoperatingincome": 50000000,
        "othernonoperatingexpense": 1000000,
        "impactsoftaxreceivableagreement": 14000000,
        "incomelossfromcontinuingoperationsbeforeincometaxesminorityinterestandincomelossfromequitymethodinvestments": 403000000,
        "incometaxexpensebenefit": 114000000,
        "weightedaveragenumberofsharesoutstandingbasic": -505849834,
        "weightedaveragenumberofdilutedsharesoutstanding": -513680447,
        "earningspersharebasic": -0.32000000000000006,
        "earningspersharediluted": -0.31000000000000005
    },
    {
        "date": "2018-09-29",
        "symbol": "VST",
        "period": "Q3",
        "profitloss": -86000000,
        "othercomprehensiveincomelossreclassificationadjustmentfromaocipensionandotherpostretirementbenefitplansfornetgainlossnetoftax": -1000000,
        "othercomprehensiveincomelossnetoftax": 1000000,
        "comprehensiveincomenetoftaxincludingportionattributabletononcontrollinginterest": -370000000,
        "othercomprehensiveincomelossnetoftaxportionattributabletononcontrollinginterest": 1000000,
        "othercomprehensiveincomelossnetoftaxportionattributabletoparent": -370000000,
        "revenues": 1813000000,
        "costoffuelpurchasedpoweranddelivery": 37000000,
        "othercostandexpenseoperating": 12000000,
        "depreciationdepletionandamortization": 80000000,
        "sellinggeneralandadministrativeexpense": 196000000,
        "operatingincomeloss": -83000000,
        "othernonoperatingincome": -2000000,
        "othernonoperatingexpense": 1000000,
        "interestexpense": -2000000,
        "impactsoftaxreceivableagreement": -17000000,
        "incomelossfromequitymethodinvestments": 7000000,
        "incomelossfromcontinuingoperationsbeforeincometaxesminorityinterestandincomelossfromequitymethodinvestments": -115000000,
        "incometaxexpensebenefit": -42000000,
        "netincomelossattributabletononcontrollinginterest": 1000000,
        "netincomeloss": 330000000,
        "weightedaveragenumberofsharesoutstandingbasic": 533142189,
        "weightedaveragenumberofdilutedsharesoutstanding": 540972802,
        "earningspersharebasic": 0.62,
        "earningspersharediluted": 0.61
    },
    {
        "date": "2018-06-29",
        "symbol": "VST",
        "period": "Q2",
        "profitloss": 789000000,
        "othercomprehensiveincomelossreclassificationadjustmentfromaocipensionandotherpostretirementbenefitplansfornetgainlossnetoftax": 0,
        "othercomprehensiveincomelossnetoftax": 0,
        "comprehensiveincomenetoftaxincludingportionattributabletononcontrollinginterest": 248000000,
        "revenues": 2959000000,
        "costoffuelpurchasedpoweranddelivery": -651000000,
        "othercostandexpenseoperating": -178000000,
        "depreciationdepletionandamortization": 93000000,
        "sellinggeneralandadministrativeexpense": 355000000,
        "operatingincomeloss": 1542000000,
        "othernonoperatingincome": -11000000,
        "othernonoperatingexpense": 1000000,
        "impactsoftaxreceivableagreement": 64000000,
        "incomelossfromcontinuingoperationsbeforeincometaxesminorityinterestandincomelossfromequitymethodinvestments": 6000000,
        "incometaxexpensebenefit": -28000000,
        "weightedaveragenumberofsharesoutstandingbasic": 49211632,
        "weightedaveragenumberofdilutedsharesoutstanding": 49211632,
        "earningspersharebasic": 0.3,
        "earningspersharediluted": 0.3
    },
    {
        "date": "2018-03-30",
        "symbol": "VST",
        "period": "Q1",
        "profitloss": -306000000,
        "othercomprehensiveincomelossreclassificationadjustmentfromaocipensionandotherpostretirementbenefitplansfornetgainlossnetoftax": -1000000,
        "othercomprehensiveincomelossnetoftax": 1000000,
        "comprehensiveincomenetoftaxincludingportionattributabletononcontrollinginterest": -305000000,
        "revenues": -533000000,
        "costoffuelpurchasedpoweranddelivery": 650000000,
        "othercostandexpenseoperating": 194000000,
        "depreciationdepletionandamortization": 64000000,
        "sellinggeneralandadministrativeexpense": 165000000,
        "operatingincomeloss": -1087000000,
        "othernonoperatingincome": 10000000,
        "othernonoperatingexpense": 2000000,
        "interestincomeexpensenet": 9000000,
        "impactsoftaxreceivableagreement": 18000000,
        "incomelossfromcontinuingoperationsbeforeincometaxesminorityinterestandincomelossfromequitymethodinvestments": -395000000,
        "incometaxexpensebenefit": -89000000,
        "weightedaveragenumberofsharesoutstandingbasic": 428450384,
        "weightedaveragenumberofdilutedsharesoutstanding": 428450384,
        "earningspersharebasic": -0.71,
        "earningspersharediluted": -0.71
    },
    {
        "date": "2017-09-29",
        "symbol": "VST",
        "period": "Q3",
        "profitloss": 273000000,
        "comprehensiveincomenetoftaxincludingportionattributabletononcontrollinginterest": 273000000,
        "revenues": 1834000000,
        "costoffuelpurchasedpoweranddelivery": 838000000,
        "othercostandexpenseoperating": 217000000,
        "depreciationdepletionandamortization": 177000000,
        "sellinggeneralandadministrativeexpense": 152000000,
        "operatingincomeloss": 450000000,
        "othernonoperatingincome": 12000000,
        "interestexpense": 76000000,
        "incomelossfromcontinuingoperationsbeforeincometaxesminorityinterestandincomelossfromequitymethodinvestments": 524000000,
        "incometaxexpensebenefit": 251000000,
        "weightedaveragenumberofsharesoutstandingbasic": -427583336,
        "weightedaveragenumberofdilutedsharesoutstanding": -427385882,
        "earningspersharebasic": 0.6400000000000001,
        "earningspersharediluted": 0.6400000000000001
    },
    {
        "date": "2017-06-29",
        "symbol": "VST",
        "period": "Q2",
        "profitloss": -26000000,
        "comprehensiveincomenetoftaxincludingportionattributabletononcontrollinginterest": -26000000,
        "revenues": 1296000000,
        "costoffuelpurchasedpoweranddelivery": 729000000,
        "othercostandexpenseoperating": 195000000,
        "depreciationdepletionandamortization": 172000000,
        "sellinggeneralandadministrativeexpense": 147000000,
        "operatingincomeloss": 53000000,
        "othernonoperatingincome": 9000000,
        "othernonoperatingexpense": 5000000,
        "interestexpense": 69000000,
        "accretionexpense": 22000000,
        "incomelossfromcontinuingoperationsbeforeincometaxesminorityinterestandincomelossfromequitymethodinvestments": -34000000,
        "incometaxexpensebenefit": -8000000,
        "weightedaveragenumberofsharesoutstandingbasic": 427587401,
        "weightedaveragenumberofdilutedsharesoutstanding": 427587401,
        "earningspersharebasic": -0.06,
        "earningspersharediluted": -0.06
    },
    {
        "date": "2017-03-30",
        "symbol": "VST",
        "period": "Q1",
        "profitloss": 78000000,
        "comprehensiveincomenetoftaxincludingportionattributabletononcontrollinginterest": 78000000,
        "revenues": 1357000000,
        "costoffuelpurchasedpoweranddelivery": 683000000,
        "othercostandexpenseoperating": 214000000,
        "depreciationdepletionandamortization": 170000000,
        "sellinggeneralandadministrativeexpense": 135000000,
        "operatingincomeloss": 155000000,
        "othernonoperatingincome": 8000000,
        "investmentincomeinterestanddividend": 1000000,
        "interestexpense": 24000000,
        "accretionexpense": 21000000,
        "incomelossfromcontinuingoperationsbeforeincometaxesminorityinterestandincomelossfromequitymethodinvestments": 119000000,
        "incometaxexpensebenefit": 41000000,
        "weightedaveragenumberofsharesoutstandingbasic": 427583339,
        "weightedaveragenumberofdilutedsharesoutstanding": 427800350,
        "earningspersharebasic": 0.18,
        "earningspersharediluted": 0.18
    }
]