[
    {
        "date": "2024-10-30",
        "symbol": "DOCU",
        "period": "Q3",
        "revenuefromcontractwithcustomerexcludingassessedtax": 772977000,
        "costofgoodsandservicessold": 179381000,
        "grossprofit": 598283000,
        "sellingandmarketingexpense": 290597000,
        "researchanddevelopmentexpense": 151101000,
        "generalandadministrativeexpense": 97555000,
        "restructuringcharges": -24000,
        "operatingexpenses": 539253000,
        "operatingincomeloss": 59030000,
        "nonoperatingincomeexpense": 13006000,
        "incomelossfromcontinuingoperationsbeforeincometaxesextraordinaryitemsnoncontrollinginterest": 71574000,
        "incometaxexpensebenefit": 9167000,
        "netincomeloss": 62423000,
        "earningspersharebasic": 0.3099999999999997,
        "earningspersharediluted": 0.2700000000000006,
        "weightedaveragenumberofsharesoutstandingbasic": 204674000,
        "weightedaveragenumberofdilutedsharesoutstanding": 209755000,
        "othercomprehensiveincomeforeigncurrencytransactionandtranslationadjustmentnetoftaxportionattributabletoparent": 285000,
        "othercomprehensiveincomeunrealizedholdinggainlossonsecuritiesarisingduringperiodnetoftax": 581000,
        "othercomprehensiveincomelossnetoftaxportionattributabletoparent": 866000,
        "comprehensiveincomenetoftax": 63289000,
        "allocatedsharebasedcompensationexpense": -12881000
    },
    {
        "date": "2024-07-30",
        "symbol": "DOCU",
        "period": "Q2",
        "revenuefromcontractwithcustomerexcludingassessedtax": 736027000,
        "costofgoodsandservicessold": 155465000,
        "grossprofit": 580562000,
        "sellingandmarketingexpense": 287464000,
        "researchanddevelopmentexpense": 147571000,
        "generalandadministrativeexpense": 87129000,
        "restructuringcharges": 600000,
        "operatingexpenses": 522761000,
        "operatingincomeloss": 57801000,
        "interestexpensenonoperating": 544000,
        "nonoperatingincomeexpense": 14630000,
        "incomelossfromcontinuingoperationsbeforeincometaxesextraordinaryitemsnoncontrollinginterest": 71887000,
        "incometaxexpensebenefit": -816300000,
        "netincomeloss": 888211000,
        "earningspersharebasic": 4.34,
        "earningspersharediluted": 4.26,
        "weightedaveragenumberofsharesoutstandingbasic": 204604000,
        "weightedaveragenumberofdilutedsharesoutstanding": 208274000,
        "othercomprehensiveincomeforeigncurrencytransactionandtranslationadjustmentnetoftaxportionattributabletoparent": -1017000,
        "othercomprehensiveincomeunrealizedholdinggainlossonsecuritiesarisingduringperiodnetoftax": 1379000,
        "othercomprehensiveincomelossnetoftaxportionattributabletoparent": 362000,
        "comprehensiveincomenetoftax": 888573000,
        "allocatedsharebasedcompensationexpense": 3500000
    },
    {
        "date": "2024-04-29",
        "symbol": "DOCU",
        "period": "Q1",
        "revenuefromcontractwithcustomerexcludingassessedtax": 691483000,
        "costofgoodsandservicessold": 126602000,
        "grossprofit": 560194000,
        "sellingandmarketingexpense": 281644000,
        "researchanddevelopmentexpense": 134320000,
        "generalandadministrativeexpense": 92478000,
        "restructuringcharges": 29124000,
        "operatingexpenses": 537566000,
        "operatingincomeloss": 22628000,
        "interestexpense": 144000,
        "nonoperatingincomeexpense": 14109000,
        "incomelossfromcontinuingoperationsbeforeincometaxesextraordinaryitemsnoncontrollinginterest": 36593000,
        "incometaxexpensebenefit": 2833000,
        "netincomeloss": 33760000,
        "earningspersharebasic": 0.16,
        "earningspersharediluted": 0.16,
        "weightedaveragenumberofsharesoutstandingbasic": 205870000,
        "weightedaveragenumberofdilutedsharesoutstanding": 209896000,
        "othercomprehensiveincomeforeigncurrencytransactionandtranslationadjustmentnetoftaxportionattributabletoparent": -4301000,
        "othercomprehensiveincomeunrealizedholdinggainlossonsecuritiesarisingduringperiodnetoftax": -1249000,
        "othercomprehensiveincomelossnetoftaxportionattributabletoparent": -5550000,
        "comprehensiveincomenetoftax": 28210000,
        "allocatedsharebasedcompensationexpense": 14181000
    },
    {
        "date": "2024-01-30",
        "symbol": "DOCU",
        "period": "Q4",
        "revenuefromcontractwithcustomerexcludingassessedtax": 1166659000,
        "costofgoodsandservicessold": 93006000,
        "grossprofit": 564479000,
        "sellingandmarketingexpense": 300221000,
        "researchanddevelopmentexpense": 151524000,
        "generalandadministrativeexpense": 102711000,
        "restructuringcharges": 1160000,
        "operatingexpenses": 554544000,
        "operatingincomeloss": 9935000,
        "interestexpense": 1709000,
        "nonoperatingincomeexpense": 21516000,
        "incomelossfromcontinuingoperationsbeforeincometaxesextraordinaryitemsnoncontrollinginterest": 29742000,
        "incometaxexpensebenefit": 2501000,
        "netincomeloss": 27241000,
        "weightedaveragenumberofsharesoutstandingbasic": 204070000,
        "weightedaveragenumberofdilutedsharesoutstanding": 208950000,
        "othercomprehensiveincomeforeigncurrencytransactionandtranslationadjustmentnetoftaxportionattributabletoparent": 7269000,
        "othercomprehensiveincomeunrealizedholdinggainlossonsecuritiesarisingduringperiodnetoftax": 1858000,
        "othercomprehensiveincomelossnetoftaxportionattributabletoparent": 9127000,
        "comprehensiveincomenetoftax": 36368000,
        "allocatedsharebasedcompensationexpense": 19874000
    },
    {
        "date": "2023-10-30",
        "symbol": "DOCU",
        "period": "Q3",
        "revenuefromcontractwithcustomerexcludingassessedtax": 682352000,
        "costofgoodsandservicessold": 114227000,
        "grossprofit": 557776000,
        "sellingandmarketingexpense": 292473000,
        "researchanddevelopmentexpense": 136640000,
        "generalandadministrativeexpense": 108215000,
        "restructuringcharges": 710000,
        "operatingexpenses": 538038000,
        "operatingincomeloss": 19738000,
        "interestexpense": 1577000,
        "nonoperatingincomeexpense": 17673000,
        "incomelossfromcontinuingoperationsbeforeincometaxesextraordinaryitemsnoncontrollinginterest": 35834000,
        "incometaxexpensebenefit": -2971000,
        "netincomeloss": 38805000,
        "earningspersharebasic": 0.19,
        "earningspersharediluted": 0.19,
        "weightedaveragenumberofsharesoutstandingbasic": 204456000,
        "weightedaveragenumberofdilutedsharesoutstanding": 208054000,
        "othercomprehensiveincomeforeigncurrencytransactionandtranslationadjustmentnetoftaxportionattributabletoparent": -10029000,
        "othercomprehensiveincomeunrealizedholdinggainlossonsecuritiesarisingduringperiodnetoftax": 1078000,
        "othercomprehensiveincomelossnetoftaxportionattributabletoparent": -8951000,
        "comprehensiveincomenetoftax": 29854000,
        "allocatedsharebasedcompensationexpense": 13705000
    },
    {
        "date": "2023-07-30",
        "symbol": "DOCU",
        "period": "Q2",
        "revenuefromcontractwithcustomerexcludingassessedtax": 669367000,
        "costofgoodsandservicessold": 116185000,
        "grossprofit": 542105000,
        "sellingandmarketingexpense": 294838000,
        "researchanddevelopmentexpense": 135960000,
        "generalandadministrativeexpense": 103884000,
        "restructuringcharges": 811000,
        "operatingexpenses": 535493000,
        "operatingincomeloss": 6612000,
        "interestexpense": 1592000,
        "nonoperatingincomeexpense": 17455000,
        "incomelossfromcontinuingoperationsbeforeincometaxesextraordinaryitemsnoncontrollinginterest": 22475000,
        "incometaxexpensebenefit": 15080000,
        "netincomeloss": 7395000,
        "earningspersharebasic": 0.04,
        "earningspersharediluted": 0.04,
        "weightedaveragenumberofsharesoutstandingbasic": 203703000,
        "weightedaveragenumberofdilutedsharesoutstanding": 208192000,
        "othercomprehensiveincomeforeigncurrencytransactionandtranslationadjustmentnetoftaxportionattributabletoparent": 2075000,
        "othercomprehensiveincomeunrealizedholdinggainlossonsecuritiesarisingduringperiodnetoftax": 306000,
        "othercomprehensiveincomelossnetoftaxportionattributabletoparent": 2381000,
        "comprehensiveincomenetoftax": 9776000,
        "allocatedsharebasedcompensationexpense": 13081000
    },
    {
        "date": "2023-04-29",
        "symbol": "DOCU",
        "period": "Q1",
        "revenuefromcontractwithcustomerexcludingassessedtax": 168330000,
        "costofgoodsandservicessold": 136487000,
        "grossprofit": 524901000,
        "sellingandmarketingexpense": 280605000,
        "researchanddevelopmentexpense": 115364000,
        "generalandadministrativeexpense": 104811000,
        "restructuringcharges": 27700000,
        "operatingexpenses": 529552000,
        "operatingincomeloss": -4651000,
        "interestexpense": 1966000,
        "nonoperatingincomeexpense": 12245000,
        "incomelossfromcontinuingoperationsbeforeincometaxesextraordinaryitemsnoncontrollinginterest": 5628000,
        "incometaxexpensebenefit": 5089000,
        "netincomeloss": 539000,
        "weightedaveragenumberofsharesoutstandingbasic": 202631000,
        "weightedaveragenumberofdilutedsharesoutstanding": 208071000,
        "othercomprehensiveincomeforeigncurrencytransactionandtranslationadjustmentnetoftaxportionattributabletoparent": 431000,
        "othercomprehensiveincomeunrealizedholdinggainlossonsecuritiesarisingduringperiodnetoftax": 648000,
        "othercomprehensiveincomelossnetoftaxportionattributabletoparent": 1079000,
        "comprehensiveincomenetoftax": 1618000,
        "allocatedsharebasedcompensationexpense": 5000000
    },
    {
        "date": "2023-01-30",
        "symbol": "DOCU",
        "period": "Q4",
        "revenuefromcontractwithcustomerexcludingassessedtax": 164999000,
        "costofgoodsandservicessold": 137426000,
        "grossprofit": 522150000,
        "sellingandmarketingexpense": 304649000,
        "researchanddevelopmentexpense": 125891000,
        "generalandadministrativeexpense": 91641000,
        "operatingexpenses": 522434000,
        "operatingincomeloss": -284000,
        "interestexpense": 1652000,
        "nonoperatingincomeexpense": 7366000,
        "incomelossfromcontinuingoperationsbeforeincometaxesextraordinaryitemsnoncontrollinginterest": 5430000,
        "incometaxexpensebenefit": 567000,
        "netincomeloss": 4863000,
        "earningspersharebasic": 0.020000000000000046,
        "earningspersharediluted": 0.020000000000000046,
        "weightedaveragenumberofsharesoutstandingbasic": -400774000,
        "weightedaveragenumberofdilutedsharesoutstanding": -400774000,
        "othercomprehensiveincomeforeigncurrencytransactionandtranslationadjustmentnetoftaxportionattributabletoparent": 8305000,
        "othercomprehensiveincomeunrealizedholdinggainlossonsecuritiesarisingduringperiodnetoftax": 2943000,
        "othercomprehensiveincomelossnetoftaxportionattributabletoparent": 11248000,
        "comprehensiveincomenetoftax": 16111000,
        "allocatedsharebasedcompensationexpense": -11900000
    },
    {
        "date": "2022-10-30",
        "symbol": "DOCU",
        "period": "Q3",
        "revenuefromcontractwithcustomerexcludingassessedtax": 157183000,
        "costofgoodsandservicessold": 129542000,
        "grossprofit": 515921000,
        "sellingandmarketingexpense": 313783000,
        "researchanddevelopmentexpense": 115934000,
        "generalandadministrativeexpense": 85553000,
        "restructuringcharges": 27000000,
        "operatingexpenses": 543352000,
        "operatingincomeloss": -27431000,
        "interestexpense": 1456000,
        "nonoperatingincomeexpense": 820000,
        "incomelossfromcontinuingoperationsbeforeincometaxesextraordinaryitemsnoncontrollinginterest": -28067000,
        "incometaxexpensebenefit": 1799000,
        "netincomeloss": -29866000,
        "earningspersharebasic": -0.15,
        "earningspersharediluted": -0.15,
        "weightedaveragenumberofsharesoutstandingbasic": 201393000,
        "weightedaveragenumberofdilutedsharesoutstanding": 201393000,
        "othercomprehensiveincomeforeigncurrencytransactionandtranslationadjustmentnetoftaxportionattributabletoparent": -6787000,
        "othercomprehensiveincomeunrealizedholdinggainlossonsecuritiesarisingduringperiodnetoftax": -3011000,
        "othercomprehensiveincomelossnetoftaxportionattributabletoparent": -9798000,
        "comprehensiveincomenetoftax": -39664000,
        "allocatedsharebasedcompensationexpense": 5600000
    },
    {
        "date": "2022-07-30",
        "symbol": "DOCU",
        "period": "Q2",
        "revenuefromcontractwithcustomerexcludingassessedtax": 153562000,
        "costofgoodsandservicessold": 136704000,
        "grossprofit": 485480000,
        "sellingandmarketingexpense": 323582000,
        "researchanddevelopmentexpense": 126532000,
        "generalandadministrativeexpense": 76456000,
        "operatingexpenses": 526570000,
        "operatingincomeloss": -41090000,
        "interestexpense": 1632000,
        "nonoperatingincomeexpense": 1003000,
        "incomelossfromcontinuingoperationsbeforeincometaxesextraordinaryitemsnoncontrollinginterest": -41719000,
        "incometaxexpensebenefit": 3359000,
        "netincomeloss": -45078000,
        "earningspersharebasic": -0.22,
        "earningspersharediluted": -0.22,
        "weightedaveragenumberofsharesoutstandingbasic": 200618000,
        "weightedaveragenumberofdilutedsharesoutstanding": 200618000,
        "othercomprehensiveincomeforeigncurrencytransactionandtranslationadjustmentnetoftaxportionattributabletoparent": -5029000,
        "othercomprehensiveincomeunrealizedholdinggainlossonsecuritiesarisingduringperiodnetoftax": -369000,
        "othercomprehensiveincomelossnetoftaxportionattributabletoparent": -5398000,
        "comprehensiveincomenetoftax": -50476000,
        "allocatedsharebasedcompensationexpense": 6900000
    },
    {
        "date": "2022-04-29",
        "symbol": "DOCU",
        "period": "Q1",
        "revenuefromcontractwithcustomerexcludingassessedtax": 144239000,
        "costofgoodsandservicessold": 132416000,
        "grossprofit": 456276000,
        "sellingandmarketingexpense": 300697000,
        "researchanddevelopmentexpense": 112227000,
        "generalandadministrativeexpense": 62578000,
        "operatingexpenses": 475502000,
        "operatingincomeloss": -19226000,
        "interestexpense": 1649000,
        "nonoperatingincomeexpense": -4650000,
        "incomelossfromcontinuingoperationsbeforeincometaxesextraordinaryitemsnoncontrollinginterest": -25525000,
        "incometaxexpensebenefit": 1848000,
        "netincomeloss": -27373000,
        "earningspersharebasic": -0.14,
        "earningspersharediluted": -0.14,
        "weightedaveragenumberofsharesoutstandingbasic": 199666000,
        "weightedaveragenumberofdilutedsharesoutstanding": 199666000,
        "othercomprehensiveincomeforeigncurrencytransactionandtranslationadjustmentnetoftaxportionattributabletoparent": -11825000,
        "othercomprehensiveincomeunrealizedholdinggainlossonsecuritiesarisingduringperiodnetoftax": -2414000,
        "othercomprehensiveincomelossnetoftaxportionattributabletoparent": -14239000,
        "comprehensiveincomenetoftax": -41612000,
        "allocatedsharebasedcompensationexpense": 5000000
    },
    {
        "date": "2022-01-30",
        "symbol": "DOCU",
        "period": "Q4",
        "revenuefromcontractwithcustomerexcludingassessedtax": 1343208000,
        "costofgoodsandservicessold": 35835000,
        "grossprofit": 449374000,
        "sellingandmarketingexpense": 299417000,
        "researchanddevelopmentexpense": 110692000,
        "generalandadministrativeexpense": 64443000,
        "operatingexpenses": 474552000,
        "operatingincomeloss": -25178000,
        "interestexpense": 1617000,
        "nonoperatingincomeexpense": -2621000,
        "incomelossfromcontinuingoperationsbeforeincometaxesextraordinaryitemsnoncontrollinginterest": -29416000,
        "incometaxexpensebenefit": 1029000,
        "netincomeloss": -30445000,
        "earningspersharebasic": -0.15999999999999995,
        "earningspersharediluted": -0.15999999999999995,
        "weightedaveragenumberofsharesoutstandingbasic": -391260000,
        "weightedaveragenumberofdilutedsharesoutstanding": -391260000,
        "othercomprehensiveincomeforeigncurrencytransactionandtranslationadjustmentnetoftaxportionattributabletoparent": -1793000,
        "othercomprehensiveincomeunrealizedholdinggainlossonsecuritiesarisingduringperiodnetoftax": -1127000,
        "othercomprehensiveincomelossnetoftaxportionattributabletoparent": -2920000,
        "comprehensiveincomenetoftax": -33365000,
        "allocatedsharebasedcompensationexpense": 15534000
    },
    {
        "date": "2021-10-30",
        "symbol": "DOCU",
        "period": "Q3",
        "revenuefromcontractwithcustomerexcludingassessedtax": 128167000,
        "costofgoodsandservicessold": 115975000,
        "grossprofit": 429488000,
        "sellingandmarketingexpense": 275619000,
        "researchanddevelopmentexpense": 102603000,
        "generalandadministrativeexpense": 54624000,
        "operatingexpenses": 432846000,
        "operatingincomeloss": -3358000,
        "interestexpense": 1485000,
        "nonoperatingincomeexpense": -940000,
        "incomelossfromcontinuingoperationsbeforeincometaxesextraordinaryitemsnoncontrollinginterest": -5783000,
        "incometaxexpensebenefit": -107000,
        "netincomeloss": -5676000,
        "earningspersharebasic": -0.03,
        "earningspersharediluted": -0.03,
        "weightedaveragenumberofsharesoutstandingbasic": 197597000,
        "weightedaveragenumberofdilutedsharesoutstanding": 197597000,
        "othercomprehensiveincomeforeigncurrencytransactionandtranslationadjustmentnetoftaxportionattributabletoparent": -4720000,
        "othercomprehensiveincomeunrealizedholdinggainlossonsecuritiesarisingduringperiodnetoftax": -415000,
        "othercomprehensiveincomelossnetoftaxportionattributabletoparent": -5135000,
        "comprehensiveincomenetoftax": -10811000,
        "allocatedsharebasedcompensationexpense": 4800000
    },
    {
        "date": "2021-07-30",
        "symbol": "DOCU",
        "period": "Q2",
        "revenuefromcontractwithcustomerexcludingassessedtax": 113962000,
        "costofgoodsandservicessold": 113780000,
        "grossprofit": 398064000,
        "sellingandmarketingexpense": 262372000,
        "researchanddevelopmentexpense": 94651000,
        "generalandadministrativeexpense": 63652000,
        "operatingexpenses": 420675000,
        "operatingincomeloss": -22611000,
        "interestexpense": 1669000,
        "nonoperatingincomeexpense": -1063000,
        "incomelossfromcontinuingoperationsbeforeincometaxesextraordinaryitemsnoncontrollinginterest": -25343000,
        "incometaxexpensebenefit": 158000,
        "netincomeloss": -25501000,
        "earningspersharebasic": -0.13,
        "earningspersharediluted": -0.13,
        "weightedaveragenumberofsharesoutstandingbasic": 195996000,
        "weightedaveragenumberofdilutedsharesoutstanding": 195996000,
        "othercomprehensiveincomeforeigncurrencytransactionandtranslationadjustmentnetoftaxportionattributabletoparent": -2058000,
        "othercomprehensiveincomeunrealizedholdinggainlossonsecuritiesarisingduringperiodnetoftax": -54000,
        "othercomprehensiveincomelossnetoftaxportionattributabletoparent": -2112000,
        "comprehensiveincomenetoftax": -27613000,
        "allocatedsharebasedcompensationexpense": 4800000
    },
    {
        "date": "2021-04-29",
        "symbol": "DOCU",
        "period": "Q1",
        "revenuefromcontractwithcustomerexcludingassessedtax": 451935000,
        "costofgoodsandservicessold": 78071000,
        "grossprofit": 363836000,
        "sellingandmarketingexpense": 239119000,
        "researchanddevelopmentexpense": 85416000,
        "generalandadministrativeexpense": 50038000,
        "operatingexpenses": 374573000,
        "operatingincomeloss": -10737000,
        "interestexpense": 1672000,
        "nonoperatingincomeexpense": 6037000,
        "incomelossfromcontinuingoperationsbeforeincometaxesextraordinaryitemsnoncontrollinginterest": -6372000,
        "incometaxexpensebenefit": 1982000,
        "netincomeloss": -8354000,
        "earningspersharebasic": -0.04,
        "earningspersharediluted": -0.04,
        "weightedaveragenumberofsharesoutstandingbasic": 194342000,
        "weightedaveragenumberofdilutedsharesoutstanding": 194342000,
        "othercomprehensiveincomeforeigncurrencytransactionandtranslationadjustmentnetoftaxportionattributabletoparent": 636000,
        "othercomprehensiveincomeunrealizedholdinggainlossonsecuritiesarisingduringperiodnetoftax": -242000,
        "othercomprehensiveincomelossnetoftaxportionattributabletoparent": 394000,
        "comprehensiveincomenetoftax": -7960000,
        "allocatedsharebasedcompensationexpense": 6018000
    },
    {
        "date": "2021-01-30",
        "symbol": "DOCU",
        "period": "Q4",
        "revenuefromcontractwithcustomerexcludingassessedtax": 410215000,
        "costofgoodsandservicessold": 73347000,
        "grossprofit": 329318000,
        "sellingandmarketingexpense": 221896000,
        "researchanddevelopmentexpense": 80135000,
        "generalandadministrativeexpense": 52184000,
        "operatingexpenses": 354215000,
        "operatingincomeloss": -24897000,
        "interestexpense": 7786000,
        "nonoperatingincomeexpense": 2882000,
        "incomelossfromcontinuingoperationsbeforeincometaxesextraordinaryitemsnoncontrollinginterest": -63553000,
        "incometaxexpensebenefit": 8859000,
        "netincomeloss": -72412000,
        "earningspersharebasicanddiluted": -0.39,
        "weightedaveragenumberofshareoutstandingbasicanddiluted": -368503000,
        "othercomprehensiveincomeforeigncurrencytransactionandtranslationadjustmentnetoftaxportionattributabletoparent": 6356000,
        "othercomprehensiveincomeunrealizedholdinggainlossonsecuritiesarisingduringperiodnetoftax": -252000,
        "othercomprehensiveincomelossnetoftaxportionattributabletoparent": 6104000,
        "comprehensiveincomenetoftax": -66308000,
        "allocatedsharebasedcompensationexpense": 6138000
    },
    {
        "date": "2020-10-30",
        "symbol": "DOCU",
        "period": "Q3",
        "revenuefromcontractwithcustomerexcludingassessedtax": 366617000,
        "costofgoodsandservicessold": 69905000,
        "grossprofit": 285092000,
        "sellingandmarketingexpense": 209944000,
        "researchanddevelopmentexpense": 73362000,
        "generalandadministrativeexpense": 50256000,
        "operatingexpenses": 333562000,
        "operatingincomeloss": -48470000,
        "interestexpense": 7769000,
        "nonoperatingincomeexpense": -311000,
        "incomelossfromcontinuingoperationsbeforeincometaxesextraordinaryitemsnoncontrollinginterest": -56550000,
        "incometaxexpensebenefit": 1941000,
        "netincomeloss": -58491000,
        "earningspersharebasicanddiluted": -0.31,
        "weightedaveragenumberofshareoutstandingbasicanddiluted": 186423000,
        "othercomprehensiveincomeforeigncurrencytransactionandtranslationadjustmentnetoftaxportionattributabletoparent": -2413000,
        "othercomprehensiveincomeunrealizedholdinggainlossonsecuritiesarisingduringperiodnetoftax": -825000,
        "othercomprehensiveincomelossnetoftaxportionattributabletoparent": -3238000,
        "comprehensiveincomenetoftax": -61729000,
        "allocatedsharebasedcompensationexpense": 5777000
    },
    {
        "date": "2020-07-30",
        "symbol": "DOCU",
        "period": "Q2",
        "revenuefromcontractwithcustomerexcludingassessedtax": 323643000,
        "costofgoodsandservicessold": 64730000,
        "grossprofit": 251594000,
        "sellingandmarketingexpense": 194992000,
        "researchanddevelopmentexpense": 63791000,
        "generalandadministrativeexpense": 51446000,
        "operatingexpenses": 310229000,
        "operatingincomeloss": -58635000,
        "interestexpense": 7684000,
        "nonoperatingincomeexpense": 2601000,
        "incomelossfromcontinuingoperationsbeforeincometaxesextraordinaryitemsnoncontrollinginterest": -63718000,
        "incometaxexpensebenefit": 842000,
        "netincomeloss": -64560000,
        "earningspersharebasicanddiluted": -0.35,
        "weightedaveragenumberofshareoutstandingbasicanddiluted": 184862000,
        "othercomprehensiveincomeforeigncurrencytransactionandtranslationadjustmentnetoftaxportionattributabletoparent": 8714000,
        "othercomprehensiveincomeunrealizedholdinggainlossonsecuritiesarisingduringperiodnetoftax": 87000,
        "othercomprehensiveincomelossnetoftaxportionattributabletoparent": 8801000,
        "comprehensiveincomenetoftax": -55759000,
        "allocatedsharebasedcompensationexpense": 5014000
    },
    {
        "date": "2020-04-29",
        "symbol": "DOCU",
        "period": "Q1",
        "revenuefromcontractwithcustomerexcludingassessedtax": 280922000,
        "costofgoodsandservicessold": 52010000,
        "grossprofit": 222985000,
        "sellingandmarketingexpense": 171793000,
        "researchanddevelopmentexpense": 54234000,
        "generalandadministrativeexpense": 38811000,
        "operatingexpenses": 264838000,
        "operatingincomeloss": -41853000,
        "interestexpense": 7560000,
        "nonoperatingincomeexpense": 3742000,
        "incomelossfromcontinuingoperationsbeforeincometaxesextraordinaryitemsnoncontrollinginterest": -45671000,
        "incometaxexpensebenefit": 2133000,
        "netincomeloss": -47804000,
        "earningspersharebasicanddiluted": -0.26,
        "weightedaveragenumberofshareoutstandingbasicanddiluted": 182978000,
        "othercomprehensiveincomeforeigncurrencytransactionandtranslationadjustmentnetoftaxportionattributabletoparent": -5189000,
        "othercomprehensiveincomeunrealizedholdinggainlossonsecuritiesarisingduringperiodnetoftax": 159000,
        "othercomprehensiveincomelossnetoftaxportionattributabletoparent": -5030000,
        "comprehensiveincomenetoftax": -52834000,
        "allocatedsharebasedcompensationexpense": 3864000
    },
    {
        "date": "2020-01-30",
        "symbol": "DOCU",
        "period": "Q4",
        "revenuefromcontractwithcustomerexcludingassessedtax": 258122000,
        "costofgoodsandservicessold": 48162000,
        "grossprofit": 206820000,
        "sellingandmarketingexpense": 161326000,
        "researchanddevelopmentexpense": 52094000,
        "generalandadministrativeexpense": 35753000,
        "operatingexpenses": 249173000,
        "operatingincomeloss": -42353000,
        "interestexpense": 7461000,
        "nonoperatingincomeexpense": 3658000,
        "incomelossfromcontinuingoperationsbeforeincometaxesextraordinaryitemsnoncontrollinginterest": -46156000,
        "incometaxexpensebenefit": 1251000,
        "netincomeloss": -47407000,
        "earningspersharebasicanddiluted": -0.2599999999999999,
        "weightedaveragenumberofshareoutstandingbasicanddiluted": -349100000,
        "othercomprehensiveincomeforeigncurrencytransactionandtranslationadjustmentnetoftaxportionattributabletoparent": -233000,
        "othercomprehensiveincomeunrealizedholdinggainlossonsecuritiesarisingduringperiodnetoftax": -249000,
        "othercomprehensiveincomelossnetoftaxportionattributabletoparent": -482000,
        "comprehensiveincomenetoftax": -47889000,
        "allocatedsharebasedcompensationexpense": 3951000
    },
    {
        "date": "2019-10-30",
        "symbol": "DOCU",
        "period": "Q3",
        "revenuefromcontractwithcustomerexcludingassessedtax": 238072000,
        "costofgoodsandservicessold": 43178000,
        "grossprofit": 187538000,
        "sellingandmarketingexpense": 149231000,
        "researchanddevelopmentexpense": 48758000,
        "generalandadministrativeexpense": 33546000,
        "operatingexpenses": 231535000,
        "operatingincomeloss": -43997000,
        "interestexpense": 7364000,
        "nonoperatingincomeexpense": 5801000,
        "incomelossfromcontinuingoperationsbeforeincometaxesextraordinaryitemsnoncontrollinginterest": -45560000,
        "incometaxexpensebenefit": 1038000,
        "netincomeloss": -46598000,
        "earningspersharebasicanddiluted": -0.26,
        "weightedaveragenumberofshareoutstandingbasicanddiluted": 178314000,
        "othercomprehensiveincomeforeigncurrencytransactionandtranslationadjustmentnetoftaxportionattributabletoparent": 1336000,
        "othercomprehensiveincomeunrealizedholdinggainlossonsecuritiesarisingduringperiodnetoftax": 418000,
        "othercomprehensiveincomelossnetoftaxportionattributabletoparent": 1754000,
        "comprehensiveincomenetoftax": -44844000,
        "allocatedsharebasedcompensationexpense": 3534000
    },
    {
        "date": "2019-07-30",
        "symbol": "DOCU",
        "period": "Q2",
        "revenuefromcontractwithcustomerexcludingassessedtax": 220811000,
        "costofgoodsandservicessold": 39472000,
        "grossprofit": 174436000,
        "sellingandmarketingexpense": 150886000,
        "researchanddevelopmentexpense": 47517000,
        "generalandadministrativeexpense": 40755000,
        "operatingexpenses": 239158000,
        "operatingincomeloss": -64722000,
        "interestexpense": 7273000,
        "nonoperatingincomeexpense": 4531000,
        "incomelossfromcontinuingoperationsbeforeincometaxesextraordinaryitemsnoncontrollinginterest": -67464000,
        "incometaxexpensebenefit": 1168000,
        "netincomeloss": -68632000,
        "earningspersharebasicanddiluted": -0.39,
        "weightedaveragenumberofshareoutstandingbasicanddiluted": 175389000,
        "othercomprehensiveincomeforeigncurrencytransactionandtranslationadjustmentnetoftaxportionattributabletoparent": -45000,
        "othercomprehensiveincomeunrealizedholdinggainlossonsecuritiesarisingduringperiodnetoftax": 358000,
        "othercomprehensiveincomelossnetoftaxportionattributabletoparent": 313000,
        "comprehensiveincomenetoftax": -68319000,
        "allocatedsharebasedcompensationexpense": 3115000
    },
    {
        "date": "2019-04-29",
        "symbol": "DOCU",
        "period": "Q1",
        "revenuefromcontractwithcustomerexcludingassessedtax": 201458000,
        "costofgoodsandservicessold": 33119000,
        "grossprofit": 161943000,
        "sellingandmarketingexpense": 129936000,
        "researchanddevelopmentexpense": 37183000,
        "generalandadministrativeexpense": 37261000,
        "operatingexpenses": 204380000,
        "operatingincomeloss": -42437000,
        "interestexpense": 7156000,
        "nonoperatingincomeexpense": 5217000,
        "incomelossfromcontinuingoperationsbeforeincometaxesextraordinaryitemsnoncontrollinginterest": -44376000,
        "incometaxexpensebenefit": 1346000,
        "netincomeloss": -45722000,
        "earningspersharebasicanddiluted": -0.27,
        "weightedaveragenumberofshareoutstandingbasicanddiluted": 172101000,
        "othercomprehensiveincomeforeigncurrencytransactionandtranslationadjustmentnetoftaxportionattributabletoparent": -1631000,
        "othercomprehensiveincomeunrealizedholdinggainlossonsecuritiesarisingduringperiodnetoftax": 338000,
        "othercomprehensiveincomelossnetoftaxportionattributabletoparent": -1293000,
        "comprehensiveincomenetoftax": -47015000,
        "allocatedsharebasedcompensationexpense": 2282000
    },
    {
        "date": "2019-01-30",
        "symbol": "DOCU",
        "period": "Q4",
        "revenuefromcontractwithcustomerexcludingassessedtax": 578454000,
        "costofgoodsandservicessold": 33560000,
        "grossprofit": 147039000,
        "sellingandmarketingexpense": 127691000,
        "researchanddevelopmentexpense": 42921000,
        "generalandadministrativeexpense": 39055000,
        "operatingexpenses": 209667000,
        "operatingincomeloss": -62628000,
        "interestexpense": 7101000,
        "nonoperatingincomeexpense": 4794000,
        "incomelossfromcontinuingoperationsbeforeincometaxesextraordinaryitemsnoncontrollinginterest": -64935000,
        "incometaxexpensebenefit": 1342000,
        "netincomeloss": -66244000,
        "earningspersharebasicanddiluted": 4.83,
        "weightedaveragenumberofshareoutstandingbasicanddiluted": -234991081,
        "othercomprehensiveincomeforeigncurrencytransactionandtranslationadjustmentnetoftaxportionattributabletoparent": 1270000,
        "comprehensiveincomenetoftax": -64716000,
        "allocatedsharebasedcompensationexpense": -135428000
    },
    {
        "date": "2018-10-30",
        "symbol": "DOCU",
        "period": "Q3",
        "revenuefromcontractwithcustomerexcludingassessedtax": 30708000,
        "costofgoodsandservicessold": 28709000,
        "grossprofit": 133312000,
        "sellingandmarketingexpense": 117051000,
        "researchanddevelopmentexpense": 38404000,
        "generalandadministrativeexpense": 36274000,
        "operatingexpenses": 191729000,
        "operatingincomeloss": -58417000,
        "interestexpense": 3503000,
        "nonoperatingincomeexpense": 3395000,
        "incomelossfromcontinuingoperationsbeforeincometaxesextraordinaryitemsnoncontrollinginterest": -58525000,
        "incometaxexpensebenefit": -5700000,
        "netincomeloss": -52813000,
        "earningspersharebasicanddiluted": -0.31,
        "weightedaveragenumberofshareoutstandingbasicanddiluted": 167736000,
        "othercomprehensiveincomeforeigncurrencytransactionandtranslationadjustmentnetoftaxportionattributabletoparent": -1483000,
        "comprehensiveincomenetoftax": -54296000,
        "allocatedsharebasedcompensationexpense": 22338000
    },
    {
        "date": "2018-07-30",
        "symbol": "DOCU",
        "period": "Q2",
        "revenuefromcontractwithcustomerexcludingassessedtax": 28501000,
        "costofgoodsandservicessold": 23057000,
        "grossprofit": 130683000,
        "sellingandmarketingexpense": 103779000,
        "researchanddevelopmentexpense": 33773000,
        "generalandadministrativeexpense": 30851000,
        "operatingexpenses": 168403000,
        "operatingincomeloss": -37720000,
        "interestexpense": 47000,
        "nonoperatingincomeexpense": 2998000,
        "incomelossfromcontinuingoperationsbeforeincometaxesextraordinaryitemsnoncontrollinginterest": -34769000,
        "incometaxexpensebenefit": 1900000,
        "netincomeloss": -36714000,
        "earningspersharebasicanddiluted": -0.22,
        "weightedaveragenumberofshareoutstandingbasicanddiluted": 166083686,
        "othercomprehensiveincomeforeigncurrencytransactionandtranslationadjustmentnetoftaxportionattributabletoparent": -3085000,
        "comprehensiveincomenetoftax": -39799000,
        "allocatedsharebasedcompensationexpense": 16791000
    },
    {
        "date": "2018-04-29",
        "symbol": "DOCU",
        "period": "Q1",
        "revenuefromcontractwithcustomerexcludingassessedtax": 25994000,
        "costofgoodsandservicessold": 32438000,
        "grossprofit": 97514000,
        "sellingandmarketingexpense": 191085000,
        "researchanddevelopmentexpense": 70870000,
        "generalandadministrativeexpense": 103117000,
        "operatingexpenses": 365072000,
        "operatingincomeloss": -267558000,
        "interestexpense": 193000,
        "nonoperatingincomeexpense": -2228000,
        "incomelossfromcontinuingoperationsbeforeincometaxesextraordinaryitemsnoncontrollinginterest": -269979000,
        "incometaxexpensebenefit": 708000,
        "netincomeloss": -270687000,
        "earningspersharebasicanddiluted": -7.46,
        "weightedaveragenumberofshareoutstandingbasicanddiluted": 36334395,
        "othercomprehensiveincomeforeigncurrencytransactionandtranslationadjustmentnetoftaxportionattributabletoparent": -2328000,
        "comprehensiveincomenetoftax": -273015000,
        "allocatedsharebasedcompensationexpense": 112481000
    }
]