[
    {
        "date": "2024-09-29",
        "symbol": "APH",
        "period": "Q3",
        "revenuefromcontractwithcustomerexcludingassessedtax": 4038800000,
        "costofrevenue": 2681900000,
        "grossprofit": 1356900000,
        "acquisitionrelatedexpenses": 45400000,
        "sellinggeneralandadministrativeexpense": 492000000,
        "operatingincomeloss": 932300000,
        "interestexpensenonoperating": 55700000,
        "othernonoperatingincomeexpense": 11200000,
        "incomelossfromcontinuingoperationsbeforeincometaxesextraordinaryitemsnoncontrollinginterest": 775000000,
        "incometaxexpensebenefit": 166100000,
        "profitloss": 608900000,
        "netincomelossattributabletononcontrollinginterest": 4500000,
        "netincomeloss": 604400000,
        "earningspersharebasic": 0.5,
        "weightedaveragenumberofsharesoutstandingbasic": 1204900000,
        "earningspersharediluted": 0.48,
        "weightedaveragenumberofdilutedsharesoutstanding": 1265500000,
        "othercomprehensiveincomelossforeigncurrencytransactionandtranslationadjustmentnetoftax": 129900000,
        "othercomprehensiveincomelosspensionandotherpostretirementbenefitplansadjustmentnetoftax": -800000,
        "othercomprehensiveincomelossnetoftax": 130700000,
        "comprehensiveincomenetoftaxincludingportionattributabletononcontrollinginterest": 739600000,
        "comprehensiveincomenetoftaxattributabletononcontrollinginterest": 6600000,
        "comprehensiveincomenetoftax": 733000000,
        "othercomprehensiveincomelosspensionandotherpostretirementbenefitplanstax": -200000
    },
    {
        "date": "2024-06-29",
        "symbol": "APH",
        "period": "Q2",
        "revenuefromcontractwithcustomerexcludingassessedtax": 3609700000,
        "costofrevenue": 2396600000,
        "grossprofit": 1213100000,
        "businesscombinationacquisitionrelatedcosts": 70000000,
        "sellinggeneralandadministrativeexpense": 444300000,
        "operatingincomeloss": 813500000,
        "interestexpensenonoperating": 56300000,
        "othernonoperatingincomeexpense": 21300000,
        "incomelossfromcontinuingoperationsbeforeincometaxesextraordinaryitemsnoncontrollinginterest": 663800000,
        "incometaxexpensebenefit": 135100000,
        "profitloss": 528700000,
        "netincomelossattributabletononcontrollinginterest": 3900000,
        "netincomeloss": 524800000,
        "earningspersharebasic": 0.44,
        "weightedaveragenumberofsharesoutstandingbasic": 1202300000,
        "earningspersharediluted": 0.41,
        "weightedaveragenumberofdilutedsharesoutstanding": 1264900000,
        "othercomprehensiveincomelossforeigncurrencytransactionandtranslationadjustmentnetoftax": -46600000,
        "othercomprehensiveincomelosspensionandotherpostretirementbenefitplansadjustmentnetoftax": -700000,
        "othercomprehensiveincomelossnetoftax": -45900000,
        "comprehensiveincomenetoftaxincludingportionattributabletononcontrollinginterest": 482800000,
        "comprehensiveincomenetoftaxattributabletononcontrollinginterest": 3600000,
        "comprehensiveincomenetoftax": 479200000,
        "othercomprehensiveincomelosspensionandotherpostretirementbenefitplanstax": -200000
    },
    {
        "date": "2024-03-30",
        "symbol": "APH",
        "period": "Q1",
        "revenuefromcontractwithcustomerexcludingassessedtax": 3256300000,
        "costofrevenue": 2167300000,
        "grossprofit": 1089000000,
        "sellinggeneralandadministrativeexpense": 404200000,
        "operatingincomeloss": 726000000,
        "interestexpense": 38100000,
        "othernonoperatingincomeexpense": 16000000,
        "incomelossfromcontinuingoperationsbeforeincometaxesextraordinaryitemsnoncontrollinginterest": 662700000,
        "incometaxexpensebenefit": 110700000,
        "profitloss": 552000000,
        "netincomelossattributabletononcontrollinginterest": 3300000,
        "netincomeloss": 548700000,
        "earningspersharebasic": 0.91,
        "weightedaveragenumberofsharesoutstandingbasic": 600000000,
        "earningspersharediluted": 0.87,
        "weightedaveragenumberofdilutedsharesoutstanding": 627900000,
        "othercomprehensiveincomelossforeigncurrencytransactionandtranslationadjustmentnetoftax": -71200000,
        "othercomprehensiveincomelosspensionandotherpostretirementbenefitplansadjustmentnetoftax": -900000,
        "othercomprehensiveincomelossnetoftax": -70300000,
        "comprehensiveincomenetoftaxincludingportionattributabletononcontrollinginterest": 481700000,
        "comprehensiveincomenetoftaxattributabletononcontrollinginterest": 2300000,
        "comprehensiveincomenetoftax": 479400000,
        "othercomprehensiveincomelosspensionandotherpostretirementbenefitplanstax": -300000
    },
    {
        "date": "2023-12-30",
        "symbol": "APH",
        "period": "Q4",
        "revenuefromcontractwithcustomerexcludingassessedtax": 3327500000,
        "costofrevenue": 2227100000,
        "grossprofit": 1100400000,
        "businesscombinationacquisitionrelatedcosts": 16200000,
        "sellinggeneralandadministrativeexpense": 394200000,
        "operatingincomeloss": 749400000,
        "interestexpense": 35000000,
        "othernonoperatingincomeexpense": 10400000,
        "incomelossfromcontinuingoperationsbeforeincometaxesextraordinaryitemsnoncontrollinginterest": 665400000,
        "incometaxexpensebenefit": 146300000,
        "netincomeloss": 514400000,
        "earningspersharebasic": 0.8600000000000001,
        "weightedaveragenumberofsharesoutstandingbasic": 596500000,
        "earningspersharediluted": 0.8300000000000003,
        "weightedaveragenumberofdilutedsharesoutstanding": 620600000,
        "profitloss": 519100000,
        "othercomprehensiveincomelossforeigncurrencytransactionandtranslationadjustmentnetoftax": 126800000,
        "othercomprehensiveincomelosspensionandotherpostretirementbenefitplansadjustmentnetoftax": 900000,
        "othercomprehensiveincomelossnetoftax": 125900000,
        "comprehensiveincomenetoftaxincludingportionattributabletononcontrollinginterest": 645000000,
        "comprehensiveincomenetoftaxattributabletononcontrollinginterest": 6300000,
        "comprehensiveincomenetoftax": 638700000
    },
    {
        "date": "2023-09-29",
        "symbol": "APH",
        "period": "Q3",
        "revenuefromcontractwithcustomerexcludingassessedtax": 3199300000,
        "costofrevenue": 2150700000,
        "grossprofit": 1048600000,
        "businesscombinationacquisitionrelatedcosts": 9000000,
        "sellinggeneralandadministrativeexpense": 381600000,
        "operatingincomeloss": 711300000,
        "interestexpense": 33600000,
        "othernonoperatingincomeexpense": 9200000,
        "incomelossfromcontinuingoperationsbeforeincometaxesextraordinaryitemsnoncontrollinginterest": 633600000,
        "incometaxexpensebenefit": 115200000,
        "profitloss": 518400000,
        "netincomelossattributabletononcontrollinginterest": 4500000,
        "netincomeloss": 513900000,
        "earningspersharebasic": 0.8600000000000001,
        "weightedaveragenumberofsharesoutstandingbasic": 595900000,
        "earningspersharediluted": 0.8299999999999998,
        "weightedaveragenumberofdilutedsharesoutstanding": 620100000,
        "othercomprehensiveincomelossforeigncurrencytransactionandtranslationadjustmentnetoftax": -66300000,
        "othercomprehensiveincomelosspensionandotherpostretirementbenefitplansadjustmentnetoftax": -600000,
        "othercomprehensiveincomelossnetoftax": -65700000,
        "comprehensiveincomenetoftaxincludingportionattributabletononcontrollinginterest": 452700000,
        "comprehensiveincomenetoftaxattributabletononcontrollinginterest": 4200000,
        "comprehensiveincomenetoftax": 448500000,
        "othercomprehensiveincomelosspensionandotherpostretirementbenefitplanstax": -200000
    },
    {
        "date": "2023-06-29",
        "symbol": "APH",
        "period": "Q2",
        "revenuefromcontractwithcustomerexcludingassessedtax": 3053900000,
        "costofrevenue": 2062200000,
        "grossprofit": 991700000,
        "businesscombinationacquisitionrelatedcosts": 4000000,
        "sellinggeneralandadministrativeexpense": 367800000,
        "operatingincomeloss": 664700000,
        "interestexpense": 35000000,
        "businesscombinationbargainpurchasegainrecognizedamount": 5400000,
        "othernonoperatingincomeexpense": 5600000,
        "incomelossfromcontinuingoperationsbeforeincometaxesextraordinaryitemsnoncontrollinginterest": 595900000,
        "incometaxexpensebenefit": 130600000,
        "profitloss": 465300000,
        "netincomelossattributabletononcontrollinginterest": 4800000,
        "netincomeloss": 460500000,
        "earningspersharebasic": 0.77,
        "weightedaveragenumberofsharesoutstandingbasic": 595000000,
        "earningspersharediluted": 0.74,
        "weightedaveragenumberofdilutedsharesoutstanding": 618200000,
        "othercomprehensiveincomelossforeigncurrencytransactionandtranslationadjustmentnetoftax": -103900000,
        "othercomprehensiveincomelosspensionandotherpostretirementbenefitplansadjustmentnetoftax": -700000,
        "othercomprehensiveincomelossnetoftax": -103200000,
        "comprehensiveincomenetoftaxincludingportionattributabletononcontrollinginterest": 362100000,
        "comprehensiveincomenetoftaxattributabletononcontrollinginterest": 1500000,
        "comprehensiveincomenetoftax": 360600000,
        "othercomprehensiveincomelosspensionandotherpostretirementbenefitplanstax": -200000
    },
    {
        "date": "2023-03-30",
        "symbol": "APH",
        "period": "Q1",
        "revenuefromcontractwithcustomerexcludingassessedtax": 2974000000,
        "costofrevenue": 2030600000,
        "grossprofit": 943400000,
        "businesscombinationacquisitionrelatedcosts": 5400000,
        "sellinggeneralandadministrativeexpense": 346300000,
        "operatingincomeloss": 635700000,
        "interestexpense": 35900000,
        "othernonoperatingincomeexpense": 4100000,
        "incomelossfromcontinuingoperationsbeforeincometaxesextraordinaryitemsnoncontrollinginterest": 559900000,
        "incometaxexpensebenefit": 117200000,
        "profitloss": 442700000,
        "netincomelossattributabletononcontrollinginterest": 3500000,
        "netincomeloss": 439200000,
        "earningspersharebasic": 0.74,
        "weightedaveragenumberofsharesoutstandingbasic": 595100000,
        "earningspersharediluted": 0.71,
        "weightedaveragenumberofdilutedsharesoutstanding": 619900000,
        "othercomprehensiveincomelossforeigncurrencytransactionandtranslationadjustmentnetoftax": 42500000,
        "othercomprehensiveincomelosspensionandotherpostretirementbenefitplansadjustmentnetoftax": -700000,
        "othercomprehensiveincomelossnetoftax": 43200000,
        "comprehensiveincomenetoftaxincludingportionattributabletononcontrollinginterest": 485900000,
        "comprehensiveincomenetoftaxattributabletononcontrollinginterest": 4300000,
        "comprehensiveincomenetoftax": 481600000,
        "othercomprehensiveincomelosspensionandotherpostretirementbenefitplanstax": -200000
    },
    {
        "date": "2022-12-30",
        "symbol": "APH",
        "period": "Q4",
        "revenuefromcontractwithcustomerexcludingassessedtax": 3239200000,
        "costofrevenue": 2201700000,
        "grossprofit": 1037500000,
        "sellinggeneralandadministrativeexpense": 361900000,
        "operatingincomeloss": 717000000,
        "interestexpense": 37100000,
        "othernonoperatingincomeexpense": 3400000,
        "incomelossfromcontinuingoperationsbeforeincometaxesextraordinaryitemsnoncontrollinginterest": 632400000,
        "incometaxexpensebenefit": 121400000,
        "netincomeloss": 507500000,
        "earningspersharebasic": 0.8500000000000001,
        "weightedaveragenumberofsharesoutstandingbasic": 596200000,
        "earningspersharediluted": 0.8199999999999997,
        "weightedaveragenumberofdilutedsharesoutstanding": 621000000,
        "profitloss": 511000000,
        "othercomprehensiveincomelossforeigncurrencytransactionandtranslationadjustmentnetoftax": 138100000,
        "othercomprehensiveincomelosspensionandotherpostretirementbenefitplansadjustmentnetoftax": -1800000,
        "othercomprehensiveincomelossnetoftax": 138500000,
        "comprehensiveincomenetoftaxincludingportionattributabletononcontrollinginterest": 649500000,
        "comprehensiveincomenetoftaxattributabletononcontrollinginterest": 4600000,
        "comprehensiveincomenetoftax": 644900000
    },
    {
        "date": "2022-09-29",
        "symbol": "APH",
        "period": "Q3",
        "revenuefromcontractwithcustomerexcludingassessedtax": 3295100000,
        "costofrevenue": 2235200000,
        "grossprofit": 1059900000,
        "sellinggeneralandadministrativeexpense": 366800000,
        "operatingincomeloss": 734100000,
        "interestexpense": 32700000,
        "othernonoperatingincomeexpense": 2600000,
        "incomelossfromcontinuingoperationsbeforeincometaxesextraordinaryitemsnoncontrollinginterest": 651000000,
        "incometaxexpensebenefit": 150500000,
        "netincomeloss": 496600000,
        "earningspersharebasic": 0.8399999999999999,
        "weightedaveragenumberofsharesoutstandingbasic": 596600000,
        "earningspersharediluted": 0.8000000000000002,
        "weightedaveragenumberofdilutedsharesoutstanding": 621500000,
        "profitloss": 500500000,
        "othercomprehensiveincomelossforeigncurrencytransactionandtranslationadjustmentnetoftax": -203000000,
        "othercomprehensiveincomelosscashflowhedgegainlossafterreclassificationandtax": 0,
        "othercomprehensiveincomelosspensionandotherpostretirementbenefitplansadjustmentnetoftax": -3400000,
        "othercomprehensiveincomelossnetoftax": -199600000,
        "comprehensiveincomenetoftaxincludingportionattributabletononcontrollinginterest": 300900000,
        "comprehensiveincomenetoftaxattributabletononcontrollinginterest": 800000,
        "comprehensiveincomenetoftax": 300100000,
        "othercomprehensiveincomelosspensionandotherpostretirementbenefitplanstax": -1000000
    },
    {
        "date": "2022-06-29",
        "symbol": "APH",
        "period": "Q2",
        "revenuefromcontractwithcustomerexcludingassessedtax": 3136800000,
        "costofrevenue": 2132600000,
        "grossprofit": 1004200000,
        "sellinggeneralandadministrativeexpense": 355400000,
        "operatingincomeloss": 687000000,
        "interestexpense": 30500000,
        "othernonoperatingincomeexpense": 2300000,
        "incomelossfromcontinuingoperationsbeforeincometaxesextraordinaryitemsnoncontrollinginterest": 620600000,
        "incometaxexpensebenefit": 144500000,
        "incomelossfromcontinuingoperationsincludingportionattributabletononcontrollinginterest": 476100000,
        "incomelossfromcontinuingoperationsattributabletononcontrollingentity": 3600000,
        "incomelossfromcontinuingoperations": 472500000,
        "netincomeloss": 472500000,
        "incomelossfromcontinuingoperationsperbasicshare": 0.79,
        "earningspersharebasic": 0.79,
        "weightedaveragenumberofsharesoutstandingbasic": 596200000,
        "incomelossfromcontinuingoperationsperdilutedshare": 0.76,
        "earningspersharediluted": 0.76,
        "weightedaveragenumberofdilutedsharesoutstanding": 619700000,
        "profitloss": 476100000,
        "othercomprehensiveincomelossforeigncurrencytransactionandtranslationadjustmentnetoftax": -179400000,
        "othercomprehensiveincomelosscashflowhedgegainlossafterreclassificationandtax": 700000,
        "othercomprehensiveincomelosspensionandotherpostretirementbenefitplansadjustmentnetoftax": -3300000,
        "othercomprehensiveincomelossnetoftax": -175400000,
        "comprehensiveincomenetoftaxincludingportionattributabletononcontrollinginterest": 300700000,
        "comprehensiveincomenetoftaxattributabletononcontrollinginterest": 600000,
        "comprehensiveincomenetoftax": 300100000,
        "othercomprehensiveincomelosspensionandotherpostretirementbenefitplanstax": -1100000
    },
    {
        "date": "2022-03-30",
        "symbol": "APH",
        "period": "Q1",
        "revenuefromcontractwithcustomerexcludingassessedtax": 2951900000,
        "costofrevenue": 2025300000,
        "grossprofit": 926600000,
        "sellinggeneralandadministrativeexpense": 336800000,
        "operatingincomeloss": 625700000,
        "interestexpense": 28100000,
        "othernonoperatingincomeexpense": 1700000,
        "incomelossfromcontinuingoperationsbeforeincometaxesextraordinaryitemsnoncontrollinginterest": 563400000,
        "incometaxexpensebenefit": 134200000,
        "profitloss": 429200000,
        "netincomelossattributabletononcontrollinginterest": 3500000,
        "netincomeloss": 425700000,
        "earningspersharebasic": 0.71,
        "weightedaveragenumberofsharesoutstandingbasic": 598300000,
        "earningspersharediluted": 0.68,
        "weightedaveragenumberofdilutedsharesoutstanding": 625600000,
        "othercomprehensiveincomelossforeigncurrencytransactionandtranslationadjustmentnetoftax": -20900000,
        "othercomprehensiveincomelosscashflowhedgegainlossafterreclassificationandtax": 600000,
        "othercomprehensiveincomelosspensionandotherpostretirementbenefitplansadjustmentnetoftax": -3300000,
        "othercomprehensiveincomelossnetoftax": -17000000,
        "comprehensiveincomenetoftaxincludingportionattributabletononcontrollinginterest": 412200000,
        "comprehensiveincomenetoftaxattributabletononcontrollinginterest": 3500000,
        "comprehensiveincomenetoftax": 408700000,
        "othercomprehensiveincomelosspensionandotherpostretirementbenefitplanstax": -1100000
    },
    {
        "date": "2021-12-30",
        "symbol": "APH",
        "period": "Q4",
        "revenuefromcontractwithcustomerexcludingassessedtax": 3026800000,
        "costofrevenue": 2085600000,
        "grossprofit": 941200000,
        "sellinggeneralandadministrativeexpense": 333300000,
        "operatingincomeloss": 647300000,
        "interestexpense": 28800000,
        "othernonoperatingincomeexpense": -100000,
        "incomelossfromcontinuingoperationsbeforeincometaxesextraordinaryitemsnoncontrollinginterest": 564000000,
        "incometaxexpensebenefit": 106300000,
        "netincomeloss": 465000000,
        "earningspersharebasic": 0.7800000000000002,
        "weightedaveragenumberofsharesoutstandingbasic": 597900000,
        "earningspersharediluted": 0.74,
        "weightedaveragenumberofdilutedsharesoutstanding": 625500000,
        "profitloss": 468800000,
        "othercomprehensiveincomelossforeigncurrencytransactionandtranslationadjustmentnetoftax": 7600000,
        "othercomprehensiveincomelosspensionandotherpostretirementbenefitplansadjustmentnetoftax": -42500000,
        "othercomprehensiveincomelossnetoftax": 49700000,
        "comprehensiveincomenetoftaxincludingportionattributabletononcontrollinginterest": 518500000,
        "comprehensiveincomenetoftaxattributabletononcontrollinginterest": 4500000,
        "comprehensiveincomenetoftax": 514000000
    },
    {
        "date": "2021-09-29",
        "symbol": "APH",
        "period": "Q3",
        "revenuefromcontractwithcustomerexcludingassessedtax": 2818500000,
        "costofrevenue": 1928600000,
        "grossprofit": 889900000,
        "sellinggeneralandadministrativeexpense": 318700000,
        "operatingincomeloss": 607900000,
        "interestexpense": 29000000,
        "othernonoperatingincomeexpense": 100000,
        "incomelossfromcontinuingoperationsbeforeincometaxesextraordinaryitemsnoncontrollinginterest": 542300000,
        "incometaxexpensebenefit": 120600000,
        "netincomeloss": 426500000,
        "earningspersharebasic": 0.71,
        "weightedaveragenumberofsharesoutstandingbasic": 597800000,
        "earningspersharediluted": 0.6799999999999999,
        "weightedaveragenumberofdilutedsharesoutstanding": 624600000,
        "profitloss": 429400000,
        "othercomprehensiveincomelossforeigncurrencytransactionandtranslationadjustmentnetoftax": -39700000,
        "othercomprehensiveincomelosscashflowhedgegainlossafterreclassificationandtax": -500000,
        "othercomprehensiveincomelosspensionandotherpostretirementbenefitplansadjustmentnetoftax": -5100000,
        "othercomprehensiveincomelossnetoftax": -35100000,
        "comprehensiveincomenetoftaxincludingportionattributabletononcontrollinginterest": 394300000,
        "comprehensiveincomenetoftaxattributabletononcontrollinginterest": 3000000,
        "comprehensiveincomenetoftax": 391300000,
        "othercomprehensiveincomelosspensionandotherpostretirementbenefitplanstax": -1600000
    },
    {
        "date": "2021-06-29",
        "symbol": "APH",
        "period": "Q2",
        "revenuefromcontractwithcustomerexcludingassessedtax": 2653900000,
        "costofrevenue": 1810700000,
        "grossprofit": 843200000,
        "sellinggeneralandadministrativeexpense": 311600000,
        "operatingincomeloss": 566500000,
        "interestexpense": 29100000,
        "othernonoperatingincomeexpense": -100000,
        "incomelossfromcontinuingoperationsbeforeincometaxesextraordinaryitemsnoncontrollinginterest": 447000000,
        "incometaxexpensebenefit": 78100000,
        "netincomeloss": 369700000,
        "earningspersharebasic": 0.6199999999999999,
        "weightedaveragenumberofsharesoutstandingbasic": 597900000,
        "earningspersharediluted": 0.5900000000000001,
        "weightedaveragenumberofdilutedsharesoutstanding": 623900000,
        "profitloss": 371500000,
        "othercomprehensiveincomelossforeigncurrencytransactionandtranslationadjustmentnetoftax": 29800000,
        "othercomprehensiveincomelosscashflowhedgegainlossafterreclassificationandtax": 800000,
        "othercomprehensiveincomelosspensionandotherpostretirementbenefitplansadjustmentnetoftax": -5100000,
        "othercomprehensiveincomelossnetoftax": 35700000,
        "comprehensiveincomenetoftaxincludingportionattributabletononcontrollinginterest": 407200000,
        "comprehensiveincomenetoftaxattributabletononcontrollinginterest": 2800000,
        "comprehensiveincomenetoftax": 404400000,
        "othercomprehensiveincomelosspensionandotherpostretirementbenefitplanstax": -1700000
    },
    {
        "date": "2021-03-30",
        "symbol": "APH",
        "period": "Q1",
        "revenuefromcontractwithcustomerexcludingassessedtax": 2377100000,
        "costofrevenue": 1649600000,
        "grossprofit": 727500000,
        "sellinggeneralandadministrativeexpense": 262700000,
        "operatingincomeloss": 497900000,
        "interestexpense": 28600000,
        "othernonoperatingincomeexpense": -300000,
        "incomelossfromcontinuingoperationsbeforeincometaxesextraordinaryitemsnoncontrollinginterest": 435900000,
        "incometaxexpensebenefit": 104100000,
        "profitloss": 331800000,
        "netincomelossattributabletononcontrollinginterest": 2200000,
        "netincomeloss": 329600000,
        "earningspersharebasic": 0.55,
        "weightedaveragenumberofsharesoutstandingbasic": 598500000,
        "earningspersharediluted": 0.53,
        "weightedaveragenumberofdilutedsharesoutstanding": 624100000,
        "othercomprehensiveincomelossforeigncurrencytransactionandtranslationadjustmentnetoftax": -62300000,
        "othercomprehensiveincomelosscashflowhedgegainlossafterreclassificationandtax": 100000,
        "othercomprehensiveincomelosspensionandotherpostretirementbenefitplansadjustmentnetoftax": -5100000,
        "othercomprehensiveincomelossnetoftax": -57100000,
        "comprehensiveincomenetoftaxincludingportionattributabletononcontrollinginterest": 274700000,
        "comprehensiveincomenetoftaxattributabletononcontrollinginterest": 2000000,
        "comprehensiveincomenetoftax": 272700000,
        "othercomprehensiveincomelosspensionandotherpostretirementbenefitplanstax": -1600000
    },
    {
        "date": "2020-12-30",
        "symbol": "APH",
        "period": "Q4",
        "revenuefromcontractwithcustomerexcludingassessedtax": 2426000000,
        "costofrevenue": 1660400000,
        "grossprofit": 765600000,
        "sellinggeneralandadministrativeexpense": 265800000,
        "operatingincomeloss": 533300000,
        "interestexpense": 28400000,
        "othernonoperatingincomeexpense": 200000,
        "incomelossfromcontinuingoperationsbeforeincometaxesextraordinaryitemsnoncontrollinginterest": 460100000,
        "incometaxexpensebenefit": 100000000,
        "profitloss": 360100000,
        "netincomelossattributabletononcontrollinginterest": 3100000,
        "netincomeloss": 357000000,
        "earningspersharebasic": 1.1999999999999997,
        "weightedaveragenumberofsharesoutstandingbasic": 298000000,
        "earningspersharediluted": 1.15,
        "weightedaveragenumberofdilutedsharesoutstanding": 307500000,
        "othercomprehensiveincomelossforeigncurrencytransactionandtranslationadjustmentnetoftax": 126400000,
        "othercomprehensiveincomelosscashflowhedgegainlossafterreclassificationandtax": 0,
        "othercomprehensiveincomelosspensionandotherpostretirementbenefitplansadjustmentnetoftax": 13900000,
        "othercomprehensiveincomelossnetoftax": 112500000,
        "comprehensiveincomenetoftaxincludingportionattributabletononcontrollinginterest": 472600000,
        "comprehensiveincomenetoftax": 467300000
    },
    {
        "date": "2020-09-29",
        "symbol": "APH",
        "period": "Q3",
        "revenuefromcontractwithcustomerexcludingassessedtax": 2323400000,
        "costofrevenue": 1588500000,
        "grossprofit": 734900000,
        "sellinggeneralandadministrativeexpense": 259100000,
        "operatingincomeloss": 509300000,
        "interestexpense": 28000000,
        "othernonoperatingincomeexpense": 1000000,
        "incomelossfromcontinuingoperationsbeforeincometaxesextraordinaryitemsnoncontrollinginterest": 448800000,
        "incometaxexpensebenefit": 99300000,
        "profitloss": 349500000,
        "netincomelossattributabletononcontrollinginterest": 2900000,
        "netincomeloss": 346600000,
        "earningspersharebasic": 1.16,
        "weightedaveragenumberofsharesoutstandingbasic": 298800000,
        "earningspersharediluted": 1.12,
        "weightedaveragenumberofdilutedsharesoutstanding": 308200000,
        "othercomprehensiveincomelossforeigncurrencytransactionandtranslationadjustmentnetoftax": 102900000,
        "othercomprehensiveincomelosscashflowhedgegainlossafterreclassificationandtax": 400000,
        "othercomprehensiveincomelosspensionandotherpostretirementbenefitplansadjustmentnetoftax": -5200000,
        "othercomprehensiveincomelossnetoftax": 108500000,
        "comprehensiveincomenetoftaxincludingportionattributabletononcontrollinginterest": 458000000,
        "comprehensiveincomenetoftaxattributabletononcontrollinginterest": 5200000,
        "comprehensiveincomenetoftax": 452800000,
        "othercomprehensiveincomelosspensionandotherpostretirementbenefitplanstax": -1700000
    },
    {
        "date": "2020-06-29",
        "symbol": "APH",
        "period": "Q2",
        "revenuefromcontractwithcustomerexcludingassessedtax": 1987500000,
        "costofrevenue": 1383700000,
        "grossprofit": 603800000,
        "sellinggeneralandadministrativeexpense": 246400000,
        "operatingincomeloss": 387900000,
        "interestexpense": 30200000,
        "othernonoperatingincomeexpense": 1300000,
        "incomelossfromcontinuingoperationsbeforeincometaxesextraordinaryitemsnoncontrollinginterest": 328500000,
        "incometaxexpensebenefit": 68000000,
        "profitloss": 260500000,
        "netincomelossattributabletononcontrollinginterest": 2800000,
        "netincomeloss": 257700000,
        "earningspersharebasic": 0.87,
        "weightedaveragenumberofsharesoutstandingbasic": 296600000,
        "earningspersharediluted": 0.85,
        "weightedaveragenumberofdilutedsharesoutstanding": 304000000,
        "othercomprehensiveincomelossforeigncurrencytransactionandtranslationadjustmentnetoftax": 26400000,
        "othercomprehensiveincomelosscashflowhedgegainlossafterreclassificationandtax": -800000,
        "othercomprehensiveincomelosspensionandotherpostretirementbenefitplansadjustmentnetoftax": -5200000,
        "othercomprehensiveincomelossnetoftax": 30800000,
        "comprehensiveincomenetoftaxincludingportionattributabletononcontrollinginterest": 291300000,
        "comprehensiveincomenetoftaxattributabletononcontrollinginterest": 3100000,
        "comprehensiveincomenetoftax": 288200000,
        "othercomprehensiveincomelosspensionandotherpostretirementbenefitplanstax": -1700000
    },
    {
        "date": "2020-03-30",
        "symbol": "APH",
        "period": "Q1",
        "revenuefromcontractwithcustomerexcludingassessedtax": 1862000000,
        "costofrevenue": 1302200000,
        "grossprofit": 559800000,
        "sellinggeneralandadministrativeexpense": 242900000,
        "operatingincomeloss": 346100000,
        "interestexpense": 28800000,
        "othernonoperatingincomeexpense": 1100000,
        "incomelossfromcontinuingoperationsbeforeincometaxesextraordinaryitemsnoncontrollinginterest": 289200000,
        "incometaxexpensebenefit": 46000000,
        "profitloss": 243200000,
        "netincomelossattributabletononcontrollinginterest": 1100000,
        "netincomeloss": 242100000,
        "earningspersharebasic": 0.81,
        "weightedaveragenumberofsharesoutstandingbasic": 297400000,
        "earningspersharediluted": 0.79,
        "weightedaveragenumberofdilutedsharesoutstanding": 306500000,
        "othercomprehensiveincomelossforeigncurrencytransactionandtranslationadjustmentnetoftax": -100700000,
        "othercomprehensiveincomelosscashflowhedgegainlossafterreclassificationandtax": 200000,
        "othercomprehensiveincomelosspensionandotherpostretirementbenefitplansadjustmentnetoftax": -5200000,
        "othercomprehensiveincomelossnetoftax": -95300000,
        "comprehensiveincomenetoftaxincludingportionattributabletononcontrollinginterest": 147900000,
        "comprehensiveincomenetoftax": 147900000,
        "othercomprehensiveincomelosspensionandotherpostretirementbenefitplanstax": -1700000
    },
    {
        "date": "2019-12-30",
        "symbol": "APH",
        "period": "Q4",
        "revenuefromcontractwithcustomerexcludingassessedtax": 8161700000,
        "costofrevenue": 1472300000,
        "grossprofit": 678700000,
        "sellinggeneralandadministrativeexpense": 248900000,
        "operatingincomeloss": 460500000,
        "interestexpense": 28100000,
        "othernonoperatingincomeexpense": 1000000,
        "incomelossfromcontinuingoperationsbeforeincometaxesextraordinaryitemsnoncontrollinginterest": 402700000,
        "incometaxexpensebenefit": 81900000,
        "profitloss": 320800000,
        "netincomelossattributabletononcontrollinginterest": 2100000,
        "netincomeloss": 318700000,
        "earningspersharebasic": 1.0699999999999998,
        "weightedaveragenumberofsharesoutstandingbasic": 297500000,
        "earningspersharediluted": 1.0299999999999998,
        "weightedaveragenumberofdilutedsharesoutstanding": 307900000,
        "othercomprehensiveincomelossforeigncurrencytransactionandtranslationadjustmentnetoftax": 76100000,
        "othercomprehensiveincomelosspensionandotherpostretirementbenefitplansadjustmentnetoftax": 11700000,
        "othercomprehensiveincomelossnetoftax": 64400000,
        "comprehensiveincomenetoftaxincludingportionattributabletononcontrollinginterest": 385200000,
        "comprehensiveincomenetoftaxattributabletononcontrollinginterest": 3700000,
        "comprehensiveincomenetoftax": 381500000
    },
    {
        "date": "2019-09-29",
        "symbol": "APH",
        "period": "Q3",
        "revenuefromcontractwithcustomerexcludingassessedtax": -1916300000,
        "costofrevenue": 1438700000,
        "grossprofit": 661900000,
        "businesscombinationacquisitionrelatedcosts": 0,
        "sellinggeneralandadministrativeexpense": 248200000,
        "operatingincomeloss": 488400000,
        "interestexpense": 29800000,
        "othernonoperatingincomeexpense": 4500000,
        "incomelossfromcontinuingoperationsbeforeincometaxesextraordinaryitemsnoncontrollinginterest": 374100000,
        "incometaxexpensebenefit": 91700000,
        "profitloss": 282400000,
        "netincomelossattributabletononcontrollinginterest": 2000000,
        "netincomeloss": 280400000,
        "earningspersharebasic": 0.9400000000000001,
        "weightedaveragenumberofsharesoutstandingbasic": 297600000,
        "earningspersharediluted": 0.92,
        "weightedaveragenumberofdilutedsharesoutstanding": 307800000,
        "othercomprehensiveincomelossforeigncurrencytransactionandtranslationadjustmentnetoftax": -102500000,
        "othercomprehensiveincomelosspensionandotherpostretirementbenefitplansadjustmentnetoftax": -3700000,
        "othercomprehensiveincomelossnetoftax": -98700000,
        "comprehensiveincomenetoftaxincludingportionattributabletononcontrollinginterest": 183700000,
        "comprehensiveincomenetoftaxattributabletononcontrollinginterest": 100000,
        "comprehensiveincomenetoftax": 183600000,
        "othercomprehensiveincomelosspensionandotherpostretirementbenefitplanstax": -1200000
    },
    {
        "date": "2019-06-29",
        "symbol": "APH",
        "period": "Q2",
        "revenuefromcontractwithcustomerexcludingassessedtax": 21500000,
        "costofrevenue": 1367700000,
        "grossprofit": 647600000,
        "businesscombinationacquisitionrelatedcosts": 8900000,
        "sellinggeneralandadministrativeexpense": 239200000,
        "operatingincomeloss": 437100000,
        "interestexpense": 30000000,
        "othernonoperatingincomeexpense": 100000,
        "incomelossfromcontinuingoperationsbeforeincometaxesextraordinaryitemsnoncontrollinginterest": 369600000,
        "incometaxexpensebenefit": 78700000,
        "profitloss": 290900000,
        "netincomelossattributabletononcontrollinginterest": 2500000,
        "netincomeloss": 288400000,
        "earningspersharebasic": 0.97,
        "weightedaveragenumberofsharesoutstandingbasic": 298000000,
        "earningspersharediluted": 0.93,
        "weightedaveragenumberofdilutedsharesoutstanding": 308700000,
        "othercomprehensiveincomelossforeigncurrencytransactionandtranslationadjustmentnetoftax": -17100000,
        "othercomprehensiveincomelosscashflowhedgegainlossafterreclassificationandtax": 200000,
        "othercomprehensiveincomelosspensionandotherpostretirementbenefitplansadjustmentnetoftax": -3800000,
        "othercomprehensiveincomelossnetoftax": -13100000,
        "comprehensiveincomenetoftaxincludingportionattributabletononcontrollinginterest": 277800000,
        "comprehensiveincomenetoftaxattributabletononcontrollinginterest": 1500000,
        "comprehensiveincomenetoftax": 276300000,
        "othercomprehensiveincomelosspensionandotherpostretirementbenefitplanstax": -1200000
    },
    {
        "date": "2019-03-30",
        "symbol": "APH",
        "period": "Q1",
        "revenuefromcontractwithcustomerexcludingassessedtax": 1958500000,
        "costofrevenue": 1330700000,
        "grossprofit": 627800000,
        "businesscombinationacquisitionrelatedcosts": 16500000,
        "sellinggeneralandadministrativeexpense": 235100000,
        "operatingincomeloss": 376200000,
        "interestexpense": 29700000,
        "othernonoperatingincomeexpense": 3000000,
        "incomelossfromcontinuingoperationsbeforeincometaxesextraordinaryitemsnoncontrollinginterest": 349500000,
        "incometaxexpensebenefit": 79600000,
        "profitloss": 269900000,
        "netincomelossattributabletononcontrollinginterest": 2400000,
        "netincomeloss": 267500000,
        "earningspersharebasic": 0.9,
        "weightedaveragenumberofsharesoutstandingbasic": 298100000,
        "earningspersharediluted": 0.87,
        "weightedaveragenumberofdilutedsharesoutstanding": 308600000,
        "othercomprehensiveincomelossforeigncurrencytransactionandtranslationadjustmentnetoftax": 2700000,
        "othercomprehensiveincomelossderivativesqualifyingashedgesnetoftax": -200000,
        "othercomprehensiveincomelosspensionandotherpostretirementbenefitplansadjustmentnetoftax": -3800000,
        "othercomprehensiveincomelossnetoftax": 6300000,
        "comprehensiveincomenetoftaxincludingportionattributabletononcontrollinginterest": 276200000,
        "comprehensiveincomenetoftaxattributabletononcontrollinginterest": 3300000,
        "comprehensiveincomenetoftax": 272900000,
        "othercomprehensiveincomelosspensionandotherpostretirementbenefitplanstax": -1200000
    },
    {
        "date": "2018-12-30",
        "symbol": "APH",
        "period": "Q4",
        "costofrevenue": 1509700000,
        "grossprofit": 715000000,
        "sellinggeneralandadministrativeexpense": 248900000,
        "operatingincomeloss": 457600000,
        "interestexpense": 26400000,
        "othernonoperatingincomeexpense": 600000,
        "incomelossfromcontinuingoperationsbeforeincometaxesextraordinaryitemsnoncontrollinginterest": 431800000,
        "incometaxexpensebenefit": 90600000,
        "profitloss": 341200000,
        "netincomelossattributabletononcontrollinginterest": 3200000,
        "netincomeloss": 338000000,
        "earningspersharebasic": 1.13,
        "weightedaveragenumberofsharesoutstandingbasic": 301200000,
        "earningspersharediluted": 1.0899999999999999,
        "weightedaveragenumberofdilutedsharesoutstanding": 312600000,
        "commonstockdividendspersharedeclared": 0.23000000000000004,
        "othercomprehensiveincomelossforeigncurrencytransactionandtranslationadjustmentnetoftax": -12800000,
        "othercomprehensiveincomelossderivativesqualifyingashedgesnetoftax": 100000,
        "othercomprehensiveincomelosspensionandotherpostretirementbenefitplansadjustmentnetoftax": 16700000,
        "othercomprehensiveincomelossnetoftax": -29400000,
        "comprehensiveincomenetoftaxincludingportionattributabletononcontrollinginterest": 311800000,
        "comprehensiveincomenetoftaxattributabletononcontrollinginterest": 3100000,
        "comprehensiveincomenetoftax": 308700000
    },
    {
        "date": "2018-09-29",
        "symbol": "APH",
        "period": "Q3",
        "revenuefromcontractwithcustomerexcludingassessedtax": 2129000000,
        "costofrevenue": 1440800000,
        "grossprofit": 688200000,
        "sellinggeneralandadministrativeexpense": 244000000,
        "operatingincomeloss": 444200000,
        "interestexpense": 24800000,
        "othernonoperatingincomeexpense": 200000,
        "incomelossfromcontinuingoperationsbeforeincometaxesextraordinaryitemsnoncontrollinginterest": 419600000,
        "incometaxexpensebenefit": 100000000,
        "profitloss": 319600000,
        "netincomelossattributabletononcontrollinginterest": 3000000,
        "netincomeloss": 316600000,
        "earningspersharebasic": 1.05,
        "weightedaveragenumberofsharesoutstandingbasic": 300500000,
        "earningspersharediluted": 1.01,
        "weightedaveragenumberofdilutedsharesoutstanding": 312400000,
        "commonstockdividendspersharedeclared": 0.23,
        "othercomprehensiveincomelossforeigncurrencytransactionandtranslationadjustmentnetoftax": -54600000,
        "othercomprehensiveincomelossderivativesqualifyingashedgesnetoftax": -700000,
        "othercomprehensiveincomelosspensionandotherpostretirementbenefitplansadjustmentnetoftax": -5000000,
        "othercomprehensiveincomelossnetoftax": -50300000,
        "comprehensiveincomenetoftaxincludingportionattributabletononcontrollinginterest": 269300000,
        "comprehensiveincomenetoftaxattributabletononcontrollinginterest": 1400000,
        "comprehensiveincomenetoftax": 267900000,
        "othercomprehensiveincomelosspensionandotherpostretirementbenefitplanstax": -1600000
    },
    {
        "date": "2018-06-29",
        "symbol": "APH",
        "period": "Q2",
        "revenues": 1981400000,
        "costofrevenue": 1336600000,
        "grossprofit": 644800000,
        "sellinggeneralandadministrativeexpense": 236600000,
        "operatingincomeloss": 408200000,
        "interestexpense": 26000000,
        "othernonoperatingincomeexpense": 100000,
        "incomelossfromcontinuingoperationsbeforeincometaxesextraordinaryitemsnoncontrollinginterest": 382300000,
        "incometaxexpensebenefit": 94500000,
        "profitloss": 287800000,
        "netincomelossattributabletononcontrollinginterest": 3000000,
        "netincomeloss": 284800000,
        "earningspersharebasic": 0.95,
        "weightedaveragenumberofsharesoutstandingbasic": 300800000,
        "earningspersharediluted": 0.91,
        "weightedaveragenumberofdilutedsharesoutstanding": 312300000,
        "commonstockdividendspersharedeclared": 0.23,
        "othercomprehensiveincomelossforeigncurrencytransactionandtranslationadjustmentnetoftax": -158300000,
        "othercomprehensiveincomelossderivativesqualifyingashedgesnetoftax": 1900000,
        "othercomprehensiveincomelosspensionandotherpostretirementbenefitplansadjustmentnetoftax": -4900000,
        "othercomprehensiveincomelossnetoftax": -151500000,
        "comprehensiveincomenetoftaxincludingportionattributabletononcontrollinginterest": 136300000,
        "comprehensiveincomenetoftaxattributabletononcontrollinginterest": 500000,
        "comprehensiveincomenetoftax": 135800000,
        "othercomprehensiveincomelosspensionandotherpostretirementbenefitplanstax": -1600000
    },
    {
        "date": "2018-03-30",
        "symbol": "APH",
        "period": "Q1",
        "revenues": 1866900000,
        "costofrevenue": 1260000000,
        "grossprofit": 606900000,
        "sellinggeneralandadministrativeexpense": 230000000,
        "operatingincomeloss": 376900000,
        "interestexpense": 24500000,
        "othernonoperatingincomeexpense": 2300000,
        "incomelossfromcontinuingoperationsbeforeincometaxesextraordinaryitemsnoncontrollinginterest": 354700000,
        "incometaxexpensebenefit": 86400000,
        "profitloss": 268300000,
        "netincomelossattributabletononcontrollinginterest": 2700000,
        "netincomeloss": 265600000,
        "earningspersharebasic": 0.87,
        "weightedaveragenumberofsharesoutstandingbasic": 303700000,
        "earningspersharediluted": 0.84,
        "weightedaveragenumberofdilutedsharesoutstanding": 316000000,
        "commonstockdividendspersharedeclared": 0.19,
        "othercomprehensiveincomelossforeigncurrencytransactionandtranslationadjustmentnetoftax": 58700000,
        "othercomprehensiveincomelossderivativesqualifyingashedgesnetoftax": -900000,
        "othercomprehensiveincomelosspensionandotherpostretirementbenefitplansadjustmentnetoftax": -5000000,
        "othercomprehensiveincomelossnetoftax": 62800000,
        "comprehensiveincomenetoftaxincludingportionattributabletononcontrollinginterest": 331100000,
        "comprehensiveincomenetoftaxattributabletononcontrollinginterest": 4200000,
        "comprehensiveincomenetoftax": 326900000,
        "othercomprehensiveincomelosspensionandotherpostretirementbenefitplanstax": -1600000
    },
    {
        "date": "2014-06-29",
        "symbol": "APH",
        "period": "Q2",
        "salesrevenuegoodsnet": 1314172000,
        "costofgoodssold": 897405000,
        "grossprofit": 416767000,
        "businesscombinationacquisitionrelatedcosts": 0,
        "sellinggeneralandadministrativeexpense": 160957000,
        "operatingincomeloss": 255810000,
        "interestexpense": 20081000,
        "othernonoperatingincomeexpense": 4293000,
        "incomelossfromcontinuingoperationsbeforeincometaxesminorityinterestandincomelossfromequitymethodinvestments": 240022000,
        "incometaxexpensebenefit": 63605000,
        "profitloss": 334900000,
        "netincomelossattributabletononcontrollinginterest": 1485000,
        "netincomelossavailabletocommonstockholdersbasic": 174932000,
        "earningspersharebasic": 1.11,
        "weightedaveragenumberofsharesoutstandingbasic": -208041,
        "earningspersharediluted": 1.0899999999999999,
        "weightedaveragenumberofdilutedsharesoutstanding": -194077,
        "commonstockdividendspersharedeclared": 0.2,
        "othercomprehensiveincomelossforeigncurrencytransactionandtranslationadjustmentnetoftax": 17077000,
        "othercomprehensiveincomelossderivativesqualifyingashedgesnetoftax": 405000,
        "othercomprehensiveincomelossnetoftaxinclusiveofpurchaseofnoncontrollinginterest": 17482000,
        "comprehensiveincomenetoftaxincludingportionattributabletononcontrollinginterest": 193899000,
        "comprehensiveincomenetoftaxattributabletononcontrollinginterest": 1531000,
        "comprehensiveincomenetoftax": 192368000
    },
    {
        "date": "2014-03-30",
        "symbol": "APH",
        "period": "Q1",
        "salesrevenuegoodsnet": 1246074000,
        "costofgoodssold": 857218000,
        "grossprofit": 388856000,
        "businesscombinationacquisitionrelatedcosts": 2020000,
        "sellinggeneralandadministrativeexpense": 154701000,
        "operatingincomeloss": 232135000,
        "interestexpense": 19071000,
        "othernonoperatingincomeexpense": 4065000,
        "incomelossfromcontinuingoperationsbeforeincometaxesminorityinterestandincomelossfromequitymethodinvestments": 217129000,
        "incometaxexpensebenefit": 57327000,
        "profitloss": 1319000,
        "netincomelossattributabletononcontrollinginterest": 1319000,
        "netincomelossavailabletocommonstockholdersbasic": 158483000,
        "earningspersharebasic": 1.01,
        "weightedaveragenumberofsharesoutstandingbasic": 157528482,
        "earningspersharediluted": 0.98,
        "weightedaveragenumberofdilutedsharesoutstanding": 161177156,
        "commonstockdividendspersharedeclared": 0.2,
        "othercomprehensiveincomelossforeigncurrencytransactionandtranslationadjustmentnetoftax": -15251000,
        "othercomprehensiveincomelossderivativesqualifyingashedgesnetoftax": 253000,
        "othercomprehensiveincomelossnetoftaxinclusiveofpurchaseofnoncontrollinginterest": -14998000,
        "comprehensiveincomenetoftaxincludingportionattributabletononcontrollinginterest": 144804000,
        "comprehensiveincomenetoftaxattributabletononcontrollinginterest": 911000,
        "comprehensiveincomenetoftax": 143893000
    },
    {
        "date": "2013-12-30",
        "symbol": "APH",
        "period": "Q4",
        "profitloss": -313786000,
        "othercomprehensiveincomelossforeigncurrencytransactionandtranslationadjustmentnetoftax": 13498000,
        "othercomprehensiveincomelossderivativesqualifyingashedgesnetoftax": -265000,
        "comprehensiveincomenetoftaxincludingportionattributabletononcontrollinginterest": 234753000,
        "comprehensiveincomenetoftaxattributabletononcontrollinginterest": 1139000,
        "comprehensiveincomenetoftax": 233614000,
        "salesrevenuegoodsnet": 1245735000,
        "costofgoodssold": 856429000,
        "grossprofit": 389306000,
        "sellinggeneralandadministrativeexpense": 144500000,
        "operatingincomeloss": 498749000,
        "interestexpense": 16427000,
        "othernonoperatingincomeexpense": 3942000,
        "incomelossfromcontinuingoperationsbeforeincometaxesminorityinterestandincomelossfromequitymethodinvestments": 228875000,
        "incometaxexpensebenefit": 59996000,
        "netincomelossattributabletononcontrollinginterest": 1000000,
        "netincomelossavailabletocommonstockholdersbasic": 167879000,
        "earningspersharebasic": 1.0700000000000003,
        "weightedaveragenumberofsharesoutstandingbasic": -319015922,
        "earningspersharediluted": 1.0399999999999998,
        "weightedaveragenumberofdilutedsharesoutstanding": -325166717,
        "commonstockdividendspersharedeclared": 0.2
    },
    {
        "date": "2013-09-29",
        "symbol": "APH",
        "period": "Q3",
        "salesrevenuegoodsnet": 1153062000,
        "costofgoodssold": 789214000,
        "grossprofit": 363848000,
        "businesscombinationacquisitionrelatedcosts": 2537000,
        "sellinggeneralandadministrativeexpense": 136828000,
        "operatingincomeloss": 224483000,
        "interestexpense": 16048000,
        "othernonoperatingincomeexpense": 3625000,
        "incomelossfromcontinuingoperationsbeforeincometaxesminorityinterestandincomelossfromequitymethodinvestments": 212060000,
        "incometaxexpensebenefit": 50671000,
        "profitloss": 161389000,
        "netincomelossattributabletononcontrollinginterest": 591000,
        "netincomelossavailabletocommonstockholdersbasic": 160798000,
        "earningspersharebasic": 1.01,
        "weightedaveragenumberofsharesoutstandingbasic": 158665520,
        "earningspersharediluted": 0.99,
        "weightedaveragenumberofdilutedsharesoutstanding": 161792786,
        "commonstockdividendspersharedeclared": 0.2,
        "othercomprehensiveincomelossforeigncurrencytransactionandtranslationadjustmentnetoftax": 30869000,
        "othercomprehensiveincomelossderivativesqualifyingashedgesnetoftax": 99000,
        "minorityinterestdecreasefromredemptions": -288000,
        "othercomprehensiveincomelossnetoftax": 31256000,
        "comprehensiveincomenetoftaxincludingportionattributabletononcontrollinginterest": 192645000,
        "comprehensiveincomenetoftaxattributabletononcontrollinginterest": 735000,
        "comprehensiveincomenetoftax": 191910000
    },
    {
        "date": "2013-06-29",
        "symbol": "APH",
        "period": "Q2",
        "salesrevenuegoodsnet": 1136067000,
        "costofgoodssold": 776279000,
        "grossprofit": 359788000,
        "sellinggeneralandadministrativeexpense": 135775000,
        "operatingincomeloss": 242525000,
        "interestexpense": 15621000,
        "othernonoperatingincomeexpense": 3033000,
        "incomelossfromcontinuingoperationsbeforeincometaxesminorityinterestandincomelossfromequitymethodinvestments": 211425000,
        "incometaxexpensebenefit": 56557000,
        "profitloss": 154868000,
        "netincomelossattributabletononcontrollinginterest": 880000,
        "netincomelossavailabletocommonstockholdersbasic": 153988000,
        "earningspersharebasic": 0.96,
        "weightedaveragenumberofsharesoutstandingbasic": 159705021,
        "earningspersharediluted": 0.95,
        "weightedaveragenumberofdilutedsharesoutstanding": 162935428,
        "commonstockdividendspersharedeclared": 0.105,
        "othercomprehensiveincomelossforeigncurrencytransactionandtranslationadjustmentnetoftax": -9823000,
        "othercomprehensiveincomelossderivativesqualifyingashedgesnetoftax": -144000,
        "othercomprehensiveincomelossnetoftax": -9967000,
        "comprehensiveincomenetoftaxincludingportionattributabletononcontrollinginterest": 144901000,
        "comprehensiveincomenetoftaxattributabletononcontrollinginterest": 951000,
        "comprehensiveincomenetoftax": 143950000
    },
    {
        "date": "2013-03-30",
        "symbol": "APH",
        "period": "Q1",
        "salesrevenuegoodsnet": 1079805000,
        "costofgoodssold": 741913000,
        "grossprofit": 337892000,
        "sellinggeneralandadministrativeexpense": 130935000,
        "operatingincomeloss": 11600000,
        "interestexpense": 15457000,
        "othernonoperatingincomeexpense": 2785000,
        "incomelossfromcontinuingoperationsbeforeincometaxesminorityinterestandincomelossfromequitymethodinvestments": 194285000,
        "incometaxexpensebenefit": 40672000,
        "profitloss": 606000,
        "netincomelossattributabletononcontrollinginterest": 606000,
        "netincomelossavailabletocommonstockholdersbasic": 153007000,
        "earningspersharebasic": 0.96,
        "weightedaveragenumberofsharesoutstandingbasic": 159738168,
        "earningspersharediluted": 0.94,
        "weightedaveragenumberofdilutedsharesoutstanding": 162713002,
        "commonstockdividendspersharedeclared": 0.105,
        "othercomprehensiveincomelossforeigncurrencytransactionandtranslationadjustmentnetoftax": -24707000,
        "othercomprehensiveincomelossderivativesqualifyingashedgesnetoftax": 28000,
        "othercomprehensiveincomelossnetoftax": 77000,
        "comprehensiveincomenetoftaxincludingportionattributabletononcontrollinginterest": 128934000,
        "comprehensiveincomenetoftaxattributabletononcontrollinginterest": 683000,
        "comprehensiveincomenetoftax": 128251000
    },
    {
        "date": "2012-12-30",
        "symbol": "APH",
        "period": "Q4",
        "salesrevenuegoodsnet": 1145978000,
        "costofgoodssold": 790527000,
        "grossprofit": 355451000,
        "sellinggeneralandadministrativeexpense": 132231000,
        "operatingincomeloss": 471542000,
        "interestexpense": 15599000,
        "othernonoperatingincomeexpense": 2652000,
        "incomelossfromcontinuingoperationsbeforeincometaxesminorityinterestandincomelossfromequitymethodinvestments": 208273000,
        "incometaxexpensebenefit": 66706000,
        "profitloss": -287187000,
        "netincomelossattributabletononcontrollinginterest": 1205000,
        "netincomelossavailabletocommonstockholdersbasic": 140362000,
        "earningspersharebasic": 0.8799999999999997,
        "weightedaveragenumberofsharesoutstandingbasic": -324200826,
        "earningspersharediluted": 0.8600000000000003,
        "weightedaveragenumberofdilutedsharesoutstanding": -329059763,
        "commonstockdividendspersharedeclared": 0.10500000000000002,
        "comprehensiveincomenetoftaxincludingportionattributabletononcontrollinginterest": 137674000,
        "comprehensiveincomenetoftaxattributabletononcontrollinginterest": 1339000,
        "comprehensiveincomenetoftax": 136335000
    },
    {
        "date": "2012-09-29",
        "symbol": "APH",
        "period": "Q3",
        "salesrevenuegoodsnet": 1103376000,
        "costofgoodssold": 759047000,
        "grossprofit": 344329000,
        "sellinggeneralandadministrativeexpense": 128659000,
        "operatingincomeloss": 215670000,
        "interestexpense": 15166000,
        "othernonoperatingincomeexpense": 2636000,
        "incomelossfromcontinuingoperationsbeforeincometaxesminorityinterestandincomelossfromequitymethodinvestments": 203140000,
        "incometaxexpensebenefit": 54340000,
        "profitloss": 148800000,
        "netincomelossattributabletononcontrollinginterest": 1350000,
        "netincomelossavailabletocommonstockholdersbasic": 147450000,
        "earningspersharebasic": 0.91,
        "weightedaveragenumberofsharesoutstandingbasic": 161349493,
        "earningspersharediluted": 0.9,
        "weightedaveragenumberofdilutedsharesoutstanding": 163780171,
        "commonstockdividendspersharedeclared": 0.105,
        "othercomprehensiveincomelossnetoftax": 20777000,
        "comprehensiveincomenetoftaxincludingportionattributabletononcontrollinginterest": 169577000,
        "comprehensiveincomenetoftaxattributabletononcontrollinginterest": 1497000,
        "comprehensiveincomenetoftax": 168080000
    },
    {
        "date": "2012-06-29",
        "symbol": "APH",
        "period": "Q2",
        "salesrevenuegoodsnet": 1061107000,
        "costofgoodssold": 726946000,
        "grossprofit": 334161000,
        "sellinggeneralandadministrativeexpense": 127985000,
        "operatingincomeloss": 10458000,
        "interestexpense": 15099000,
        "othernonoperatingincomeexpense": 2634000,
        "incomelossfromcontinuingoperationsbeforeincometaxesminorityinterestandincomelossfromequitymethodinvestments": 193711000,
        "incometaxexpensebenefit": 51818000,
        "profitloss": 141893000,
        "netincomelossattributabletononcontrollinginterest": 951000,
        "netincomelossavailabletocommonstockholdersbasic": 140942000,
        "earningspersharebasic": 0.87,
        "weightedaveragenumberofsharesoutstandingbasic": 161511550,
        "earningspersharediluted": 0.86,
        "weightedaveragenumberofdilutedsharesoutstanding": 163871565,
        "commonstockdividendspersharedeclared": 0.105,
        "othercomprehensiveincomelossnetoftaxperiodincreasedecrease": -30036000,
        "comprehensiveincomenetoftaxincludingportionattributabletononcontrollinginterest": 111857000,
        "comprehensiveincomenetoftaxattributabletononcontrollinginterest": 875000,
        "comprehensiveincomenetoftax": 110982000
    },
    {
        "date": "2012-03-30",
        "symbol": "APH",
        "period": "Q1",
        "profitloss": 685000,
        "othercomprehensiveincomelossnetoftaxperiodincreasedecrease": 16426000,
        "comprehensiveincomenetoftaxincludingportionattributabletononcontrollinginterest": 143674000,
        "comprehensiveincomenetoftaxattributabletononcontrollinginterest": 701000,
        "comprehensiveincomenetoftax": 142973000,
        "salesrevenuegoodsnet": 981604000,
        "costofgoodssold": 672333000,
        "grossprofit": 309271000,
        "sellinggeneralandadministrativeexpense": 123992000,
        "operatingincomeloss": 201535000,
        "interestexpense": 13749000,
        "othernonoperatingincomeexpense": 2187000,
        "incomelossfromcontinuingoperationsbeforeincometaxesminorityinterestandincomelossfromequitymethodinvestments": 173717000,
        "incometaxexpensebenefit": 46469000,
        "netincomelossattributabletononcontrollinginterest": 685000,
        "netincomelossavailabletocommonstockholdersbasic": 126563000,
        "earningspersharebasic": 0.78,
        "weightedaveragenumberofsharesoutstandingbasic": 162861863,
        "earningspersharediluted": 0.77,
        "weightedaveragenumberofdilutedsharesoutstanding": 165355138,
        "commonstockdividendspersharedeclared": 0.105
    },
    {
        "date": "2011-12-30",
        "symbol": "APH",
        "period": "Q4",
        "profitloss": 113859000,
        "salesrevenuegoodsnet": 948709000,
        "costofgoodssold": 653872000,
        "grossprofit": 294837000,
        "sellinggeneralandadministrativeexpense": 119529000,
        "operatingincomeloss": 164660000,
        "interestexpense": 11144000,
        "othernonoperatingincomeexpense": 2014000,
        "incomelossfromcontinuingoperationsbeforeincometaxesminorityinterestandincomelossfromequitymethodinvestments": 260914000,
        "incometaxexpensebenefit": 40525000,
        "netincomelossattributabletononcontrollinginterest": 1146000,
        "earningspersharebasic": 0.6999999999999997,
        "weightedaveragenumberofsharesoutstandingbasic": -1771664,
        "earningspersharediluted": 0.6899999999999997,
        "weightedaveragenumberofdilutedsharesoutstanding": -1902821,
        "commonstockdividendspersharedeclared": 0.015
    },
    {
        "date": "2011-09-29",
        "symbol": "APH",
        "period": "Q3",
        "salesrevenuegoodsnet": 1032754000,
        "costofgoodssold": 709277000,
        "grossprofit": 323477000,
        "sellinggeneralandadministrativeexpense": 124587000,
        "operatingincomeloss": 186059000,
        "interestexpense": 10498000,
        "othernonoperatingincomeexpense": 2255000,
        "incomelossfromcontinuingoperationsbeforeincometaxesminorityinterestandincomelossfromequitymethodinvestments": 177816000,
        "incometaxexpensebenefit": 41758000,
        "profitloss": 260511000,
        "netincomelossattributabletononcontrollinginterest": 1435000,
        "earningspersharebasic": 0.8000000000000003,
        "weightedaveragenumberofsharesoutstandingbasic": -174950992,
        "earningspersharediluted": 0.7899999999999998,
        "weightedaveragenumberofdilutedsharesoutstanding": -177714981,
        "commonstockdividendspersharedeclared": 0.015
    },
    {
        "date": "2011-06-29",
        "symbol": "APH",
        "period": "Q2",
        "salesrevenuegoodsnet": 1017738000,
        "costofgoodssold": 696516000,
        "grossprofit": 321222000,
        "changeincontingentacquisitionrelatedobligations": 17813000,
        "sellinggeneralandadministrativeexpense": 124161000,
        "operatingincomeloss": 214874000,
        "interestexpense": 11371000,
        "othernonoperatingincomeexpense": 2130000,
        "incomelossfromcontinuingoperationsbeforeincometaxesminorityinterestandincomelossfromequitymethodinvestments": 205633000,
        "incometaxexpensebenefit": 56739000,
        "profitloss": 148894000,
        "netincomelossattributabletononcontrollinginterest": 1143000,
        "netincomeloss": 147751000,
        "earningspersharebasic": 0.86,
        "weightedaveragenumberofsharesoutstandingbasic": 171194474,
        "earningspersharediluted": 0.85,
        "weightedaveragenumberofdilutedsharesoutstanding": 173592458,
        "commonstockdividendspersharedeclared": 0.015
    },
    {
        "date": "2011-03-30",
        "symbol": "APH",
        "period": "Q1",
        "salesrevenuegoodsnet": 940585000,
        "costofgoodssold": 636461000,
        "grossprofit": 304124000,
        "sellinggeneralandadministrativeexpense": 118039000,
        "operatingincomeloss": 186085000,
        "interestexpense": 10016000,
        "othernonoperatingincomeexpense": 1704000,
        "incomelossfromcontinuingoperationsbeforeincometaxesminorityinterestandincomelossfromequitymethodinvestments": 177773000,
        "incometaxexpensebenefit": 48888000,
        "profitloss": 927000,
        "netincomelossattributabletononcontrollinginterest": 927000,
        "netincomeloss": 127958000,
        "earningspersharebasic": 0.73,
        "weightedaveragenumberofsharesoutstandingbasic": 175168297,
        "earningspersharediluted": 0.72,
        "weightedaveragenumberofdilutedsharesoutstanding": 177850932,
        "commonstockdividendspersharedeclared": 0.015
    },
    {
        "date": "2010-12-30",
        "symbol": "APH",
        "period": "Q4",
        "profitloss": -363938000,
        "salesrevenuegoodsnet": 688904000,
        "costofgoodssold": 639866000,
        "grossprofit": 310020000,
        "sellinggeneralandadministrativeexpense": 119466000,
        "operatingincomeloss": 190554000,
        "interestexpense": 10192000,
        "othernonoperatingincomeexpense": -1792000,
        "incomelossfromcontinuingoperationsbeforeincometaxesminorityinterestandincomelossfromequitymethodinvestments": 244218000,
        "incometaxexpensebenefit": 49493000,
        "netincomelossattributabletononcontrollinginterest": 1354000,
        "netincomeloss": 131113000,
        "earningspersharebasic": 0.7499999999999999,
        "weightedaveragenumberofsharesoutstandingbasic": -346814098,
        "earningspersharediluted": 0.74,
        "weightedaveragenumberofdilutedsharesoutstanding": -351359223,
        "commonstockdividendspersharedeclared": 0.015
    },
    {
        "date": "2010-09-29",
        "symbol": "APH",
        "period": "Q3",
        "salesrevenuegoodsnet": 948463000,
        "costofgoodssold": 638746000,
        "grossprofit": 309717000,
        "sellinggeneralandadministrativeexpense": 120583000,
        "operatingincomeloss": 189134000,
        "interestexpense": 10568000,
        "othernonoperatingincomeexpense": 1251000,
        "incomelossfromcontinuingoperationsbeforeincometaxesminorityinterestandincomelossfromequitymethodinvestments": 179817000,
        "incometaxexpensebenefit": 41018000,
        "profitloss": 138799000,
        "netincomelossattributabletononcontrollinginterest": 1531000,
        "netincomeloss": 137268000,
        "earningspersharebasic": 0.79,
        "weightedaveragenumberofsharesoutstandingbasic": 173813753,
        "earningspersharediluted": 0.78,
        "weightedaveragenumberofdilutedsharesoutstanding": 176224749,
        "commonstockdividendspersharedeclared": 0.015
    },
    {
        "date": "2010-06-29",
        "symbol": "APH",
        "period": "Q2",
        "salesrevenuegoodsnet": 884798000,
        "costofgoodssold": 595499000,
        "grossprofit": 289299000,
        "sellinggeneralandadministrativeexpense": 113674000,
        "operatingincomeloss": 175625000,
        "interestexpense": 9968000,
        "othernonoperatingincomeexpense": 764000,
        "incomelossfromcontinuingoperationsbeforeincometaxesminorityinterestandincomelossfromequitymethodinvestments": 166421000,
        "incometaxexpensebenefit": 35412000,
        "profitloss": 131009000,
        "netincomelossattributabletononcontrollinginterest": 1338000,
        "netincomeloss": 129671000,
        "earningspersharebasic": 0.75,
        "weightedaveragenumberofsharesoutstandingbasic": 173519882,
        "earningspersharediluted": 0.74,
        "weightedaveragenumberofdilutedsharesoutstanding": 175885465,
        "commonstockdividendspersharedeclared": 0.015
    },
    {
        "date": "2010-03-30",
        "symbol": "APH",
        "period": "Q1",
        "salesrevenuegoodsnet": 770954000,
        "costofgoodssold": 521762000,
        "grossprofit": 249192000,
        "sellinggeneralandadministrativeexpense": 104148000,
        "operatingincomeloss": 145044000,
        "interestexpense": 10013000,
        "othernonoperatingincomeexpense": 459000,
        "incomelossfromcontinuingoperationsbeforeincometaxesminorityinterestandincomelossfromequitymethodinvestments": 135490000,
        "incometaxexpensebenefit": 35352000,
        "profitloss": 100138000,
        "netincomelossattributabletononcontrollinginterest": 1785000,
        "netincomeloss": 98353000,
        "earningspersharebasic": 0.57,
        "weightedaveragenumberofsharesoutstandingbasic": 173266113,
        "earningspersharediluted": 0.56,
        "weightedaveragenumberofdilutedsharesoutstanding": 175575002,
        "commonstockdividendspersharedeclared": 0.015
    },
    {
        "date": "2009-09-29",
        "symbol": "APH",
        "period": "Q3",
        "salesrevenuegoodsnet": 716573000,
        "costofgoodssold": 492180000,
        "grossprofit": 224393000,
        "sellinggeneralandadministrativeexpense": 100103000,
        "operatingincomeloss": 124290000,
        "interestexpense": 8961000,
        "othernonoperatingincomeexpense": -345000,
        "incomelossfromcontinuingoperationsbeforeincometaxesminorityinterestandincomelossfromequitymethodinvestments": 114984000,
        "incometaxexpensebenefit": 31620000,
        "profitloss": 83364000,
        "netincomelossattributabletononcontrollinginterest": 2449000,
        "netincomeloss": 80915000,
        "earningspersharebasic": 0.47,
        "weightedaveragenumberofsharesoutstandingbasic": 171428237,
        "earningspersharediluted": 0.47,
        "weightedaveragenumberofdilutedsharesoutstanding": 173928589,
        "commonstockdividendspersharedeclared": 0.015
    },
    {
        "date": "2009-06-29",
        "symbol": "APH",
        "period": "Q2",
        "salesrevenuegoodsnet": 685184000,
        "costofgoodssold": 471034000,
        "grossprofit": 214150000,
        "sellinggeneralandadministrativeexpense": 98672000,
        "operatingincomeloss": 115478000,
        "interestexpense": 9131000,
        "othernonoperatingexpense": 382000,
        "incomelossfromcontinuingoperationsbeforeincometaxesminorityinterestandincomelossfromequitymethodinvestments": 105965000,
        "incometaxexpensebenefit": 29140000,
        "profitloss": 76825000,
        "netincomelossattributabletononcontrollinginterest": 1955000,
        "netincomeloss": 74870000,
        "earningspersharebasic": 0.44,
        "weightedaveragenumberofsharesoutstandingbasic": 171317112,
        "earningspersharediluted": 0.43,
        "weightedaveragenumberofdilutedsharesoutstanding": 173649705,
        "commonstockdividendspersharedeclared": 0.015
    }
]