[
    {
        "date": "2024-09-29",
        "symbol": "DT",
        "period": "Q2",
        "revenuefromcontractwithcustomerexcludingassessedtax": 240200000,
        "costofgoodsandserviceexcludingdepreciationdepletionandamortization": 17595000,
        "costofgoodsandservicessoldamortization": 4393000,
        "costofgoodsandservicessold": 77784000,
        "grossprofit": 340345000,
        "researchanddevelopmentexpense": 95366000,
        "sellingandmarketingexpense": 144224000,
        "generalandadministrativeexpense": 48953000,
        "amortizationofotherintangibleassets": 4776000,
        "operatingexpenses": 293319000,
        "operatingincomeloss": 47026000,
        "interestincomeexpensenonoperatingnet": 12850000,
        "othernonoperatingincomeexpense": -2038000,
        "incomelossfromcontinuingoperationsbeforeincometaxesextraordinaryitemsnoncontrollinginterest": 57838000,
        "incometaxexpensebenefit": 13830000,
        "netincomeloss": 44008000,
        "earningspersharebasic": 0.15,
        "earningspersharediluted": 0.15,
        "weightedaveragenumberofsharesoutstandingbasic": 298089000,
        "weightedaveragenumberofdilutedsharesoutstanding": 301373000,
        "othercomprehensiveincomeforeigncurrencytransactionandtranslationadjustmentnetoftaxportionattributabletoparent": -1055000,
        "othercomprehensiveincomeavailableforsalesecuritiesadjustmentnetoftaxportionattributabletoparent": 766000,
        "othercomprehensiveincomelossnetoftaxportionattributabletoparent": -289000,
        "comprehensiveincomenetoftax": 43719000
    },
    {
        "date": "2024-03-30",
        "symbol": "DT",
        "period": "Q4",
        "revenuefromcontractwithcustomerexcludingassessedtax": 488563000,
        "costofgoodsandserviceexcludingdepreciationdepletionandamortization": 77543000,
        "costofgoodsandservicessoldamortization": 4230000,
        "costofgoodsandservicessold": 71873000,
        "grossprofit": 308975000,
        "researchanddevelopmentexpense": 84271000,
        "sellingandmarketingexpense": 148788000,
        "generalandadministrativeexpense": 47337000,
        "amortizationofotherintangibleassets": 5455000,
        "operatingexpenses": 285852000,
        "operatingincomeloss": 23123000,
        "interestincomeexpensenet": 11024000,
        "othernonoperatingincomeexpense": -4045000,
        "incomelossfromcontinuingoperationsbeforeincometaxesextraordinaryitemsnoncontrollinginterest": 30102000,
        "incometaxexpensebenefit": -7842000,
        "netincomeloss": 37944000,
        "earningspersharebasic": 0.14,
        "earningspersharediluted": 0.13,
        "weightedaveragenumberofsharesoutstandingbasic": 294051000,
        "weightedaveragenumberofdilutedsharesoutstanding": 299280000,
        "othercomprehensiveincomeforeigncurrencytransactionandtranslationadjustmentnetoftaxportionattributabletoparent": 1259000,
        "othercomprehensiveincomelossnetoftaxportionattributabletoparent": 1086000,
        "comprehensiveincomenetoftax": 39030000
    },
    {
        "date": "2023-12-30",
        "symbol": "DT",
        "period": "Q3",
        "revenuefromcontractwithcustomerexcludingassessedtax": 348294000,
        "costofgoodsandserviceexcludingdepreciationdepletionandamortization": 46888000,
        "costofgoodsandservicessoldamortization": 4237000,
        "costofgoodsandservicessold": 67869000,
        "grossprofit": 297227000,
        "researchanddevelopmentexpense": 80102000,
        "sellingandmarketingexpense": 132723000,
        "generalandadministrativeexpense": 43232000,
        "amortizationofotherintangibleassets": 5451000,
        "restructuringsettlementandimpairmentprovisions": -1000,
        "operatingexpenses": 261507000,
        "operatingincomeloss": 35720000,
        "interestincomeexpensenet": 10605000,
        "othernonoperatingincomeexpense": -3901000,
        "incomelossfromcontinuingoperationsbeforeincometaxesextraordinaryitemsnoncontrollinginterest": 42424000,
        "incometaxexpensebenefit": -267000,
        "netincomeloss": 42691000,
        "earningspersharebasic": 0.14,
        "earningspersharediluted": 0.14,
        "weightedaveragenumberofsharesoutstandingbasic": 294869000,
        "weightedaveragenumberofdilutedsharesoutstanding": 299246000,
        "othercomprehensiveincomeforeigncurrencytransactionandtranslationadjustmentnetoftaxportionattributabletoparent": -2765000,
        "othercomprehensiveincomelossnetoftaxportionattributabletoparent": -2765000,
        "comprehensiveincomenetoftax": 39926000
    },
    {
        "date": "2023-09-29",
        "symbol": "DT",
        "period": "Q2",
        "revenuefromcontractwithcustomerexcludingassessedtax": 334497000,
        "costofgoodsandserviceexcludingdepreciationdepletionandamortization": 44792000,
        "costofgoodsandservicessoldamortization": 3900000,
        "costofgoodsandservicessold": 64367000,
        "grossprofit": 287333000,
        "researchanddevelopmentexpense": 74084000,
        "sellingandmarketingexpense": 127605000,
        "generalandadministrativeexpense": 44749000,
        "amortizationofotherintangibleassets": 5627000,
        "restructuringsettlementandimpairmentprovisions": -1000,
        "operatingexpenses": 252064000,
        "operatingincomeloss": 35269000,
        "interestincomeexpensenet": 8509000,
        "othernonoperatingincomeexpense": -3075000,
        "incomelossfromcontinuingoperationsbeforeincometaxesextraordinaryitemsnoncontrollinginterest": 40703000,
        "incometaxexpensebenefit": 4894000,
        "netincomeloss": 35809000,
        "earningspersharebasic": 0.12,
        "earningspersharediluted": 0.12,
        "weightedaveragenumberofsharesoutstandingbasic": 293654000,
        "weightedaveragenumberofdilutedsharesoutstanding": 297794000,
        "othercomprehensiveincomeforeigncurrencytransactionandtranslationadjustmentnetoftaxportionattributabletoparent": -474000,
        "othercomprehensiveincomelossnetoftaxportionattributabletoparent": -474000,
        "comprehensiveincomenetoftax": 35335000
    },
    {
        "date": "2023-06-29",
        "symbol": "DT",
        "period": "Q1",
        "revenuefromcontractwithcustomerexcludingassessedtax": 188000000,
        "costofgoodsandserviceexcludingdepreciationdepletionandamortization": 15542000,
        "costofgoodsandservicessoldamortization": 3898000,
        "costofgoodsandservicessold": 62344000,
        "grossprofit": 270542000,
        "researchanddevelopmentexpense": 66282000,
        "sellingandmarketingexpense": 125117000,
        "generalandadministrativeexpense": 39094000,
        "amortizationofotherintangibleassets": 5760000,
        "restructuringsettlementandimpairmentprovisions": 1000,
        "operatingexpenses": 236254000,
        "operatingincomeloss": 34288000,
        "interestincomeexpensenet": 7146000,
        "othernonoperatingincomeexpense": 252000,
        "incomelossfromcontinuingoperationsbeforeincometaxesextraordinaryitemsnoncontrollinginterest": 41686000,
        "incometaxexpensebenefit": 3498000,
        "netincomeloss": 38188000,
        "earningspersharebasic": 0.13,
        "earningspersharediluted": 0.13,
        "weightedaveragenumberofsharesoutstandingbasic": 291325000,
        "weightedaveragenumberofdilutedsharesoutstanding": 296387000,
        "othercomprehensiveincomeforeigncurrencytransactionandtranslationadjustmentnetoftaxportionattributabletoparent": -1417000,
        "othercomprehensiveincomelossnetoftaxportionattributabletoparent": -1417000,
        "comprehensiveincomenetoftax": 36771000
    },
    {
        "date": "2022-12-30",
        "symbol": "DT",
        "period": "Q3",
        "revenuefromcontractwithcustomerexcludingassessedtax": 169700000,
        "costofgoodsandserviceexcludingdepreciationdepletionandamortization": 15044000,
        "costofgoodsandservicessoldamortization": 3889000,
        "costofgoodsandservicessold": 55824000,
        "grossprofit": 241632000,
        "researchanddevelopmentexpense": 53411000,
        "sellingandmarketingexpense": 111524000,
        "generalandadministrativeexpense": 36242000,
        "amortizationofotherintangibleassets": 6573000,
        "restructuringsettlementandimpairmentprovisions": -5000,
        "operatingexpenses": 207745000,
        "operatingincomeloss": 33887000,
        "interestanddebtexpense": 4787000,
        "othernonoperatingincomeexpense": 1617000,
        "incomelossfromcontinuingoperationsbeforeincometaxesextraordinaryitemsnoncontrollinginterest": 30717000,
        "incometaxexpensebenefit": 15691000,
        "netincomeloss": 15026000,
        "earningspersharebasic": 0.05,
        "earningspersharediluted": 0.05,
        "weightedaveragenumberofsharesoutstandingbasic": 287957000,
        "weightedaveragenumberofdilutedsharesoutstanding": 291228000,
        "othercomprehensiveincomeforeigncurrencytransactionandtranslationadjustmentnetoftaxportionattributabletoparent": -5133000,
        "othercomprehensiveincomelossnetoftaxportionattributabletoparent": -5133000,
        "comprehensiveincomenetoftax": 9893000
    },
    {
        "date": "2022-09-29",
        "symbol": "DT",
        "period": "Q2",
        "revenuefromcontractwithcustomerexcludingassessedtax": 158300000,
        "costofgoodsandserviceexcludingdepreciationdepletionandamortization": 16052000,
        "costofgoodsandservicessoldamortization": 3888000,
        "costofgoodsandservicessold": 55704000,
        "grossprofit": 223622000,
        "researchanddevelopmentexpense": 51907000,
        "sellingandmarketingexpense": 104669000,
        "generalandadministrativeexpense": 40074000,
        "amortizationofotherintangibleassets": 6573000,
        "restructuringsettlementandimpairmentprovisions": 0,
        "operatingexpenses": 203223000,
        "operatingincomeloss": 20399000,
        "interestanddebtexpense": 513000,
        "othernonoperatingincomeexpense": -1214000,
        "incomelossfromcontinuingoperationsbeforeincometaxesextraordinaryitemsnoncontrollinginterest": 18672000,
        "incometaxexpensebenefit": 8146000,
        "netincomeloss": 10526000,
        "earningspersharebasic": 0.03,
        "earningspersharediluted": 0.03,
        "weightedaveragenumberofsharesoutstandingbasic": 496000,
        "weightedaveragenumberofdilutedsharesoutstanding": 409000,
        "othercomprehensiveincomeforeigncurrencytransactionandtranslationadjustmentnetoftaxportionattributabletoparent": 1818000,
        "othercomprehensiveincomelossnetoftaxportionattributabletoparent": 1818000,
        "comprehensiveincomenetoftax": 12344000
    },
    {
        "date": "2022-06-29",
        "symbol": "DT",
        "period": "Q1",
        "revenuefromcontractwithcustomerexcludingassessedtax": 147500000,
        "costofgoodsandserviceexcludingdepreciationdepletionandamortization": 15168000,
        "costofgoodsandservicessoldamortization": 3892000,
        "costofgoodsandservicessold": 51798000,
        "grossprofit": 215475000,
        "researchanddevelopmentexpense": 48482000,
        "sellingandmarketingexpense": 105015000,
        "generalandadministrativeexpense": 36321000,
        "amortizationofotherintangibleassets": 6573000,
        "restructuringsettlementandimpairmentprovisions": -10000,
        "operatingexpenses": 196381000,
        "operatingincomeloss": 19094000,
        "interestanddebtexpense": 2175000,
        "othernonoperatingincomeexpense": -2250000,
        "incomelossfromcontinuingoperationsbeforeincometaxesextraordinaryitemsnoncontrollinginterest": 14669000,
        "incometaxexpensebenefit": 12555000,
        "netincomeloss": 2114000,
        "earningspersharebasic": 0.01,
        "earningspersharediluted": 0.01,
        "weightedaveragenumberofsharesoutstandingbasic": 286203000,
        "weightedaveragenumberofdilutedsharesoutstanding": 290024000,
        "othercomprehensiveincomeforeigncurrencytransactionandtranslationadjustmentnetoftaxportionattributabletoparent": 480000,
        "othercomprehensiveincomelossnetoftaxportionattributabletoparent": 480000,
        "comprehensiveincomenetoftax": 2594000
    },
    {
        "date": "2021-12-30",
        "symbol": "DT",
        "period": "Q3",
        "revenuefromcontractwithcustomerexcludingassessedtax": 318310000,
        "costofgoodsandserviceexcludingdepreciationdepletionandamortization": 43245000,
        "costofgoodsandservicessoldamortization": 3944000,
        "costofgoodsandservicessold": 44460000,
        "grossprofit": 196306000,
        "researchanddevelopmentexpense": 40876000,
        "sellingandmarketingexpense": 94033000,
        "generalandadministrativeexpense": 32643000,
        "amortizationofotherintangibleassets": 7539000,
        "restructuringsettlementandimpairmentprovisions": 0,
        "operatingexpenses": 175091000,
        "operatingincomeloss": 21215000,
        "interestanddebtexpense": 2450000,
        "othernonoperatingincomeexpense": -1357000,
        "incometaxexpensebenefit": 2821000,
        "netincomeloss": 14587000,
        "earningspersharebasic": 0.04999999999999999,
        "earningspersharediluted": 0.04999999999999999,
        "weightedaveragenumberofsharesoutstandingbasic": -282811000,
        "weightedaveragenumberofdilutedsharesoutstanding": -289270000,
        "othercomprehensiveincomeforeigncurrencytransactionandtranslationadjustmentnetoftaxportionattributabletoparent": 692000,
        "othercomprehensiveincomelossnetoftaxportionattributabletoparent": 692000,
        "comprehensiveincomenetoftax": 15279000
    },
    {
        "date": "2021-09-29",
        "symbol": "DT",
        "period": "Q2",
        "revenuefromcontractwithcustomerexcludingassessedtax": 212601000,
        "costofgoodsandserviceexcludingdepreciationdepletionandamortization": 27135000,
        "costofgoodsandservicessoldamortization": 3864000,
        "costofgoodsandservicessold": 41667000,
        "grossprofit": 184687000,
        "researchanddevelopmentexpense": 37908000,
        "sellingandmarketingexpense": 86301000,
        "generalandadministrativeexpense": 31689000,
        "amortizationofotherintangibleassets": 7539000,
        "restructuringsettlementandimpairmentprovisions": -1000,
        "operatingexpenses": 163436000,
        "operatingincomeloss": 21251000,
        "interestanddebtexpense": 2651000,
        "othernonoperatingincomeexpense": -1299000,
        "incomelossfromcontinuingoperationsbeforeincometaxesextraordinaryitemsnoncontrollinginterest": 17301000,
        "incometaxexpensebenefit": -6340000,
        "netincomeloss": 23641000,
        "earningspersharebasic": 0.08,
        "earningspersharediluted": 0.08,
        "weightedaveragenumberofsharesoutstandingbasic": 283923000,
        "weightedaveragenumberofdilutedsharesoutstanding": 291177000,
        "othercomprehensiveincomeforeigncurrencytransactionandtranslationadjustmentnetoftaxportionattributabletoparent": 2394000,
        "othercomprehensiveincomelossnetoftaxportionattributabletoparent": 2394000,
        "comprehensiveincomenetoftax": 26035000
    },
    {
        "date": "2021-06-29",
        "symbol": "DT",
        "period": "Q1",
        "revenuefromcontractwithcustomerexcludingassessedtax": 196520000,
        "costofgoodsandserviceexcludingdepreciationdepletionandamortization": 24982000,
        "costofgoodsandservicessoldamortization": 3830000,
        "costofgoodsandservicessold": 38833000,
        "grossprofit": 170907000,
        "researchanddevelopmentexpense": 34725000,
        "sellingandmarketingexpense": 80482000,
        "generalandadministrativeexpense": 26922000,
        "amortizationofotherintangibleassets": 7540000,
        "restructuringsettlementandimpairmentprovisions": 26000,
        "operatingexpenses": 149695000,
        "operatingincomeloss": 21212000,
        "interestanddebtexpense": 2857000,
        "othernonoperatingincomeexpense": 1311000,
        "incomelossfromcontinuingoperationsbeforeincometaxesminorityinterestandincomelossfromequitymethodinvestments": 19666000,
        "incometaxexpensebenefit": 6372000,
        "netincomeloss": 13294000,
        "earningspersharebasic": 0.05,
        "earningspersharediluted": 0.05,
        "weightedaveragenumberofsharesoutstandingbasic": 282661000,
        "weightedaveragenumberofdilutedsharesoutstanding": 288988000,
        "othercomprehensiveincomeforeigncurrencytransactionandtranslationadjustmentnetoftaxportionattributabletoparent": -1658000,
        "othercomprehensiveincomelossnetoftaxportionattributabletoparent": -1658000,
        "comprehensiveincomenetoftax": 11636000
    },
    {
        "date": "2021-03-30",
        "symbol": "DT",
        "period": "Q4",
        "revenuefromcontractwithcustomerexcludingassessedtax": 182842000,
        "costofgoodsandserviceexcludingdepreciationdepletionandamortization": 22073000,
        "costofgoodsandservicessoldamortization": 3830000,
        "costofgoodsandservicessold": 35335000,
        "grossprofit": 161169000,
        "researchanddevelopmentexpense": 31668000,
        "sellingandmarketingexpense": 74805000,
        "generalandadministrativeexpense": 25140000,
        "amortizationofotherintangibleassets": 8687000,
        "restructuringsettlementandimpairmentprovisions": 17000,
        "operatingexpenses": 140317000,
        "operatingincomeloss": 20852000,
        "interestanddebtexpense": 3035000,
        "othernonoperatingincomeexpense": -2582000,
        "incomelossfromcontinuingoperationsbeforeincometaxesminorityinterestandincomelossfromequitymethodinvestments": 15235000,
        "incometaxexpensebenefit": -11719000,
        "netincomeloss": 26954000,
        "othercomprehensiveincomeforeigncurrencytransactionandtranslationadjustmentnetoftaxportionattributabletoparent": 1814000,
        "othercomprehensiveincomelossnetoftaxportionattributabletoparent": 1814000,
        "comprehensiveincomenetoftax": 28768000
    },
    {
        "date": "2020-12-30",
        "symbol": "DT",
        "period": "Q3",
        "revenuefromcontractwithcustomerexcludingassessedtax": 170308000,
        "costofgoodsandserviceexcludingdepreciationdepletionandamortization": 20382000,
        "costofgoodsandservicessoldamortization": 3831000,
        "costofgoodsandservicessold": 33120000,
        "grossprofit": 149791000,
        "researchanddevelopmentexpense": 28730000,
        "sellingandmarketingexpense": 64829000,
        "generalandadministrativeexpense": 23442000,
        "amortizationofotherintangibleassets": 8685000,
        "restructuringsettlementandimpairmentprovisions": -2000,
        "operatingexpenses": 125684000,
        "operatingincomeloss": 24107000,
        "interestanddebtexpense": 3455000,
        "othernonoperatingincomeexpense": 2526000,
        "incomelossfromcontinuingoperationsbeforeincometaxesminorityinterestandincomelossfromequitymethodinvestments": 23178000,
        "incometaxexpensebenefit": 4762000,
        "netincomeloss": 18416000,
        "earningspersharebasic": 0.07,
        "earningspersharediluted": 0.06,
        "weightedaveragenumberofsharesoutstandingbasic": 281010000,
        "weightedaveragenumberofdilutedsharesoutstanding": 286427000,
        "othercomprehensiveincomeforeigncurrencytransactionandtranslationadjustmentnetoftaxportionattributabletoparent": -4786000,
        "othercomprehensiveincomelossnetoftaxportionattributabletoparent": -4786000,
        "comprehensiveincomenetoftax": 13630000
    },
    {
        "date": "2020-09-29",
        "symbol": "DT",
        "period": "Q2",
        "revenuefromcontractwithcustomerexcludingassessedtax": 157673000,
        "costofgoodsandserviceexcludingdepreciationdepletionandamortization": 18327000,
        "costofgoodsandservicessoldamortization": 3830000,
        "costofgoodsandservicessold": 30711000,
        "grossprofit": 137875000,
        "researchanddevelopmentexpense": 27512000,
        "sellingandmarketingexpense": 56690000,
        "generalandadministrativeexpense": 22110000,
        "amortizationofotherintangibleassets": 8686000,
        "restructuringsettlementandimpairmentprovisions": 46000,
        "operatingexpenses": 115044000,
        "operatingincomeloss": 22831000,
        "interestanddebtexpense": 3602000,
        "othernonoperatingincomeexpense": 199000,
        "incomelossfromcontinuingoperationsbeforeincometaxesminorityinterestandincomelossfromequitymethodinvestments": 19428000,
        "incometaxexpensebenefit": 1949000,
        "netincomeloss": 17479000,
        "earningspersharebasic": 0.06,
        "earningspersharediluted": 0.06,
        "weightedaveragenumberofsharesoutstandingbasic": 280077000,
        "weightedaveragenumberofdilutedsharesoutstanding": 286252000,
        "othercomprehensiveincomeforeigncurrencytransactionandtranslationadjustmentnetoftaxportionattributabletoparent": -2792000,
        "othercomprehensiveincomelossnetoftaxportionattributabletoparent": -2792000,
        "comprehensiveincomenetoftax": 14687000
    },
    {
        "date": "2020-06-29",
        "symbol": "DT",
        "period": "Q1",
        "netincomeloss": 12865000,
        "othercomprehensiveincomeforeigncurrencytransactionandtranslationadjustmentnetoftaxportionattributabletoparent": -2342000,
        "othercomprehensiveincomelossnetoftaxportionattributabletoparent": -2342000,
        "comprehensiveincomenetoftax": 10523000,
        "revenuefromcontractwithcustomerexcludingassessedtax": 144357000,
        "costofgoodsandserviceexcludingdepreciationdepletionandamortization": 16706000,
        "costofgoodsandservicessoldamortization": 3826000,
        "costofgoodsandservicessold": 28542000,
        "grossprofit": 126966000,
        "researchanddevelopmentexpense": 23505000,
        "sellingandmarketingexpense": 49163000,
        "generalandadministrativeexpense": 21527000,
        "amortizationofotherintangibleassets": 8686000,
        "restructuringsettlementandimpairmentprovisions": -21000,
        "operatingexpenses": 102860000,
        "operatingincomeloss": 24106000,
        "interestanddebtexpense": 4113000,
        "othernonoperatingincomeexpense": 19000,
        "incomelossfromcontinuingoperationsbeforeincometaxesminorityinterestandincomelossfromequitymethodinvestments": 20012000,
        "incometaxexpensebenefit": 7147000,
        "earningspersharebasic": 0.05,
        "earningspersharediluted": 0.05,
        "weightedaveragenumberofsharesoutstandingbasic": 279069000,
        "weightedaveragenumberofdilutedsharesoutstanding": 284309000
    },
    {
        "date": "2020-03-30",
        "symbol": "DT",
        "period": "Q4",
        "netincomeloss": 46702000,
        "othercomprehensiveincomeforeigncurrencytransactionandtranslationadjustmentnetoftaxportionattributabletoparent": 2817000,
        "othercomprehensiveincomelossnetoftaxportionattributabletoparent": 2817000,
        "comprehensiveincomenetoftax": 49519000,
        "revenuefromcontractwithcustomerexcludingassessedtax": 135366000,
        "costofgoodsandserviceexcludingdepreciationdepletionandamortization": 17263000,
        "costofgoodsandservicessoldamortization": 3825000,
        "costofgoodsandservicessold": 31137000,
        "grossprofit": 119440000,
        "researchanddevelopmentexpense": 24509000,
        "sellingandmarketingexpense": 55594000,
        "generalandadministrativeexpense": 21265000,
        "amortizationofotherintangibleassets": 10038000,
        "restructuringsettlementandimpairmentprovisions": -1000,
        "operatingexpenses": 111405000,
        "operatingincomeloss": 8035000,
        "interestanddebtexpense": 5682000,
        "othernonoperatingincomeexpense": -1504000,
        "incomelossfromcontinuingoperationsbeforeincometaxesminorityinterestandincomelossfromequitymethodinvestments": 849000,
        "incometaxexpensebenefit": -45853000
    },
    {
        "date": "2019-12-30",
        "symbol": "DT",
        "period": "Q3",
        "netincomeloss": 1763000,
        "othercomprehensiveincomeforeigncurrencytransactionandtranslationadjustmentnetoftaxportionattributabletoparent": -2363000,
        "othercomprehensiveincomelossnetoftaxportionattributabletoparent": -2363000,
        "comprehensiveincomenetoftax": -600000,
        "revenuefromcontractwithcustomerexcludingassessedtax": 128518000,
        "costofgoodsandserviceexcludingdepreciationdepletionandamortization": 16297000,
        "costofgoodsandservicessoldamortization": 3824000,
        "costofgoodsandservicessold": 28705000,
        "grossprofit": 114593000,
        "researchanddevelopmentexpense": 22517000,
        "sellingandmarketingexpense": 52400000,
        "generalandadministrativeexpense": 21883000,
        "amortizationofotherintangibleassets": 10039000,
        "restructuringsettlementandimpairmentprovisions": 199000,
        "operatingexpenses": 107038000,
        "operatingincomeloss": 7555000,
        "interestanddebtexpense": 5995000,
        "othernonoperatingincomeexpense": 67000,
        "incomelossfromcontinuingoperationsbeforeincometaxesminorityinterestandincomelossfromequitymethodinvestments": 1627000,
        "incometaxexpensebenefit": -136000
    },
    {
        "date": "2019-09-29",
        "symbol": "DT",
        "period": "Q2",
        "netincomeloss": -417334000,
        "othercomprehensiveincomeforeigncurrencytransactionandtranslationadjustmentnetoftaxportionattributabletoparent": 2691000,
        "othercomprehensiveincomelosschangeinownershipinterestinsubsidiarynetoftax": 6623000,
        "othercomprehensiveincomelossnetoftaxportionattributabletoparent": 9314000,
        "comprehensiveincomenetoftax": -408020000,
        "revenuefromcontractwithcustomerexcludingassessedtax": 115805000,
        "costofgoodsandserviceexcludingdepreciationdepletionandamortization": 23456000,
        "costofgoodsandservicessoldamortization": 4243000,
        "costofgoodsandservicessold": 39546000,
        "grossprofit": 89832000,
        "researchanddevelopmentexpense": 46596000,
        "sellingandmarketingexpense": 99966000,
        "generalandadministrativeexpense": 86953000,
        "amortizationofotherintangibleassets": 10061000,
        "restructuringsettlementandimpairmentprovisions": 779000,
        "operatingexpenses": 244355000,
        "operatingincomeloss": -154523000,
        "interestanddebtexpense": 14534000,
        "othernonoperatingincomeexpense": 146000,
        "incomelossfromcontinuingoperationsbeforeincometaxesminorityinterestandincomelossfromequitymethodinvestments": -168911000,
        "incometaxexpensebenefit": 248423000,
        "netincomelossperoutstandinglimitedpartnershipandgeneralpartnershipunitbasicanddiluted": -1.58,
        "weightedaveragenumberoflimitedpartnershipandgeneralpartnershipunitoutstandingbasicanddiluted": 264127000
    },
    {
        "date": "2019-06-29",
        "symbol": "DT",
        "period": "Q1",
        "netincomeloss": -49155000,
        "othercomprehensiveincomeforeigncurrencytransactionandtranslationadjustmentnetoftaxportionattributabletoparent": 1837000,
        "othercomprehensiveincomelossnetoftaxportionattributabletoparent": 1837000,
        "comprehensiveincomenetoftax": -47318000,
        "revenuefromcontractwithcustomerexcludingassessedtax": 108128000,
        "costofgoodsandserviceexcludingdepreciationdepletionandamortization": 16177000,
        "costofgoodsandservicessoldamortization": 4557000,
        "costofgoodsandservicessold": 29543000,
        "grossprofit": 93007000,
        "researchanddevelopmentexpense": 25659000,
        "sellingandmarketingexpense": 58215000,
        "generalandadministrativeexpense": 31882000,
        "amortizationofotherintangibleassets": 10142000,
        "restructuringsettlementandimpairmentprovisions": 115000,
        "operatingexpenses": 126013000,
        "operatingincomeloss": -33006000,
        "interestanddebtexpense": 19186000,
        "othernonoperatingincomeexpense": 94000,
        "incomelossfromcontinuingoperationsbeforeincometaxesminorityinterestandincomelossfromequitymethodinvestments": -52098000,
        "incometaxexpensebenefit": -2943000,
        "netincomelossperoutstandinglimitedpartnershipandgeneralpartnershipunitbasicanddiluted": -0.21,
        "weightedaveragenumberoflimitedpartnershipandgeneralpartnershipunitoutstandingbasicanddiluted": 237693127
    }
]