[
    {
        "date": "2024-09-29",
        "symbol": "MSTR",
        "period": "Q3",
        "revenuefromcontractwithcustomerexcludingassessedtax": 116071000,
        "costofgoodsandservicessold": 34349000,
        "grossprofit": 81722000,
        "sellingandmarketingexpense": 35414000,
        "researchanddevelopmentexpense": 33301000,
        "generalandadministrativeexpense": 33505000,
        "impairmentofintangibleassetsnetgainsonsale": 412084000,
        "operatingexpenses": 514304000,
        "operatingincomeloss": -432582000,
        "interestincomeexpensenonoperatingnet": -18129000,
        "gainslossesonextinguishmentofdebt": 22900000,
        "othernonoperatingincomeexpense": -5034000,
        "incomelossfromcontinuingoperationsbeforeincometaxesextraordinaryitemsnoncontrollinginterest": -478678000,
        "incometaxexpensebenefit": -138504000,
        "netincomeloss": -340174000,
        "earningspersharebasic": -1.72,
        "weightedaveragenumberofsharesoutstandingbasic": 197273000,
        "earningspersharediluted": -1.72,
        "weightedaveragenumberofdilutedsharesoutstanding": 197273000,
        "othercomprehensiveincomeforeigncurrencytransactionandtranslationgainlossarisingduringperiodnetoftax": 3970000,
        "othercomprehensiveincomelossnetoftax": 3970000,
        "comprehensiveincomenetoftax": -336204000
    },
    {
        "date": "2024-03-30",
        "symbol": "MSTR",
        "period": "Q1",
        "revenuefromcontractwithcustomerexcludingassessedtax": 12938000,
        "costofgoodsandservicessold": 567000,
        "grossprofit": 85231000,
        "sellingandmarketingexpense": 33451000,
        "researchanddevelopmentexpense": 29183000,
        "generalandadministrativeexpense": 34666000,
        "impairmentofintangibleassetsnetgainsonsale": 191633000,
        "operatingexpenses": 288933000,
        "operatingincomeloss": -203702000,
        "interestincomeexpensenonoperatingnet": -11881000,
        "othernonoperatingincomeexpense": 1696000,
        "incomelossfromcontinuingoperationsbeforeincometaxesextraordinaryitemsnoncontrollinginterest": -213887000,
        "incometaxexpensebenefit": -160769000,
        "netincomeloss": -53118000,
        "earningspersharebasic": -3.09,
        "weightedaveragenumberofsharesoutstandingbasic": 17194000,
        "earningspersharediluted": -3.09,
        "weightedaveragenumberofdilutedsharesoutstanding": 17194000,
        "othercomprehensiveincomeforeigncurrencytransactionandtranslationgainlossarisingduringperiodnetoftax": -1725000,
        "othercomprehensiveincomelossnetoftax": -1725000,
        "comprehensiveincomenetoftax": -54843000
    },
    {
        "date": "2023-12-30",
        "symbol": "MSTR",
        "period": "Q4",
        "revenuefromcontractwithcustomerexcludingassessedtax": 18372000,
        "costofgoodsandservicessold": 609000,
        "grossprofit": 96263000,
        "sellingandmarketingexpense": 40299000,
        "researchanddevelopmentexpense": 30158000,
        "generalandadministrativeexpense": 29353000,
        "operatingexpenses": 139048000,
        "operatingincomeloss": -42785000,
        "interestincomeexpensenonoperatingnet": -11929000,
        "gainslossesonextinguishmentofdebt": 0,
        "othernonoperatingincomeexpense": -5930000,
        "incomelossfromcontinuingoperationsbeforeincometaxesextraordinaryitemsnoncontrollinginterest": -60644000,
        "incometaxexpensebenefit": -149770000,
        "netincomeloss": 89126000,
        "earningspersharebasic": 2.240000000000002,
        "weightedaveragenumberofsharesoutstandingbasic": 13671000,
        "earningspersharediluted": 2.549999999999997,
        "weightedaveragenumberofdilutedsharesoutstanding": 16566000,
        "othercomprehensiveincomeforeigncurrencytransactionandtranslationgainlossarisingduringperiodnetoftax": 3911000,
        "othercomprehensiveincomelossnetoftax": 3911000,
        "comprehensiveincomenetoftax": 93037000
    },
    {
        "date": "2023-09-29",
        "symbol": "MSTR",
        "period": "Q3",
        "revenuefromcontractwithcustomerexcludingassessedtax": 128548000,
        "costofgoodsandservicessold": 27749000,
        "grossprofit": 18915000,
        "sellingandmarketingexpense": 35606000,
        "researchanddevelopmentexpense": 29660000,
        "generalandadministrativeexpense": 29223000,
        "impairmentofintangibleassetsexcludinggoodwill": 33559000,
        "operatingexpenses": 128048000,
        "operatingincomeloss": -25247000,
        "interestincomeexpensenonoperatingnet": -11006000,
        "gainslossesonextinguishmentofdebt": 14000,
        "othernonoperatingincomeexpense": 2419000,
        "incomelossfromcontinuingoperationsbeforeincometaxesextraordinaryitemsnoncontrollinginterest": -33834000,
        "incometaxexpensebenefit": 109607000,
        "netincomeloss": -143441000,
        "earningspersharebasic": -12.030000000000001,
        "weightedaveragenumberofsharesoutstandingbasic": -9944000,
        "earningspersharediluted": -9.690000000000001,
        "weightedaveragenumberofdilutedsharesoutstanding": -13864000,
        "othercomprehensiveincomeforeigncurrencytransactionandtranslationgainlossarisingduringperiodnetoftax": -2205000,
        "othercomprehensiveincomelossnetoftax": -2205000,
        "comprehensiveincomenetoftax": -145646000
    },
    {
        "date": "2023-06-29",
        "symbol": "MSTR",
        "period": "Q2",
        "revenuefromcontractwithcustomerexcludingassessedtax": -88981000,
        "costofgoodsandservicessold": -26963000,
        "grossprofit": 177165000,
        "sellingandmarketingexpense": 37660000,
        "researchanddevelopmentexpense": 29354000,
        "generalandadministrativeexpense": 28830000,
        "impairmentofintangibleassetsexcludinggoodwill": 24143000,
        "operatingexpenses": 119987000,
        "operatingincomeloss": -26708000,
        "interestincomeexpensenonoperatingnet": -11095000,
        "gainslossesonextinguishmentofdebt": -14000,
        "othernonoperatingincomeexpense": -250000,
        "incomelossfromcontinuingoperationsbeforeincometaxesextraordinaryitemsnoncontrollinginterest": -38053000,
        "incometaxexpensebenefit": -60296000,
        "netincomeloss": 22243000,
        "earningspersharebasic": 2.210000000000001,
        "weightedaveragenumberofsharesoutstandingbasic": 9775000,
        "earningspersharediluted": 1.7700000000000031,
        "weightedaveragenumberofdilutedsharesoutstanding": 13801000,
        "othercomprehensiveincomeforeigncurrencytransactionandtranslationgainlossarisingduringperiodnetoftax": -87000,
        "othercomprehensiveincomelossnetoftax": -87000,
        "comprehensiveincomenetoftax": 22156000
    },
    {
        "date": "2023-03-30",
        "symbol": "MSTR",
        "period": "Q1",
        "revenuefromcontractwithcustomerexcludingassessedtax": 17412000,
        "costofgoodsandservicessold": 534000,
        "grossprofit": 93974000,
        "sellingandmarketingexpense": 36106000,
        "researchanddevelopmentexpense": 31358000,
        "generalandadministrativeexpense": 27906000,
        "impairmentofintangibleassetsexcludinggoodwill": 18911000,
        "operatingexpenses": 114281000,
        "operatingincomeloss": -20307000,
        "interestincomeexpensenonoperatingnet": -14930000,
        "gainslossesonextinguishmentofdebt": 44686000,
        "othernonoperatingincomeexpense": -1443000,
        "incomelossfromcontinuingoperationsbeforeincometaxesextraordinaryitemsnoncontrollinginterest": 8006000,
        "incometaxexpensebenefit": -453187000,
        "netincomeloss": 461193000,
        "earningspersharebasic": 38.97,
        "weightedaveragenumberofsharesoutstandingbasic": 11834000,
        "earningspersharediluted": 31.79,
        "weightedaveragenumberofdilutedsharesoutstanding": 14575000,
        "othercomprehensiveincomeforeigncurrencytransactionandtranslationgainlossarisingduringperiodnetoftax": 738000,
        "othercomprehensiveincomelossnetoftax": 738000,
        "comprehensiveincomenetoftax": 461931000
    },
    {
        "date": "2022-12-30",
        "symbol": "MSTR",
        "period": "Q4",
        "revenuefromcontractwithcustomerexcludingassessedtax": 27570000,
        "costofgoodsandservicessold": 358000,
        "grossprofit": 105831000,
        "sellingandmarketingexpense": 41371000,
        "researchanddevelopmentexpense": 31617000,
        "generalandadministrativeexpense": 28930000,
        "operatingexpenses": 299548000,
        "operatingincomeloss": -193717000,
        "interestincomeexpensenonoperatingnet": -14837000,
        "othernonoperatingincomeexpense": -5829000,
        "incomelossfromcontinuingoperationsbeforeincometaxesextraordinaryitemsnoncontrollinginterest": -214383000,
        "incometaxexpensebenefit": 35286000,
        "netincomeloss": -249669000,
        "earningspersharebasic": -21.85000000000001,
        "weightedaveragenumberofsharesoutstandingbasic": -22576000,
        "earningspersharediluted": -21.85000000000001,
        "weightedaveragenumberofdilutedsharesoutstanding": -22576000,
        "othercomprehensiveincomeforeigncurrencytransactionandtranslationgainlossarisingduringperiodnetoftax": 4378000,
        "othercomprehensiveincomelossnetoftax": 4378000,
        "comprehensiveincomenetoftax": -245291000
    },
    {
        "date": "2022-09-29",
        "symbol": "MSTR",
        "period": "Q3",
        "revenuefromcontractwithcustomerexcludingassessedtax": 22286000,
        "costofgoodsandservicessold": 406000,
        "grossprofit": 99975000,
        "sellingandmarketingexpense": 35409000,
        "researchanddevelopmentexpense": 30498000,
        "generalandadministrativeexpense": 27283000,
        "impairmentofintangibleassetsexcludinggoodwill": 727000,
        "operatingexpenses": 93917000,
        "operatingincomeloss": 6058000,
        "interestincomeexpensenonoperatingnet": -14073000,
        "othernonoperatingincomeexpense": 4897000,
        "incomelossfromcontinuingoperationsbeforeincometaxesextraordinaryitemsnoncontrollinginterest": -3118000,
        "incometaxexpensebenefit": 23961000,
        "netincomeloss": -27079000,
        "earningspersharebasic": -2.39,
        "weightedaveragenumberofsharesoutstandingbasic": 11308000,
        "earningspersharediluted": -2.39,
        "weightedaveragenumberofdilutedsharesoutstanding": 11308000,
        "othercomprehensiveincomeforeigncurrencytransactionandtranslationgainlossarisingduringperiodnetoftax": -4514000,
        "othercomprehensiveincomelossnetoftax": -4514000,
        "comprehensiveincomenetoftax": -31593000
    },
    {
        "date": "2022-06-29",
        "symbol": "MSTR",
        "period": "Q2",
        "revenuefromcontractwithcustomerexcludingassessedtax": 20129000,
        "costofgoodsandservicessold": 431000,
        "grossprofit": 96869000,
        "sellingandmarketingexpense": 36862000,
        "researchanddevelopmentexpense": 31790000,
        "generalandadministrativeexpense": 28502000,
        "impairmentofintangibleassetsexcludinggoodwill": 917838000,
        "operatingexpenses": 1014992000,
        "operatingincomeloss": -918123000,
        "interestincomeexpensenonoperatingnet": -13187000,
        "othernonoperatingincomeexpense": 5120000,
        "incomelossfromcontinuingoperationsbeforeincometaxesextraordinaryitemsnoncontrollinginterest": -926190000,
        "incometaxexpensebenefit": 136108000,
        "netincomeloss": -1062298000,
        "earningspersharebasic": -94.01,
        "weightedaveragenumberofsharesoutstandingbasic": 11300000,
        "earningspersharediluted": -94.01,
        "weightedaveragenumberofdilutedsharesoutstanding": 11300000,
        "othercomprehensiveincomeforeigncurrencytransactionandtranslationgainlossarisingduringperiodnetoftax": -4113000,
        "othercomprehensiveincomelossnetoftax": -4113000,
        "comprehensiveincomenetoftax": -1066411000
    },
    {
        "date": "2022-03-30",
        "symbol": "MSTR",
        "period": "Q1",
        "revenuefromcontractwithcustomerexcludingassessedtax": 16513000,
        "costofgoodsandservicessold": 477000,
        "grossprofit": 93600000,
        "sellingandmarketingexpense": 33240000,
        "researchanddevelopmentexpense": 33523000,
        "generalandadministrativeexpense": 26706000,
        "impairmentofintangibleassetsexcludinggoodwill": 170091000,
        "operatingexpenses": 263560000,
        "operatingincomeloss": -169960000,
        "interestincomeexpensenonoperatingnet": -11039000,
        "othernonoperatingincomeexpense": 2225000,
        "incomelossfromcontinuingoperationsbeforeincometaxesextraordinaryitemsnoncontrollinginterest": -178774000,
        "incometaxexpensebenefit": -48023000,
        "netincomeloss": -130751000,
        "earningspersharebasic": -11.58,
        "weightedaveragenumberofsharesoutstandingbasic": 11289000,
        "earningspersharediluted": -11.58,
        "weightedaveragenumberofdilutedsharesoutstanding": 11289000,
        "othercomprehensiveincomeforeigncurrencytransactionandtranslationgainlossarisingduringperiodnetoftax": -2009000,
        "othercomprehensiveincomelossnetoftax": -2009000,
        "comprehensiveincomenetoftax": -132760000
    },
    {
        "date": "2021-12-30",
        "symbol": "MSTR",
        "period": "Q4",
        "revenuefromcontractwithcustomerexcludingassessedtax": 32543000,
        "costofgoodsandservicessold": 431000,
        "grossprofit": 110512000,
        "sellingandmarketingexpense": 43413000,
        "researchanddevelopmentexpense": 30875000,
        "generalandadministrativeexpense": 27104000,
        "impairmentofintangibleassetsexcludinggoodwill": 146587000,
        "operatingexpenses": 247979000,
        "operatingincomeloss": -137467000,
        "interestincomeexpensenonoperatingnet": -11629000,
        "othernonoperatingincomeexpense": 656000,
        "incomelossfromcontinuingoperationsbeforeincometaxesextraordinaryitemsnoncontrollinginterest": -148440000,
        "incometaxexpensebenefit": -58463000,
        "netincomeloss": -89977000,
        "earningspersharebasic": -7.719999999999997,
        "weightedaveragenumberofsharesoutstandingbasic": -19372000,
        "earningspersharediluted": -7.719999999999997,
        "weightedaveragenumberofdilutedsharesoutstanding": -19372000,
        "othercomprehensiveincomeforeigncurrencytransactionandtranslationgainlossarisingduringperiodnetoftax": -762000,
        "othercomprehensiveincomelossnetoftax": -762000,
        "comprehensiveincomenetoftax": -90739000
    },
    {
        "date": "2021-09-29",
        "symbol": "MSTR",
        "period": "Q3",
        "revenuefromcontractwithcustomerexcludingassessedtax": 25830000,
        "costofgoodsandservicessold": 383000,
        "grossprofit": 105675000,
        "sellingandmarketingexpense": 38209000,
        "researchanddevelopmentexpense": 28211000,
        "generalandadministrativeexpense": 23751000,
        "impairmentofintangibleassetsexcludinggoodwill": 65165000,
        "operatingexpenses": 155336000,
        "operatingincomeloss": -49661000,
        "interestincomeexpensenonoperatingnet": -10723000,
        "othernonoperatingincomeexpense": 1264000,
        "incomelossfromcontinuingoperationsbeforeincometaxesextraordinaryitemsnoncontrollinginterest": -59120000,
        "incometaxexpensebenefit": -22984000,
        "netincomeloss": -36136000,
        "earningspersharebasic": -3.61,
        "weightedaveragenumberofsharesoutstandingbasic": 9999000,
        "earningspersharediluted": -3.61,
        "weightedaveragenumberofdilutedsharesoutstanding": 9999000,
        "othercomprehensiveincomeforeigncurrencytransactionandtranslationgainlossarisingduringperiodnetoftax": -1457000,
        "othercomprehensiveincomelossnetoftax": -1457000,
        "comprehensiveincomenetoftax": -37593000
    },
    {
        "date": "2021-06-29",
        "symbol": "MSTR",
        "period": "Q2",
        "revenuefromcontractwithcustomerexcludingassessedtax": 22151000,
        "costofgoodsandservicessold": 419000,
        "grossprofit": 102313000,
        "sellingandmarketingexpense": 40321000,
        "researchanddevelopmentexpense": 28548000,
        "generalandadministrativeexpense": 22917000,
        "impairmentofintangibleassetsexcludinggoodwill": 424774000,
        "operatingexpenses": 516560000,
        "operatingincomeloss": -414247000,
        "interestincomeexpensenonoperatingnet": -4401000,
        "othernonoperatingincomeexpense": -897000,
        "incomelossfromcontinuingoperationsbeforeincometaxesextraordinaryitemsnoncontrollinginterest": -419545000,
        "incometaxexpensebenefit": -120198000,
        "netincomeloss": -299347000,
        "earningspersharebasic": -30.71,
        "weightedaveragenumberofsharesoutstandingbasic": 9746000,
        "earningspersharediluted": -30.71,
        "weightedaveragenumberofdilutedsharesoutstanding": 9746000,
        "othercomprehensiveincomeforeigncurrencytransactionandtranslationgainlossarisingduringperiodnetoftax": 397000,
        "othercomprehensiveincomelossnetoftax": 397000,
        "comprehensiveincomenetoftax": -298950000
    },
    {
        "date": "2021-03-30",
        "symbol": "MSTR",
        "period": "Q1",
        "revenuefromcontractwithcustomerexcludingassessedtax": 21280000,
        "costofgoodsandservicessold": 488000,
        "grossprofit": 100353000,
        "sellingandmarketingexpense": 38198000,
        "researchanddevelopmentexpense": 29483000,
        "generalandadministrativeexpense": 21729000,
        "impairmentofintangibleassetsexcludinggoodwill": 194095000,
        "operatingexpenses": 283505000,
        "operatingincomeloss": -183152000,
        "interestincomeexpensenonoperatingnet": -2396000,
        "othernonoperatingincomeexpense": 1264000,
        "incomelossfromcontinuingoperationsbeforeincometaxesextraordinaryitemsnoncontrollinginterest": -184284000,
        "incometaxexpensebenefit": -74264000,
        "netincomeloss": -110020000,
        "earningspersharebasic": -11.4,
        "weightedaveragenumberofsharesoutstandingbasic": 9647000,
        "earningspersharediluted": -11.4,
        "weightedaveragenumberofdilutedsharesoutstanding": 9647000,
        "othercomprehensiveincomeforeigncurrencytransactionandtranslationgainlossarisingduringperiodnetoftax": -1836000,
        "othercomprehensiveincomelossnetoftax": -1836000,
        "comprehensiveincomenetoftax": -111856000
    },
    {
        "date": "2020-12-30",
        "symbol": "MSTR",
        "period": "Q4",
        "revenuefromcontractwithcustomerexcludingassessedtax": -69070000,
        "costofgoodsandservicessold": -23311000,
        "grossprofit": 189152000,
        "sellingandmarketingexpense": 39111000,
        "researchanddevelopmentexpense": 24955000,
        "generalandadministrativeexpense": 19622000,
        "operatingexpenses": 110144000,
        "operatingincomeloss": 390000,
        "interestincomeexpensenonoperatingnet": -1917000,
        "othernonoperatingincomeexpense": -2506000,
        "incomelossfromcontinuingoperationsbeforeincometaxesextraordinaryitemsnoncontrollinginterest": -4033000,
        "incometaxexpensebenefit": -6694000,
        "netincomeloss": 2661000,
        "earningspersharebasic": 0.27999999999999997,
        "weightedaveragenumberofsharesoutstandingbasic": -19647000,
        "earningspersharediluted": 0.27999999999999997,
        "weightedaveragenumberofdilutedsharesoutstanding": -19704000,
        "othercomprehensiveincomeforeigncurrencytransactionandtranslationgainlossarisingduringperiodnetoftax": 3015000,
        "othercomprehensiveincomelossnetoftax": 3015000,
        "comprehensiveincomenetoftax": 5676000
    },
    {
        "date": "2020-09-29",
        "symbol": "MSTR",
        "period": "Q3",
        "revenuefromcontractwithcustomerexcludingassessedtax": 29573000,
        "costofgoodsandservicessold": 545000,
        "grossprofit": 105672000,
        "sellingandmarketingexpense": 35330000,
        "researchanddevelopmentexpense": 26638000,
        "generalandadministrativeexpense": 19733000,
        "impairmentofintangibleassetsexcludinggoodwill": 44242000,
        "operatingexpenses": 125943000,
        "operatingincomeloss": -20271000,
        "interestincomeexpensenonoperatingnet": 209000,
        "othernonoperatingincomeexpense": -2971000,
        "incomelossfromcontinuingoperationsbeforeincometaxesextraordinaryitemsnoncontrollinginterest": -23033000,
        "incometaxexpensebenefit": -8804000,
        "netincomeloss": -14229000,
        "earningspersharebasic": -1.48,
        "weightedaveragenumberofsharesoutstandingbasic": 9616000,
        "earningspersharediluted": -1.48,
        "weightedaveragenumberofdilutedsharesoutstanding": 9616000,
        "othercomprehensiveincomeforeigncurrencytransactionandtranslationgainlossarisingduringperiodnetoftax": 2612000,
        "othercomprehensiveincomeunrealizedholdinggainlossonsecuritiesarisingduringperiodnetoftax": -325000,
        "othercomprehensiveincomelossnetoftax": 2287000,
        "comprehensiveincomenetoftax": -11942000
    },
    {
        "date": "2020-06-29",
        "symbol": "MSTR",
        "period": "Q2",
        "revenuefromcontractwithcustomerexcludingassessedtax": 14816000,
        "costofgoodsandservicessold": 514000,
        "grossprofit": 86595000,
        "sellingandmarketingexpense": 34951000,
        "researchanddevelopmentexpense": 25867000,
        "generalandadministrativeexpense": 19449000,
        "operatingexpenses": 80267000,
        "operatingincomeloss": 6328000,
        "interestincomeexpensenonoperatingnet": 563000,
        "othernonoperatingincomeexpense": -1995000,
        "incomelossfromcontinuingoperationsbeforeincometaxesextraordinaryitemsnoncontrollinginterest": 4896000,
        "incometaxexpensebenefit": 1509000,
        "netincomeloss": 3387000,
        "earningspersharebasic": 0.35,
        "weightedaveragenumberofsharesoutstandingbasic": 9739000,
        "earningspersharediluted": 0.35,
        "weightedaveragenumberofdilutedsharesoutstanding": 9741000,
        "othercomprehensiveincomeforeigncurrencytransactionandtranslationgainlossarisingduringperiodnetoftax": 1457000,
        "othercomprehensiveincomeunrealizedholdinggainlossonsecuritiesarisingduringperiodnetoftax": -446000,
        "othercomprehensiveincomelossnetoftax": 1011000,
        "comprehensiveincomenetoftax": 4398000
    },
    {
        "date": "2020-03-30",
        "symbol": "MSTR",
        "period": "Q1",
        "revenuefromcontractwithcustomerexcludingassessedtax": 111424000,
        "costofgoodsandservicessold": 24545000,
        "grossprofit": 8261000,
        "sellingandmarketingexpense": 39518000,
        "researchanddevelopmentexpense": 26101000,
        "generalandadministrativeexpense": 21332000,
        "operatingexpenses": 86951000,
        "operatingincomeloss": -72000,
        "interestincomeexpensenonoperatingnet": 1855000,
        "othernonoperatingincomeexpense": 434000,
        "incomelossfromcontinuingoperationsbeforeincometaxesextraordinaryitemsnoncontrollinginterest": 2217000,
        "incometaxexpensebenefit": 1560000,
        "netincomeloss": 657000,
        "earningspersharebasic": 0.07,
        "weightedaveragenumberofsharesoutstandingbasic": 9976000,
        "earningspersharediluted": 0.07,
        "weightedaveragenumberofdilutedsharesoutstanding": 10031000,
        "othercomprehensiveincomeforeigncurrencytransactionandtranslationgainlossarisingduringperiodnetoftax": -1171000,
        "unrealizedgainlossoninvestments": 624000,
        "othercomprehensiveincomelossnetoftax": -547000,
        "comprehensiveincomenetoftax": 110000
    },
    {
        "date": "2019-12-30",
        "symbol": "MSTR",
        "period": "Q4",
        "revenuefromcontractwithcustomerexcludingassessedtax": 133531000,
        "costofgoodsandservicessold": 24636000,
        "grossprofit": 14049000,
        "sellingandmarketingexpense": 50267000,
        "researchanddevelopmentexpense": 25987000,
        "generalandadministrativeexpense": 23013000,
        "operatingexpenses": 99267000,
        "operatingincomeloss": 9628000,
        "interestincomeexpensenonoperatingnet": 2389000,
        "othernonoperatingincomeexpense": -2361000,
        "incomelossfromcontinuingoperationsbeforeincometaxesextraordinaryitemsnoncontrollinginterest": 9656000,
        "incometaxexpensebenefit": 1681000,
        "netincomeloss": 12167000,
        "earningspersharebasic": 1.1800000000000004,
        "weightedaveragenumberofsharesoutstandingbasic": -28784000,
        "earningspersharediluted": 1.1800000000000002,
        "weightedaveragenumberofdilutedsharesoutstanding": -20619000,
        "othercomprehensiveincomeforeigncurrencytransactionandtranslationgainlossarisingduringperiodnetoftax": 1911000,
        "unrealizedgainlossoninvestments": 112000,
        "othercomprehensiveincomelossnetoftax": 2023000,
        "comprehensiveincomenetoftax": 14190000
    },
    {
        "date": "2019-09-29",
        "symbol": "MSTR",
        "period": "Q3",
        "revenuefromcontractwithcustomerexcludingassessedtax": 18972000,
        "costofgoodsandservicessold": 526000,
        "grossprofit": 95878000,
        "sellingandmarketingexpense": 43935000,
        "researchanddevelopmentexpense": 27457000,
        "generalandadministrativeexpense": 19900000,
        "operatingexpenses": 91292000,
        "operatingincomeloss": 4586000,
        "interestincomeexpensenonoperatingnet": 2941000,
        "othernonoperatingincomeexpense": 1882000,
        "incomelossfromcontinuingoperationsbeforeincometaxesextraordinaryitemsnoncontrollinginterest": 9409000,
        "incometaxexpensebenefit": -291000,
        "netincomeloss": 9700000,
        "earningspersharebasic": 0.95,
        "weightedaveragenumberofsharesoutstandingbasic": 10251000,
        "earningspersharediluted": 0.94,
        "weightedaveragenumberofdilutedsharesoutstanding": 10309000,
        "othercomprehensiveincomeforeigncurrencytransactionandtranslationgainlossarisingduringperiodnetoftax": -2182000,
        "unrealizedgainlossoninvestments": -182000,
        "othercomprehensiveincomelossnetoftax": -2364000,
        "comprehensiveincomenetoftax": 7336000
    },
    {
        "date": "2019-06-29",
        "symbol": "MSTR",
        "period": "Q2",
        "revenuefromcontractwithcustomerexcludingassessedtax": 20121000,
        "costofgoodsandservicessold": 552000,
        "grossprofit": 92387000,
        "sellingandmarketingexpense": 48273000,
        "researchanddevelopmentexpense": 27764000,
        "generalandadministrativeexpense": 21180000,
        "operatingexpenses": 97217000,
        "operatingincomeloss": -4830000,
        "interestincomeexpensenonoperatingnet": 3013000,
        "othernonoperatingincomeexpense": 29431000,
        "incomelossfromcontinuingoperationsbeforeincometaxesextraordinaryitemsnoncontrollinginterest": 27614000,
        "incometaxexpensebenefit": 7220000,
        "netincomeloss": 20394000,
        "earningspersharebasic": 1.99,
        "weightedaveragenumberofsharesoutstandingbasic": 10240000,
        "earningspersharediluted": 1.98,
        "weightedaveragenumberofdilutedsharesoutstanding": 10310000,
        "othercomprehensiveincomeforeigncurrencytransactionandtranslationgainlossarisingduringperiodnetoftax": 422000,
        "unrealizedgainlossoninvestments": 232000,
        "othercomprehensiveincomelossnetoftax": 654000,
        "comprehensiveincomenetoftax": 21048000
    },
    {
        "date": "2019-03-30",
        "symbol": "MSTR",
        "period": "Q1",
        "revenuefromcontractwithcustomerexcludingassessedtax": 115366000,
        "costofgoodsandservicessold": 26173000,
        "grossprofit": 10131000,
        "sellingandmarketingexpense": 48760000,
        "researchanddevelopmentexpense": 28215000,
        "generalandadministrativeexpense": 22604000,
        "operatingexpenses": 99579000,
        "operatingincomeloss": -10386000,
        "interestincomeexpensenonoperatingnet": 2566000,
        "othernonoperatingincomeexpense": -596000,
        "incomelossfromcontinuingoperationsbeforeincometaxesextraordinaryitemsnoncontrollinginterest": -8416000,
        "incometaxexpensebenefit": -510000,
        "netincomeloss": -7906000,
        "earningspersharebasic": -0.77,
        "weightedaveragenumberofsharesoutstandingbasic": 10328000,
        "earningspersharediluted": -0.77,
        "weightedaveragenumberofdilutedsharesoutstanding": 10328000,
        "othercomprehensiveincomeforeigncurrencytransactionandtranslationgainlossarisingduringperiodnetoftax": -162000,
        "unrealizedgainlossoninvestments": 415000,
        "othercomprehensiveincomelossnetoftax": 253000,
        "comprehensiveincomenetoftax": -7653000
    },
    {
        "date": "2018-09-29",
        "symbol": "MSTR",
        "period": "Q3",
        "revenuefromcontractwithcustomerexcludingassessedtax": 122152000,
        "costofgoodsandservicessold": 23389000,
        "grossprofit": 11435000,
        "sellingandmarketingexpense": 45429000,
        "researchanddevelopmentexpense": 25829000,
        "generalandadministrativeexpense": 20285000,
        "operatingexpenses": 91543000,
        "operatingincomeloss": 7220000,
        "interestincomeexpensenonoperatingnet": 3441000,
        "othernonoperatingincomeexpense": 798000,
        "incomelossfromcontinuingoperationsbeforeincometaxesextraordinaryitemsnoncontrollinginterest": 11459000,
        "incometaxexpensebenefit": -1240000,
        "netincomeloss": 12699000,
        "earningspersharebasic": 1.11,
        "weightedaveragenumberofsharesoutstandingbasic": 11467000,
        "earningspersharediluted": 1.1,
        "weightedaveragenumberofdilutedsharesoutstanding": 11538000,
        "othercomprehensiveincomeforeigncurrencytransactionandtranslationgainlossarisingduringperiodnetoftax": -607000,
        "othercomprehensiveincomelossnetoftax": -607000,
        "comprehensiveincomenetoftax": 12092000
    },
    {
        "date": "2018-06-29",
        "symbol": "MSTR",
        "period": "Q2",
        "revenuefromcontractwithcustomerexcludingassessedtax": 120602000,
        "costofgoodsandservicessold": 25040000,
        "grossprofit": 12077000,
        "sellingandmarketingexpense": 50978000,
        "researchanddevelopmentexpense": 25082000,
        "generalandadministrativeexpense": 21299000,
        "operatingexpenses": 97359000,
        "operatingincomeloss": -1797000,
        "interestincomeexpensenonoperatingnet": 3223000,
        "othernonoperatingincomeexpense": 4461000,
        "incomelossfromcontinuingoperationsbeforeincometaxesextraordinaryitemsnoncontrollinginterest": 5887000,
        "incometaxexpensebenefit": 1059000,
        "netincomeloss": 4828000,
        "earningspersharebasic": 0.42,
        "weightedaveragenumberofsharesoutstandingbasic": 11459000,
        "earningspersharediluted": 0.42,
        "weightedaveragenumberofdilutedsharesoutstanding": 11493000,
        "othercomprehensiveincomeforeigncurrencytransactionandtranslationgainlossarisingduringperiodnetoftax": -3892000,
        "othercomprehensiveincomelossnetoftax": -3892000,
        "comprehensiveincomenetoftax": 936000
    },
    {
        "date": "2018-03-30",
        "symbol": "MSTR",
        "period": "Q1",
        "licensesrevenue": 17301000,
        "subscriptionrevenue": 7662000,
        "licensesandsubscriptionrevenue": 24963000,
        "maintenancerevenue": 74415000,
        "technologyservicesrevenue": 23589000,
        "revenues": 12690000,
        "licensecosts": 2211000,
        "costofgoodssoldsubscription": 3249000,
        "licensecostsandcostofgoodssoldsubscriptioncosts": 5460000,
        "costofservicesmaintenancecosts": 4796000,
        "technologyservicescosts": 14929000,
        "costofrevenue": 25185000,
        "grossprofit": 10216000,
        "sellingandmarketingexpense": 51335000,
        "researchanddevelopmentexpense": 23560000,
        "generalandadministrativeexpense": 22172000,
        "operatingexpenses": 97067000,
        "operatingincomeloss": 715000,
        "interestincomeexpensenonoperatingnet": 2034000,
        "othernonoperatingincomeexpense": -1594000,
        "incomelossfromcontinuingoperationsbeforeincometaxesextraordinaryitemsnoncontrollinginterest": 1155000,
        "incometaxexpensebenefit": -518000,
        "netincomeloss": 1673000,
        "earningspersharebasic": 0.15,
        "weightedaveragenumberofsharesoutstandingbasic": 11447000,
        "earningspersharediluted": 0.15,
        "weightedaveragenumberofdilutedsharesoutstanding": 11488000,
        "othercomprehensiveincomeforeigncurrencytransactionandtranslationgainlossarisingduringperiodnetoftax": 1440000,
        "othercomprehensiveincomelossnetoftax": 1440000,
        "comprehensiveincomenetoftax": 3113000
    },
    {
        "date": "2017-09-29",
        "symbol": "MSTR",
        "period": "Q3",
        "licensesrevenue": 21553000,
        "subscriptionrevenue": 7725000,
        "licensesandsubscriptionrevenue": 29278000,
        "maintenancerevenue": 72886000,
        "technologyservicesrevenue": 23048000,
        "revenues": 12755000,
        "licensecosts": 1763000,
        "costofgoodssoldsubscription": 3592000,
        "licensecostsandcostofgoodssoldsubscriptioncosts": 5355000,
        "costofservicesmaintenancecosts": 4218000,
        "technologyservicescosts": 14816000,
        "costofrevenue": 24389000,
        "grossprofit": 10391000,
        "sellingandmarketingexpense": 41806000,
        "researchanddevelopmentexpense": 19360000,
        "generalandadministrativeexpense": 19082000,
        "operatingexpenses": 80248000,
        "operatingincomeloss": 20575000,
        "interestincomeexpensenonoperatingnet": 1449000,
        "othernonoperatingincomeexpense": -1903000,
        "incomelossfromcontinuingoperationsbeforeincometaxesextraordinaryitemsnoncontrollinginterest": 20121000,
        "incometaxexpensebenefit": 2197000,
        "netincomeloss": 17924000,
        "earningspersharebasic": 1.5600000000000003,
        "weightedaveragenumberofsharesoutstandingbasic": 2000,
        "earningspersharediluted": 1.55,
        "othercomprehensiveincomeforeigncurrencytransactionandtranslationgainlossarisingduringperiodnetoftax": 1060000,
        "othercomprehensiveincomelossnetoftax": 1060000,
        "comprehensiveincomenetoftax": 18984000
    },
    {
        "date": "2017-06-29",
        "symbol": "MSTR",
        "period": "Q2",
        "licensesrevenue": 19118000,
        "subscriptionrevenue": 8346000,
        "licensesandsubscriptionrevenue": 27464000,
        "maintenancerevenue": 70766000,
        "technologyservicesrevenue": 22380000,
        "revenues": 12349000,
        "licensecosts": 1747000,
        "costofgoodssoldsubscription": 3400000,
        "licensecostsandcostofgoodssoldsubscriptioncosts": 5147000,
        "costofservicesmaintenancecosts": 4542000,
        "technologyservicescosts": 14686000,
        "costofrevenue": 24375000,
        "grossprofit": 10106000,
        "sellingandmarketingexpense": 41419000,
        "researchanddevelopmentexpense": 19561000,
        "generalandadministrativeexpense": 19582000,
        "operatingexpenses": 80562000,
        "operatingincomeloss": 15673000,
        "interestincomeexpensenonoperatingnet": 1163000,
        "othernonoperatingincomeexpense": -2618000,
        "incomelossfromcontinuingoperationsbeforeincometaxesextraordinaryitemsnoncontrollinginterest": 14218000,
        "incometaxexpensebenefit": 3142000,
        "netincomeloss": 11076000,
        "earningspersharebasic": 0.97,
        "weightedaveragenumberofsharesoutstandingbasic": 2000,
        "earningspersharediluted": 0.9600000000000002,
        "weightedaveragenumberofdilutedsharesoutstanding": 0,
        "othercomprehensiveincomeforeigncurrencytransactionandtranslationgainlossarisingduringperiodnetoftax": 2218000,
        "unrealizedgainlossoninvestments": 0,
        "othercomprehensiveincomelossnetoftax": 2218000,
        "comprehensiveincomenetoftax": 13294000
    },
    {
        "date": "2017-03-30",
        "symbol": "MSTR",
        "period": "Q1",
        "licensesrevenue": 21012000,
        "subscriptionrevenue": 7772000,
        "licensesandsubscriptionrevenue": 28784000,
        "maintenancerevenue": 70490000,
        "technologyservicesrevenue": 21302000,
        "revenues": 13356000,
        "licensecosts": 1672000,
        "costofgoodssoldsubscription": 3039000,
        "licensecostsandcostofgoodssoldsubscriptioncosts": 4711000,
        "costofservicesmaintenancecosts": 4334000,
        "technologyservicescosts": 14087000,
        "costofrevenue": 23132000,
        "grossprofit": 11255000,
        "sellingandmarketingexpense": 39410000,
        "researchanddevelopmentexpense": 18426000,
        "generalandadministrativeexpense": 20257000,
        "operatingexpenses": 78093000,
        "operatingincomeloss": 19351000,
        "interestincomeexpensenonoperatingnet": 837000,
        "othernonoperatingincomeexpense": -1856000,
        "incomelossfromcontinuingoperationsbeforeincometaxesextraordinaryitemsnoncontrollinginterest": 18332000,
        "incometaxexpensebenefit": 3465000,
        "netincomeloss": 14867000,
        "earningspersharebasic": 1.3,
        "weightedaveragenumberofsharesoutstandingbasic": 11439000,
        "earningspersharediluted": 1.28,
        "weightedaveragenumberofdilutedsharesoutstanding": 11593000,
        "othercomprehensiveincomeforeigncurrencytransactionandtranslationgainlossarisingduringperiodnetoftax": 812000,
        "unrealizedgainlossoninvestments": -30000,
        "othercomprehensiveincomelossnetoftax": 782000,
        "comprehensiveincomenetoftax": 15649000
    },
    {
        "date": "2016-09-29",
        "symbol": "MSTR",
        "period": "Q3",
        "licensesrevenue": 29632000,
        "subscriptionrevenue": 7639000,
        "licensesandsubscriptionrevenue": 37271000,
        "maintenancerevenue": 72460000,
        "technologyservicesrevenue": 20165000,
        "revenues": 12747000,
        "licensecosts": 2370000,
        "costofgoodssoldsubscription": 3219000,
        "licensecostsandcostofgoodssoldsubscriptioncosts": 5589000,
        "costofservicesmaintenancecosts": 3959000,
        "technologyservicescosts": 13387000,
        "costofrevenue": 22935000,
        "grossprofit": 10694000,
        "sellingandmarketingexpense": 39169000,
        "researchanddevelopmentexpense": 18069000,
        "generalandadministrativeexpense": 19703000,
        "restructuringcharges": 12000,
        "operatingexpenses": 76953000,
        "operatingincomeloss": 30008000,
        "interestincomeexpensenonoperatingnet": 507000,
        "othernonoperatingincomeexpense": -473000,
        "incomelossfromcontinuingoperationsbeforeincometaxesextraordinaryitemsnoncontrollinginterest": 30042000,
        "incometaxexpensebenefit": 3414000,
        "netincomeloss": 26628000,
        "earningspersharebasic": 2.33,
        "weightedaveragenumberofsharesoutstandingbasic": 11431000,
        "earningspersharediluted": 2.31,
        "weightedaveragenumberofdilutedsharesoutstanding": 11521000,
        "othercomprehensiveincomeforeigncurrencytransactionandtranslationgainlossarisingduringperiodnetoftax": 269000,
        "othercomprehensiveincomelossforeigncurrencytransactionandtranslationadjustmentnetoftax": 269000,
        "unrealizedgainlossoninvestments": 10000,
        "othercomprehensiveincomelossnetoftax": 279000,
        "comprehensiveincomenetoftax": 26907000
    },
    {
        "date": "2016-06-29",
        "symbol": "MSTR",
        "period": "Q2",
        "licensesrevenue": 23459000,
        "subscriptionrevenue": 7782000,
        "licensesandsubscriptionrevenue": 31241000,
        "maintenancerevenue": 71451000,
        "technologyservicesrevenue": 20450000,
        "revenues": 12710000,
        "licensecosts": 2322000,
        "costofgoodssoldsubscription": 3356000,
        "licensecostsandcostofgoodssoldsubscriptioncosts": 5678000,
        "costofservicesmaintenancecosts": 3687000,
        "technologyservicescosts": 14736000,
        "costofrevenue": 24101000,
        "grossprofit": 10590000,
        "sellingandmarketingexpense": 37702000,
        "researchanddevelopmentexpense": 19160000,
        "generalandadministrativeexpense": 21092000,
        "restructuringcharges": 8000,
        "operatingexpenses": 77962000,
        "operatingincomeloss": 21079000,
        "interestincomeexpensenonoperatingnet": 539000,
        "othernonoperatingincomeexpense": 1755000,
        "incomelossfromcontinuingoperationsbeforeincometaxesextraordinaryitemsnoncontrollinginterest": 23373000,
        "incometaxexpensebenefit": 4489000,
        "netincomeloss": 18884000,
        "earningspersharebasic": 1.65,
        "weightedaveragenumberofsharesoutstandingbasic": 11428000,
        "earningspersharediluted": 1.64,
        "weightedaveragenumberofdilutedsharesoutstanding": 11523000,
        "othercomprehensiveincomelossforeigncurrencytransactionandtranslationadjustmentnetoftax": -1505000,
        "unrealizedgainlossoninvestments": 13000,
        "othercomprehensiveincomelossnetoftax": -1492000,
        "comprehensiveincomenetoftax": 17392000
    },
    {
        "date": "2016-03-30",
        "symbol": "MSTR",
        "period": "Q1",
        "licensesrevenue": 22399000,
        "subscriptionrevenue": 7354000,
        "licensesandsubscriptionrevenue": 29753000,
        "maintenancerevenue": 68497000,
        "technologyservicesrevenue": 20765000,
        "revenues": 11336000,
        "licensecosts": 2136000,
        "costofgoodssoldsubscription": 3092000,
        "licensecostsandcostofgoodssoldsubscriptioncosts": 5228000,
        "costofservicesmaintenancecosts": 3273000,
        "technologyservicescosts": 14322000,
        "costofrevenue": 22823000,
        "grossprofit": 9727000,
        "sellingandmarketingexpense": 36577000,
        "researchanddevelopmentexpense": 17575000,
        "generalandadministrativeexpense": 22219000,
        "restructuringcharges": 25000,
        "operatingexpenses": 76396000,
        "operatingincomeloss": 19796000,
        "interestincomeexpensenonoperatingnet": 403000,
        "othernonoperatingincomeexpense": -1668000,
        "incomelossfromcontinuingoperationsbeforeincometaxesextraordinaryitemsnoncontrollinginterest": 18531000,
        "incometaxexpensebenefit": 4259000,
        "netincomeloss": 14272000,
        "earningspersharebasic": 1.25,
        "weightedaveragenumberofsharesoutstandingbasic": 11408000,
        "earningspersharediluted": 1.24,
        "weightedaveragenumberofdilutedsharesoutstanding": 11479000,
        "othercomprehensiveincomelossforeigncurrencytransactionandtranslationadjustmentnetoftax": 669000,
        "unrealizedgainlossoninvestments": -7000,
        "othercomprehensiveincomelossnetoftax": 662000,
        "comprehensiveincomenetoftax": 14934000
    },
    {
        "date": "2015-09-29",
        "symbol": "MSTR",
        "period": "Q3",
        "licensesrevenue": 27511000,
        "subscriptionrevenue": 6546000,
        "licensesandsubscriptionrevenue": 34057000,
        "maintenancerevenue": 71392000,
        "technologyservicesrevenue": 24087000,
        "revenues": 11249000,
        "licensecosts": 2680000,
        "costofgoodssoldsubscription": 3075000,
        "licensecostsandcostofgoodssoldsubscriptioncosts": 5755000,
        "costofservicesmaintenancecosts": 3174000,
        "technologyservicescosts": 15755000,
        "costofrevenue": 24684000,
        "grossprofit": 9467000,
        "sellingandmarketingexpense": 36403000,
        "researchanddevelopmentexpense": 17789000,
        "generalandadministrativeexpense": 19843000,
        "restructuringcharges": 86000,
        "operatingexpenses": 74121000,
        "operatingincomeloss": 30731000,
        "interestincomeexpensenonoperatingnet": 116000,
        "othernonoperatingincomeexpense": 766000,
        "incomelossfromcontinuingoperationsbeforeincometaxesextraordinaryitemsnoncontrollinginterest": 31613000,
        "incometaxexpensebenefit": 7720000,
        "netincomeloss": 23893000,
        "earningspersharebasic": 2.1,
        "weightedaveragenumberofsharesoutstandingbasic": 11365000,
        "earningspersharediluted": 2.06,
        "weightedaveragenumberofdilutedsharesoutstanding": 11589000,
        "othercomprehensiveincomeforeigncurrencytransactionandtranslationgainlossarisingduringperiodnetoftax": -597000,
        "othercomprehensiveincomelossforeigncurrencytransactionandtranslationreclassificationadjustmentfromaocirealizeduponsaleorliquidationnetoftax": -280000,
        "othercomprehensiveincomelossforeigncurrencytransactionandtranslationadjustmentnetoftax": -317000,
        "unrealizedgainlossoninvestments": -21000,
        "othercomprehensiveincomelossnetoftax": -338000,
        "comprehensiveincomenetoftax": 23555000
    },
    {
        "date": "2015-06-29",
        "symbol": "MSTR",
        "period": "Q2",
        "licensesrevenue": 29366000,
        "subscriptionrevenue": 7074000,
        "licensesandsubscriptionrevenue": 36440000,
        "maintenancerevenue": 70747000,
        "technologyservicesrevenue": 25753000,
        "revenues": 11689000,
        "licensecosts": 1906000,
        "costofgoodssoldsubscription": 3346000,
        "licensecostsandcostofgoodssoldsubscriptioncosts": 5252000,
        "costofservicesmaintenancecosts": 3224000,
        "technologyservicescosts": 17436000,
        "costofrevenue": 25912000,
        "grossprofit": 9798000,
        "sellingandmarketingexpense": 36219000,
        "researchanddevelopmentexpense": 14864000,
        "generalandadministrativeexpense": 21103000,
        "restructuringcharges": 90000,
        "operatingexpenses": 72276000,
        "operatingincomeloss": 34752000,
        "interestincomeexpensenonoperatingnet": 11000,
        "othernonoperatingincomeexpense": -2915000,
        "incomelossfromcontinuingoperationsbeforeincometaxesextraordinaryitemsnoncontrollinginterest": 31848000,
        "incometaxexpensebenefit": 9381000,
        "netincomeloss": 22467000,
        "earningspersharebasic": 1.98,
        "weightedaveragenumberofsharesoutstandingbasic": 11349000,
        "earningspersharediluted": 1.95,
        "weightedaveragenumberofdilutedsharesoutstanding": 11510000,
        "othercomprehensiveincomelossforeigncurrencytransactionandtranslationadjustmentnetoftax": 1093000,
        "unrealizedgainlossoninvestments": -15000,
        "othercomprehensiveincomelossnetoftax": 1078000,
        "comprehensiveincomenetoftax": 23545000
    },
    {
        "date": "2015-03-30",
        "symbol": "MSTR",
        "period": "Q1",
        "licensesrevenue": 20757000,
        "subscriptionrevenue": 6665000,
        "licensesandsubscriptionrevenue": 27422000,
        "maintenancerevenue": 69305000,
        "technologyservicesrevenue": 27144000,
        "revenues": 33749000,
        "licensecosts": 1309000,
        "costofgoodssoldsubscription": 3379000,
        "licensecostsandcostofgoodssoldsubscriptioncosts": 4688000,
        "costofservicesmaintenancecosts": 3336000,
        "technologyservicescosts": 19074000,
        "costofrevenue": 27098000,
        "grossprofit": 24999000,
        "sellingandmarketingexpense": 36520000,
        "researchanddevelopmentexpense": 15398000,
        "generalandadministrativeexpense": 22125000,
        "restructuringcharges": 85000,
        "operatingexpenses": 74128000,
        "operatingincomeloss": 22645000,
        "interestincomeexpensenonoperatingnet": 2000,
        "othernonoperatingincomeexpense": 4750000,
        "incomelossfromcontinuingoperationsbeforeincometaxesextraordinaryitemsnoncontrollinginterest": 27397000,
        "incometaxexpensebenefit": 6937000,
        "netincomeloss": 20460000,
        "earningspersharebasic": 1.81,
        "weightedaveragenumberofsharesoutstandingbasic": 11321000,
        "earningspersharediluted": 1.79,
        "weightedaveragenumberofdilutedsharesoutstanding": 11455000,
        "othercomprehensiveincomelossforeigncurrencytransactionandtranslationadjustmentnetoftax": -2145000,
        "unrealizedgainlossoninvestments": 1000,
        "othercomprehensiveincomelossnetoftax": -2144000,
        "comprehensiveincomenetoftax": 18316000
    },
    {
        "date": "2014-09-29",
        "symbol": "MSTR",
        "period": "Q3",
        "licensesrevenue": 39962000,
        "maintenancerevenue": 75019000,
        "technologyservicesrevenue": 36221000,
        "revenues": 44296000,
        "licensecosts": 6044000,
        "costofservicesmaintenancecosts": 3695000,
        "technologyservicescosts": 25214000,
        "costofrevenue": 34953000,
        "grossprofit": 33019000,
        "sellingandmarketingexpense": 58195000,
        "researchanddevelopmentexpense": 28659000,
        "generalandadministrativeexpense": 24811000,
        "restructuringcharges": 10107000,
        "operatingexpenses": 123243000,
        "operatingincomeloss": -6994000,
        "interestincomeexpensenonoperatingnet": 53000,
        "othernonoperatingincomeexpense": 4928000,
        "incomelossfromcontinuingoperationsbeforeincometaxesextraordinaryitemsnoncontrollinginterest": -2013000,
        "incometaxexpensebenefit": -1168000,
        "incomelossfromcontinuingoperationsincludingportionattributabletononcontrollinginterest": -845000,
        "netincomeloss": -845000,
        "incomelossfromcontinuingoperationsperbasicshare": -0.07,
        "earningspersharebasic": -0.07,
        "weightedaveragenumberofsharesoutstandingbasic": 11301000,
        "incomelossfromcontinuingoperationsperdilutedshare": -0.07,
        "earningspersharediluted": -0.07,
        "weightedaveragenumberofdilutedsharesoutstanding": 11301000,
        "othercomprehensiveincomelossforeigncurrencytransactionandtranslationadjustmentnetoftax": -2103000,
        "unrealizedgainlossoninvestments": 4000,
        "othercomprehensiveincomelossnetoftax": -2099000,
        "comprehensiveincomenetoftax": -2944000
    },
    {
        "date": "2014-06-29",
        "symbol": "MSTR",
        "period": "Q2",
        "licensesrevenue": 35266000,
        "maintenancerevenue": 74569000,
        "technologyservicesrevenue": 32018000,
        "revenues": 15378000,
        "licensecosts": 7006000,
        "costofservicesmaintenancecosts": 3475000,
        "technologyservicescosts": 25132000,
        "costofrevenue": 35613000,
        "grossprofit": 12641000,
        "sellingandmarketingexpense": 60956000,
        "researchanddevelopmentexpense": 32748000,
        "generalandadministrativeexpense": 25262000,
        "operatingexpenses": 118966000,
        "operatingincomeloss": -12726000,
        "interestincomeexpensenonoperatingnet": 32000,
        "othernonoperatingincomeexpense": -474000,
        "incomelossfromcontinuingoperationsbeforeincometaxesextraordinaryitemsnoncontrollinginterest": -13168000,
        "incometaxexpensebenefit": -2831000,
        "incomelossfromcontinuingoperationsincludingportionattributabletononcontrollinginterest": -10337000,
        "netincomeloss": -10337000,
        "incomelossfromcontinuingoperationsperbasicshare": -0.91,
        "earningspersharebasic": -0.91,
        "weightedaveragenumberofsharesoutstandingbasic": 11301000,
        "incomelossfromcontinuingoperationsperdilutedshare": -0.91,
        "earningspersharediluted": -0.91,
        "weightedaveragenumberofdilutedsharesoutstanding": 11301000,
        "othercomprehensiveincomelossforeigncurrencytransactionandtranslationadjustmentnetoftax": -286000,
        "unrealizedgainlossoninvestments": 10000,
        "othercomprehensiveincomelossnetoftax": -276000,
        "comprehensiveincomenetoftax": -10613000
    },
    {
        "date": "2014-03-30",
        "symbol": "MSTR",
        "period": "Q1",
        "licensesrevenue": 32297000,
        "maintenancerevenue": 71481000,
        "technologyservicesrevenue": 34126000,
        "revenues": 14162000,
        "licensecosts": 6235000,
        "costofservicesmaintenancecosts": 3543000,
        "technologyservicescosts": 23231000,
        "costofrevenue": 33009000,
        "grossprofit": 11645000,
        "sellingandmarketingexpense": 58877000,
        "researchanddevelopmentexpense": 28062000,
        "generalandadministrativeexpense": 26303000,
        "operatingexpenses": 113242000,
        "operatingincomeloss": -8347000,
        "interestincomeexpensenonoperatingnet": 48000,
        "othernonoperatingincomeexpense": -1118000,
        "incomelossfromcontinuingoperationsbeforeincometaxesextraordinaryitemsnoncontrollinginterest": -9417000,
        "incometaxexpensebenefit": -2935000,
        "incomelossfromcontinuingoperationsincludingportionattributabletononcontrollinginterest": -6482000,
        "netincomeloss": -6482000,
        "incomelossfromcontinuingoperationsperbasicshare": -0.57,
        "earningspersharebasic": -0.57,
        "weightedaveragenumberofsharesoutstandingbasic": 11301000,
        "incomelossfromcontinuingoperationsperdilutedshare": -0.57,
        "earningspersharediluted": -0.57,
        "weightedaveragenumberofdilutedsharesoutstanding": 11301000,
        "othercomprehensiveincomelossforeigncurrencytransactionandtranslationadjustmentnetoftax": 203000,
        "unrealizedgainlossoninvestments": 9000,
        "othercomprehensiveincomelossnetoftax": 212000,
        "comprehensiveincomenetoftax": -6270000
    },
    {
        "date": "2013-09-29",
        "symbol": "MSTR",
        "period": "Q3",
        "licensesrevenue": 33753000,
        "technologyservicesrevenue": 108166000,
        "revenues": 14010000,
        "licensecosts": 1336000,
        "technologyservicescosts": 31917000,
        "costofrevenue": 33253000,
        "grossprofit": 11327000,
        "sellingandmarketingexpense": 50798000,
        "researchanddevelopmentexpense": 21977000,
        "generalandadministrativeexpense": 24265000,
        "operatingexpenses": 97040000,
        "operatingincomeloss": 11626000,
        "investmentincomeinterest": 80000,
        "othernonoperatingincomeexpense": -3213000,
        "incomelossfromcontinuingoperationsbeforeincometaxesminorityinterestandincomelossfromequitymethodinvestments": 8493000,
        "incometaxexpensebenefit": -8653000,
        "incomelossfromcontinuingoperationsincludingportionattributabletononcontrollinginterest": 17146000,
        "discontinuedoperationgainlossondisposalofdiscontinuedoperationnetoftax": 0,
        "netincomeloss": 17146000,
        "incomelossfromcontinuingoperationsperbasicshare": 1.52,
        "earningspersharebasic": 1.5200000000000005,
        "weightedaveragenumberofsharesoutstandingbasic": 1000,
        "incomelossfromcontinuingoperationsperdilutedshare": 1.52,
        "earningspersharediluted": 1.5200000000000005,
        "weightedaveragenumberofdilutedsharesoutstanding": 2000,
        "discontinuedoperationtaxeffectofincomelossfromdiscontinuedoperationduringphaseoutperiod": 0,
        "othercomprehensiveincomelossforeigncurrencytransactionandtranslationadjustmentnetoftax": 1042000,
        "unrealizedgainlossoninvestments": -6000,
        "othercomprehensiveincomelossnetoftax": 1036000,
        "comprehensiveincomenetoftax": 18182000
    },
    {
        "date": "2013-06-29",
        "symbol": "MSTR",
        "period": "Q2",
        "licensesrevenue": 30605000,
        "technologyservicesrevenue": 107300000,
        "revenues": -6987000,
        "licensecosts": 1621000,
        "technologyservicescosts": 34825000,
        "costofrevenue": 36446000,
        "grossprofit": -480000,
        "sellingandmarketingexpense": 52686000,
        "researchanddevelopmentexpense": 24227000,
        "generalandadministrativeexpense": 26594000,
        "operatingexpenses": 103507000,
        "operatingincomeloss": -2048000,
        "investmentincomeinterest": 322000,
        "othernonoperatingincomeexpense": -419000,
        "nonoperatingincomeexpense": -97000,
        "incomelossfromcontinuingoperationsbeforeincometaxesminorityinterestandincomelossfromequitymethodinvestments": -2145000,
        "incometaxexpensebenefit": -592000,
        "incomelossfromcontinuingoperationsincludingportionattributabletononcontrollinginterest": -1553000,
        "discontinuedoperationgainlossondisposalofdiscontinuedoperationnetoftax": -23000,
        "discontinuedoperationincomelossfromdiscontinuedoperationduringphaseoutperiodnetoftax": 0,
        "incomelossfromdiscontinuedoperationsnetoftaxattributabletoreportingentity": 0,
        "netincomeloss": -1553000,
        "incomelossfromcontinuingoperationsperbasicshare": -0.13999999999999996,
        "incomelossfromdiscontinuedoperationsnetoftaxperbasicshare": 0,
        "earningspersharebasic": -0.14000000000000057,
        "weightedaveragenumberofsharesoutstandingbasic": 3000,
        "incomelossfromcontinuingoperationsperdilutedshare": -0.13999999999999996,
        "incomelossfromdiscontinuedoperationsnetoftaxperdilutedshare": 0,
        "earningspersharediluted": -0.14000000000000057,
        "weightedaveragenumberofdilutedsharesoutstanding": 3000,
        "discontinuedoperationtaxeffectofincomelossfromdisposalofdiscontinuedoperation": 0,
        "discontinuedoperationtaxeffectofincomelossfromdiscontinuedoperationduringphaseoutperiod": 782000,
        "othercomprehensiveincomelossforeigncurrencytransactionandtranslationadjustmentnetoftax": 173000,
        "unrealizedgainlossoninvestments": -1000,
        "othercomprehensiveincomelossnetoftax": 172000,
        "comprehensiveincomenetoftax": -1381000
    },
    {
        "date": "2013-03-30",
        "symbol": "MSTR",
        "period": "Q1",
        "licensesrevenue": 28368000,
        "technologyservicesrevenue": 101815000,
        "revenues": 37936000,
        "licensecosts": 1593000,
        "technologyservicescosts": 34308000,
        "costofrevenue": 35901000,
        "grossprofit": 25929000,
        "sellingandmarketingexpense": 50714000,
        "researchanddevelopmentexpense": 25817000,
        "generalandadministrativeexpense": 26412000,
        "operatingexpenses": 102943000,
        "operatingincomeloss": -8661000,
        "investmentincomeinterest": 61000,
        "othernonoperatingincomeexpense": 1708000,
        "nonoperatingincomeexpense": 1769000,
        "incomelossfromcontinuingoperationsbeforeincometaxesminorityinterestandincomelossfromequitymethodinvestments": -6892000,
        "incometaxexpensebenefit": -1701000,
        "incomelossfromcontinuingoperationsincludingportionattributabletononcontrollinginterest": -5191000,
        "discontinuedoperationgainlossondisposalofdiscontinuedoperationnetoftax": 57400000,
        "discontinuedoperationincomelossfromdiscontinuedoperationduringphaseoutperiodnetoftax": -595000,
        "incomelossfromdiscontinuedoperationsnetoftaxattributabletoreportingentity": 56782000,
        "netincomeloss": 51591000,
        "incomelossfromcontinuingoperationsperbasicshare": -0.46,
        "incomelossfromdiscontinuedoperationsnetoftaxperbasicshare": 5.03,
        "earningspersharebasic": 4.57,
        "weightedaveragenumberofsharesoutstandingbasic": 11295000,
        "incomelossfromcontinuingoperationsperdilutedshare": -0.46,
        "incomelossfromdiscontinuedoperationsnetoftaxperdilutedshare": 5.03,
        "earningspersharediluted": 4.57,
        "weightedaveragenumberofdilutedsharesoutstanding": 11295000,
        "discontinuedoperationtaxeffectofincomelossfromdisposalofdiscontinuedoperation": 37548000,
        "discontinuedoperationtaxeffectofincomelossfromdiscontinuedoperationduringphaseoutperiod": -391000,
        "othercomprehensiveincomelossforeigncurrencytransactionandtranslationadjustmentnetoftax": -984000,
        "unrealizedgainlossoninvestments": -3000,
        "othercomprehensiveincomelossnetoftax": -987000,
        "comprehensiveincomenetoftax": 50604000
    },
    {
        "date": "2012-09-29",
        "symbol": "MSTR",
        "period": "Q3",
        "licensesrevenue": 31736000,
        "technologyservicesrevenue": 111494000,
        "revenues": 7150000,
        "licensecosts": 1059000,
        "technologyservicescosts": 36426000,
        "costofrevenue": 37485000,
        "grossprofit": 4512000,
        "sellingandmarketingexpense": 52069000,
        "researchanddevelopmentexpense": 23465000,
        "generalandadministrativeexpense": 23498000,
        "operatingexpenses": 99032000,
        "operatingincomeloss": 6713000,
        "investmentincomeinterest": 41000,
        "othernonoperatingincomeexpense": -113000,
        "nonoperatingincomeexpense": -72000,
        "incomelossfromcontinuingoperationsbeforeincometaxesminorityinterestandincomelossfromequitymethodinvestments": 6641000,
        "incometaxexpensebenefit": 1878000,
        "netincomeloss": 4763000,
        "earningspersharebasic": 0.43,
        "weightedaveragenumberofsharesoutstandingbasic": 11050000,
        "earningspersharediluted": 0.43,
        "weightedaveragenumberofdilutedsharesoutstanding": 11197000,
        "othercomprehensiveincomelossforeigncurrencytransactionandtranslationadjustmentnetoftax": 404000,
        "unrealizedgainlossoninvestments": 2000,
        "othercomprehensiveincomelossnetoftax": 406000,
        "comprehensiveincomenetoftax": 5169000
    },
    {
        "date": "2012-06-29",
        "symbol": "MSTR",
        "period": "Q2",
        "licensesrevenue": 31890000,
        "technologyservicesrevenue": 109948000,
        "revenues": 6514000,
        "licensecosts": 982000,
        "technologyservicescosts": 35654000,
        "costofrevenue": 36636000,
        "grossprofit": 3938000,
        "sellingandmarketingexpense": 51117000,
        "researchanddevelopmentexpense": 20657000,
        "generalandadministrativeexpense": 23939000,
        "operatingexpenses": 95713000,
        "operatingincomeloss": 9489000,
        "investmentincomeinterest": 35000,
        "othernonoperatingincomeexpense": 1011000,
        "nonoperatingincomeexpense": 1046000,
        "incomelossfromcontinuingoperationsbeforeincometaxesminorityinterestandincomelossfromequitymethodinvestments": 10535000,
        "incometaxexpensebenefit": 3264000,
        "netincomeloss": 7271000,
        "earningspersharebasic": 0.67,
        "weightedaveragenumberofsharesoutstandingbasic": 10875000,
        "earningspersharediluted": 0.65,
        "weightedaveragenumberofdilutedsharesoutstanding": 11121000,
        "othercomprehensiveincomelossforeigncurrencytransactionandtranslationadjustmentnetoftax": -512000,
        "unrealizedgainlossoninvestments": -24000,
        "othercomprehensiveincomelossnetoftax": -536000,
        "comprehensiveincomenetoftax": 6735000
    },
    {
        "date": "2012-03-30",
        "symbol": "MSTR",
        "period": "Q1",
        "licensesrevenue": 37453000,
        "technologyservicesrevenue": 107632000,
        "revenues": 14549000,
        "licensecosts": 2146000,
        "technologyservicescosts": 36843000,
        "costofrevenue": 38989000,
        "grossprofit": 11297000,
        "sellingandmarketingexpense": 57429000,
        "researchanddevelopmentexpense": 23735000,
        "generalandadministrativeexpense": 24474000,
        "operatingexpenses": 105638000,
        "operatingincomeloss": 458000,
        "investmentincomeinterest": 15000,
        "othernonoperatingincomeexpense": -160000,
        "nonoperatingincomeexpense": -145000,
        "incomelossfromcontinuingoperationsbeforeincometaxesminorityinterestandincomelossfromequitymethodinvestments": 313000,
        "incometaxexpensebenefit": 41000,
        "netincomeloss": 272000,
        "earningspersharebasic": 0.03,
        "weightedaveragenumberofsharesoutstandingbasic": 10806000,
        "earningspersharediluted": 0.02,
        "weightedaveragenumberofdilutedsharesoutstanding": 11092000,
        "othercomprehensiveincomeforeigncurrencytransactionandtranslationadjustmentnetoftaxperiodincreasedecrease": 288000,
        "unrealizedgainlossoninvestments": 19000,
        "othercomprehensiveincomelossnetoftaxperiodincreasedecrease": 307000,
        "comprehensiveincomenetoftax": 579000
    },
    {
        "date": "2011-09-29",
        "symbol": "MSTR",
        "period": "Q3",
        "licensesrevenue": 39262000,
        "technologyservicesrevenue": 102442000,
        "revenues": 141704000,
        "licensecosts": 2284000,
        "technologyservicescosts": 34380000,
        "costofrevenue": 36664000,
        "grossprofit": 105040000,
        "sellingandmarketingexpense": 61451000,
        "researchanddevelopmentexpense": 20434000,
        "generalandadministrativeexpense": 21618000,
        "operatingexpenses": 103503000,
        "operatingincomeloss": 1537000,
        "investmentincomeinterest": 18000,
        "costmethodinvestmentsrealizedgainloss": 3371000,
        "othernonoperatingincomeexpense": 969000,
        "nonoperatingincomeexpense": 4358000,
        "incomelossfromcontinuingoperationsbeforeincometaxesminorityinterestandincomelossfromequitymethodinvestments": 5895000,
        "incometaxexpensebenefit": 974000,
        "netincomeloss": 4921000,
        "earningspersharebasic": 0.46,
        "weightedaveragenumberofsharesoutstandingbasic": 10729000,
        "earningspersharediluted": 0.44,
        "weightedaveragenumberofdilutedsharesoutstanding": 11072000
    },
    {
        "date": "2011-06-29",
        "symbol": "MSTR",
        "period": "Q2",
        "licensesrevenue": 33430000,
        "technologyservicesrevenue": 104721000,
        "revenues": 138151000,
        "licensecosts": 2322000,
        "technologyservicescosts": 32221000,
        "costofrevenue": 34543000,
        "grossprofit": 103608000,
        "sellingandmarketingexpense": 60942000,
        "researchanddevelopmentexpense": 16874000,
        "generalandadministrativeexpense": 22319000,
        "operatingexpenses": 100135000,
        "operatingincomeloss": 3473000,
        "investmentincomeinterest": 39000,
        "othernonoperatingincome": -316000,
        "nonoperatingincomeexpense": -277000,
        "incomelossfromcontinuingoperationsbeforeincometaxesminorityinterestandincomelossfromequitymethodinvestments": 3196000,
        "incometaxexpensebenefit": 311000,
        "netincomeloss": 2885000,
        "earningspersharebasic": 0.27,
        "weightedaveragenumberofsharesoutstandingbasic": 10709000,
        "earningspersharediluted": 0.26,
        "weightedaveragenumberofdilutedsharesoutstanding": 11068000
    }
]