[
    {
        "date": "2024-06-29",
        "symbol": "NSC",
        "period": "Q2",
        "revenuefromcontractwithcustomerexcludingassessedtax": 3044000000,
        "laborandrelatedexpense": 700000000,
        "purchasedservicesandrents": 516000000,
        "fuelcosts": 257000000,
        "depreciation": 335000000,
        "othercostandexpenseoperating": 173000000,
        "restructuringandothercharges": -3000000,
        "unusualorinfrequentitemnetgainloss": -65000000,
        "costsandexpenses": 1913000000,
        "operatingincomeloss": 1131000000,
        "othernonoperatingincomeexpense": 17000000,
        "interestexpensedebt": 204000000,
        "incomelossfromcontinuingoperationsbeforeincometaxesextraordinaryitemsnoncontrollinginterest": 944000000,
        "incometaxexpensebenefit": 207000000,
        "netincomeloss": 737000000,
        "earningspersharebasic": 3.26,
        "earningspersharediluted": 3.25,
        "othercomprehensiveincomedefinedbenefitplansadjustmentbeforetaxportionattributabletoparent": 11000000,
        "ociequitymethodinvestmentbeforetaxparent": 1000000,
        "othercomprehensiveincomelossbeforetaxportionattributabletoparent": -10000000,
        "othercomprehensiveincomelosstaxportionattributabletoparent1": -2000000,
        "othercomprehensiveincomelossnetoftaxportionattributabletoparent": -8000000,
        "comprehensiveincomenetoftax": 729000000
    },
    {
        "date": "2023-09-29",
        "symbol": "NSC",
        "period": "Q3",
        "revenuefromcontractwithcustomerexcludingassessedtax": 2971000000,
        "laborandrelatedexpense": 715000000,
        "purchasedservicesandrents": 517000000,
        "fuelcosts": 289000000,
        "depreciation": 326000000,
        "othercostandexpenseoperating": 205000000,
        "unusualorinfrequentitemlossgross": 163000000,
        "costsandexpenses": 2215000000,
        "operatingincomeloss": 756000000,
        "othernonoperatingincomeexpense": 40000000,
        "interestexpense": 182000000,
        "incomelossfromcontinuingoperationsbeforeincometaxesextraordinaryitemsnoncontrollinginterest": 614000000,
        "incometaxexpensebenefit": 136000000,
        "netincomeloss": 478000000,
        "earningspersharebasic": 2.11,
        "earningspersharediluted": 2.1,
        "othercomprehensiveincomedefinedbenefitplansadjustmentbeforetaxportionattributabletoparent": 6000000,
        "ociequitymethodinvestmentbeforetaxparent": -1000000,
        "othercomprehensiveincomelossbeforetaxportionattributabletoparent": -7000000,
        "othercomprehensiveincomelosstaxportionattributabletoparent1": -2000000,
        "othercomprehensiveincomelossnetoftaxportionattributabletoparent": -5000000,
        "comprehensiveincomenetoftax": 473000000
    },
    {
        "date": "2020-03-30",
        "symbol": "NSC",
        "period": "Q1",
        "revenuefromcontractwithcustomerexcludingassessedtax": 2625000000,
        "laborandrelatedexpense": 622000000,
        "purchasedservicesandrents": 403000000,
        "fuelcosts": 189000000,
        "depreciation": 292000000,
        "othercostandexpenseoperating": 166000000,
        "disposalgroupnotdiscontinuedoperationgainlossondisposal": -385000000,
        "costsandexpenses": 2057000000,
        "operatingincomeloss": 568000000,
        "othernonoperatingincomeexpense": 22000000,
        "interestexpense": 154000000,
        "incomelossfromcontinuingoperationsbeforeincometaxesextraordinaryitemsnoncontrollinginterest": 436000000,
        "incometaxexpensebenefit": 55000000,
        "netincomeloss": 381000000,
        "earningspersharebasic": 1.48,
        "earningspersharediluted": 1.47,
        "othercomprehensiveincomelosspensionandotherpostretirementbenefitplansadjustmentbeforetax": -7000000,
        "othercomprehensiveincomelossbeforetax": 5000000,
        "othercomprehensiveincomelosstax": 2000000,
        "othercomprehensiveincomelossnetoftax": 10000000,
        "comprehensiveincomenetoftax": 391000000
    },
    {
        "date": "2019-09-29",
        "symbol": "NSC",
        "period": "Q3",
        "netincomeloss": 657000000,
        "othercomprehensiveincomelosspensionandotherpostretirementbenefitplansadjustmentbeforetax": -5000000,
        "othercomprehensiveincomelossbeforetax": 5000000,
        "othercomprehensiveincomelosstax": 1000000,
        "othercomprehensiveincomelossnetoftax": 4000000,
        "comprehensiveincomenetoftax": 661000000,
        "revenuefromcontractwithcustomerexcludingassessedtax": 2841000000,
        "laborandrelatedexpense": 682000000,
        "purchasedservicesandrents": 423000000,
        "fuelcosts": 226000000,
        "depreciation": 286000000,
        "othercostandexpenseoperating": 228000000,
        "operatingexpenses": 1845000000,
        "operatingincomeloss": 996000000,
        "othernonoperatingincomeexpense": 22000000,
        "interestexpense": 150000000,
        "incomelossfromcontinuingoperationsbeforeincometaxesextraordinaryitemsnoncontrollinginterest": 868000000,
        "incometaxexpensebenefit": 211000000,
        "earningspersharebasic": 2.5,
        "earningspersharediluted": 2.49
    },
    {
        "date": "2019-06-29",
        "symbol": "NSC",
        "period": "Q2",
        "netincomeloss": 722000000,
        "othercomprehensiveincomelosspensionandotherpostretirementbenefitplansadjustmentbeforetax": -5000000,
        "othercomprehensiveincomelossbeforetax": 5000000,
        "othercomprehensiveincomelosstax": 2000000,
        "othercomprehensiveincomelossnetoftax": 3000000,
        "comprehensiveincomenetoftax": 725000000,
        "revenuefromcontractwithcustomerexcludingassessedtax": 2925000000,
        "laborandrelatedexpense": 712000000,
        "purchasedservicesandrents": 418000000,
        "fuelcosts": 254000000,
        "depreciation": 284000000,
        "othercostandexpenseoperating": 192000000,
        "operatingexpenses": 1860000000,
        "operatingincomeloss": 1065000000,
        "othernonoperatingincomeexpense": 22000000,
        "interestexpense": 153000000,
        "incomelossfromcontinuingoperationsbeforeincometaxesextraordinaryitemsnoncontrollinginterest": 934000000,
        "incometaxexpensebenefit": 212000000,
        "earningspersharebasic": 2.72,
        "earningspersharediluted": 2.7
    },
    {
        "date": "2019-03-30",
        "symbol": "NSC",
        "period": "Q1",
        "profitloss": 677000000,
        "othercomprehensiveincomelosspensionandotherpostretirementbenefitplansadjustmentbeforetax": -5000000,
        "othercomprehensiveincomelossbeforetax": -1000000,
        "reclassificationfromaocicurrentperiodtax": -1000000,
        "othercomprehensiveincomelossnetoftax": 3000000,
        "comprehensiveincomenetoftaxincludingportionattributabletononcontrollinginterest": 680000000,
        "revenuefromcontractwithcustomerexcludingassessedtax": 2840000000,
        "laborandrelatedexpense": 727000000,
        "purchasedservicesandrents": 424000000,
        "fuelcosts": 250000000,
        "depreciation": 283000000,
        "othercostandexpenseoperating": 190000000,
        "operatingexpenses": 1874000000,
        "operatingincomeloss": 966000000,
        "othernonoperatingincomeexpense": 44000000,
        "interestexpense": 149000000,
        "incomelossfromcontinuingoperationsbeforeincometaxesextraordinaryitemsnoncontrollinginterest": 861000000,
        "incometaxexpensebenefit": 184000000,
        "earningspersharebasic": 2.53,
        "earningspersharediluted": 2.51
    },
    {
        "date": "2018-09-29",
        "symbol": "NSC",
        "period": "Q3",
        "profitloss": 702000000,
        "othercomprehensiveincomelosspensionandotherpostretirementbenefitplansadjustmentbeforetax": -8000000,
        "othercomprehensiveincomelossbeforetax": 8000000,
        "reclassificationfromaocicurrentperiodtax": -2000000,
        "othercomprehensiveincomelossnetoftax": 6000000,
        "comprehensiveincomenetoftaxincludingportionattributabletononcontrollinginterest": 708000000,
        "revenuefromcontractwithcustomerexcludingassessedtax": 1737000000,
        "laborandrelatedexpense": 725000000,
        "purchasedservicesandrents": 450000000,
        "fuelcosts": 274000000,
        "depreciation": 276000000,
        "othercostandexpenseoperating": 202000000,
        "operatingexpenses": 1927000000,
        "operatingincomeloss": 1020000000,
        "othernonoperatingincomeexpense": 30000000,
        "interestexpense": 142000000,
        "incomelossfromcontinuingoperationsbeforeincometaxesextraordinaryitemsnoncontrollinginterest": 908000000,
        "incometaxexpensebenefit": 206000000,
        "earningspersharebasic": 2.54,
        "earningspersharediluted": 2.52,
        "commonstockdividendspersharecashpaid": 0.8
    },
    {
        "date": "2018-06-29",
        "symbol": "NSC",
        "period": "Q2",
        "profitloss": 710000000,
        "othercomprehensiveincomelosspensionandotherpostretirementbenefitplansadjustmentbeforetax": -8000000,
        "othercomprehensiveincomelossbeforetax": 1000000,
        "reclassificationfromaocicurrentperiodtax": -2000000,
        "othercomprehensiveincomelossnetoftax": 7000000,
        "comprehensiveincomenetoftaxincludingportionattributabletononcontrollinginterest": 717000000,
        "revenuefromcontractwithcustomerexcludingassessedtax": 1718000000,
        "laborandrelatedexpense": 706000000,
        "purchasedservicesandrents": 430000000,
        "fuelcosts": 272000000,
        "depreciation": 273000000,
        "othercostandexpenseoperating": 191000000,
        "operatingexpenses": 1872000000,
        "operatingincomeloss": 1026000000,
        "othernonoperatingincomeexpense": 29000000,
        "interestexpense": 131000000,
        "incomelossfromcontinuingoperationsbeforeincometaxesextraordinaryitemsnoncontrollinginterest": 924000000,
        "incometaxexpensebenefit": 214000000,
        "earningspersharebasic": 2.52,
        "earningspersharediluted": 2.5,
        "commonstockdividendspersharecashpaid": 0.72
    },
    {
        "date": "2018-03-30",
        "symbol": "NSC",
        "period": "Q1",
        "profitloss": 552000000,
        "othercomprehensiveincomelosspensionandotherpostretirementbenefitplansadjustmentbeforetax": 7000000,
        "othercomprehensiveincomelossbeforetax": -6000000,
        "reclassificationfromaocicurrentperiodtax": 2000000,
        "othercomprehensiveincomelossnetoftax": -4000000,
        "comprehensiveincomenetoftaxincludingportionattributabletononcontrollinginterest": 548000000,
        "revenues": 2717000000,
        "laborandrelatedexpense": 737000000,
        "purchasedservicesandrents": 401000000,
        "fuelcosts": 266000000,
        "costofservicesdepreciation": 272000000,
        "othercostandexpenseoperating": 206000000,
        "operatingexpenses": 1882000000,
        "operatingincomeloss": 835000000,
        "othernonoperatingincomeexpense": 8000000,
        "interestexpense": 136000000,
        "incomelossfromcontinuingoperationsbeforeincometaxesextraordinaryitemsnoncontrollinginterest": 707000000,
        "incometaxexpensebenefit": 155000000,
        "earningspersharebasic": 1.94,
        "earningspersharediluted": 1.93,
        "commonstockdividendspersharecashpaid": 0.72
    },
    {
        "date": "2017-12-30",
        "symbol": "NSC",
        "period": "Q4",
        "profitloss": 3968000000,
        "othercomprehensiveincomelossbeforetax": 6000000,
        "othercomprehensiveincomelossnetoftax": 119000000,
        "comprehensiveincomenetoftaxincludingportionattributabletononcontrollinginterest": 4087000000,
        "revenues": 2669000000,
        "laborandrelatedexpense": 714000000,
        "purchasedservicesandrents": 268000000,
        "fuelcosts": 239000000,
        "costofservicesdepreciation": 267000000,
        "othercostandexpenseoperating": 167000000,
        "operatingexpenses": 1655000000,
        "operatingincomeloss": 1014000000,
        "othernonoperatingincomeexpense": 13000000,
        "interestexpense": 134000000,
        "incomelossfromcontinuingoperationsbeforeincometaxesextraordinaryitemsnoncontrollinginterest": 893000000,
        "incometaxexpensebenefit": -3075000000,
        "earningspersharebasic": 13.79,
        "earningspersharediluted": 13.669999999999998
    },
    {
        "date": "2017-09-29",
        "symbol": "NSC",
        "period": "Q3",
        "profitloss": 506000000,
        "reclassificationfromaccumulatedothercomprehensiveincomecurrentperiodbeforetax": -7000000,
        "othercomprehensiveincomelossbeforetax": 7000000,
        "reclassificationfromaocicurrentperiodtax": -2000000,
        "othercomprehensiveincomelossnetoftax": 5000000,
        "comprehensiveincomenetoftaxincludingportionattributabletononcontrollinginterest": 511000000,
        "revenues": 2670000000,
        "laborandrelatedexpense": 755000000,
        "purchasedservicesandrents": 377000000,
        "fuelcosts": 198000000,
        "costofservicesdepreciation": 265000000,
        "othercostandexpenseoperating": 164000000,
        "operatingexpenses": 1759000000,
        "operatingincomeloss": 911000000,
        "othernonoperatingincomeexpense": 23000000,
        "interestexpense": 134000000,
        "incomelossfromcontinuingoperationsbeforeincometaxesextraordinaryitemsnoncontrollinginterest": 800000000,
        "incometaxexpensebenefit": 294000000,
        "earningspersharebasic": 1.76,
        "earningspersharediluted": 1.75,
        "commonstockdividendspersharecashpaid": 0.61
    },
    {
        "date": "2017-06-29",
        "symbol": "NSC",
        "period": "Q2",
        "profitloss": 497000000,
        "reclassificationfromaccumulatedothercomprehensiveincomecurrentperiodbeforetax": -7000000,
        "othercomprehensiveincomelossbeforetax": 1000000,
        "reclassificationfromaocicurrentperiodtax": -3000000,
        "othercomprehensiveincomelossnetoftax": 5000000,
        "comprehensiveincomenetoftaxincludingportionattributabletononcontrollinginterest": 502000000,
        "revenues": 2637000000,
        "laborandrelatedexpense": 703000000,
        "purchasedservicesandrents": 392000000,
        "fuelcosts": 190000000,
        "costofservicesdepreciation": 264000000,
        "othercostandexpenseoperating": 200000000,
        "operatingexpenses": 1749000000,
        "operatingincomeloss": 888000000,
        "othernonoperatingincomeexpense": 32000000,
        "interestexpense": 140000000,
        "incomelossfromcontinuingoperationsbeforeincometaxesextraordinaryitemsnoncontrollinginterest": 780000000,
        "incometaxexpensebenefit": 283000000,
        "earningspersharebasic": 1.72,
        "earningspersharediluted": 1.71,
        "commonstockdividendspersharecashpaid": 0.61
    },
    {
        "date": "2017-03-30",
        "symbol": "NSC",
        "period": "Q1",
        "profitloss": 433000000,
        "reclassificationfromaccumulatedothercomprehensiveincomecurrentperiodbeforetax": -7000000,
        "othercomprehensiveincomelossbeforetax": 5000000,
        "reclassificationfromaocicurrentperiodtax": -3000000,
        "othercomprehensiveincomelossnetoftax": 2000000,
        "comprehensiveincomenetoftaxincludingportionattributabletononcontrollinginterest": 435000000,
        "revenues": 2575000000,
        "laborandrelatedexpense": 743000000,
        "purchasedservicesandrents": 377000000,
        "fuelcosts": 213000000,
        "costofservicesdepreciation": 259000000,
        "othercostandexpenseoperating": 210000000,
        "operatingexpenses": 1802000000,
        "operatingincomeloss": 773000000,
        "othernonoperatingincomeexpense": 24000000,
        "interestexpense": 142000000,
        "incomelossfromcontinuingoperationsbeforeincometaxesextraordinaryitemsnoncontrollinginterest": 655000000,
        "incometaxexpensebenefit": 222000000,
        "earningspersharebasic": 1.49,
        "earningspersharediluted": 1.48,
        "commonstockdividendspersharecashpaid": 0.61
    },
    {
        "date": "2016-09-29",
        "symbol": "NSC",
        "period": "Q3",
        "profitloss": 460000000,
        "othercomprehensiveincomelosspensionandotherpostretirementbenefitplansadjustmentbeforetax": -7000000,
        "othercomprehensiveincomelossbeforetax": 7000000,
        "othercomprehensiveincomelosstax": 3000000,
        "othercomprehensiveincomelossnetoftax": 4000000,
        "comprehensiveincomenetoftaxincludingportionattributabletononcontrollinginterest": 464000000,
        "revenues": 2524000000,
        "laborandrelatedexpense": 691000000,
        "purchasedservicesandrents": 386000000,
        "fuelcosts": 181000000,
        "costofservicesdepreciation": 258000000,
        "materialsandother": 188000000,
        "operatingexpenses": 1704000000,
        "operatingincomeloss": 820000000,
        "othernonoperatingincomeexpense": 29000000,
        "interestexpense": 144000000,
        "incomelossfromcontinuingoperationsbeforeincometaxesextraordinaryitemsnoncontrollinginterest": 705000000,
        "incometaxexpensebenefit": 245000000,
        "earningspersharebasic": 1.56,
        "earningspersharediluted": 1.55,
        "commonstockdividendspersharecashpaid": 0.59
    },
    {
        "date": "2016-06-29",
        "symbol": "NSC",
        "period": "Q2",
        "profitloss": 405000000,
        "othercomprehensiveincomelosspensionandotherpostretirementbenefitplansadjustmentbeforetax": -6000000,
        "othercomprehensiveincomelossofequityinvestees": 1000000,
        "othercomprehensiveincomelossbeforetax": 7000000,
        "othercomprehensiveincomelosstax": 2000000,
        "othercomprehensiveincomelossnetoftax": 1000000,
        "comprehensiveincomenetoftaxincludingportionattributabletononcontrollinginterest": 410000000,
        "revenues": 2454000000,
        "laborandrelatedexpense": 667000000,
        "purchasedservicesandrents": 384000000,
        "fuelcosts": 174000000,
        "costofservicesdepreciation": 257000000,
        "materialsandother": 202000000,
        "operatingexpenses": 1684000000,
        "operatingincomeloss": 770000000,
        "othernonoperatingincomeexpense": 4000000,
        "interestexpense": 138000000,
        "incomelossfromcontinuingoperationsbeforeincometaxesextraordinaryitemsnoncontrollinginterest": 636000000,
        "incometaxexpensebenefit": 231000000,
        "earningspersharebasic": 1.37,
        "earningspersharediluted": 1.36,
        "commonstockdividendspersharecashpaid": 0.59
    },
    {
        "date": "2016-03-30",
        "symbol": "NSC",
        "period": "Q1",
        "profitloss": 387000000,
        "othercomprehensiveincomelosspensionandotherpostretirementbenefitplansadjustmentbeforetax": -7000000,
        "othercomprehensiveincomelossofequityinvestees": -1000000,
        "othercomprehensiveincomelossbeforetax": 6000000,
        "othercomprehensiveincomelosstax": 3000000,
        "othercomprehensiveincomelossnetoftax": 3000000,
        "comprehensiveincomenetoftaxincludingportionattributabletononcontrollinginterest": 390000000,
        "revenues": 2420000000,
        "laborandrelatedexpense": 723000000,
        "purchasedservicesandrents": 379000000,
        "fuelcosts": 149000000,
        "costofservicesdepreciation": 252000000,
        "materialsandother": 194000000,
        "operatingexpenses": 1697000000,
        "operatingincomeloss": 723000000,
        "othernonoperatingincomeexpense": 16000000,
        "interestexpense": 139000000,
        "incomelossfromcontinuingoperationsbeforeincometaxesextraordinaryitemsnoncontrollinginterest": 600000000,
        "incometaxexpensebenefit": 213000000,
        "earningspersharebasic": 1.3,
        "earningspersharediluted": 1.29,
        "commonstockdividendspersharecashpaid": 0.59
    },
    {
        "date": "2015-09-29",
        "symbol": "NSC",
        "period": "Q3",
        "profitloss": 452000000,
        "othercomprehensiveincomelosspensionandotherpostretirementbenefitplansadjustmentbeforetax": -10000000,
        "othercomprehensiveincomelossbeforetax": 10000000,
        "othercomprehensiveincomelosstax": 3000000,
        "othercomprehensiveincomelossnetoftax": 7000000,
        "comprehensiveincomenetoftaxincludingportionattributabletononcontrollinginterest": 459000000,
        "revenues": 2713000000,
        "laborandrelatedexpense": 702000000,
        "purchasedservicesandrents": 451000000,
        "fuelcosts": 221000000,
        "costofservicesdepreciation": 275000000,
        "materialsandother": 242000000,
        "operatingexpenses": 1891000000,
        "operatingincomeloss": 822000000,
        "othernonoperatingincomeexpense": 39000000,
        "interestexpense": 137000000,
        "incomelossfromcontinuingoperationsbeforeincometaxesextraordinaryitemsnoncontrollinginterest": 724000000,
        "incometaxexpensebenefit": 272000000,
        "earningspersharebasic": 1.4999999999999998,
        "earningspersharediluted": 1.4899999999999998,
        "commonstockdividendspersharecashpaid": 0.5900000000000002
    },
    {
        "date": "2015-06-29",
        "symbol": "NSC",
        "period": "Q2",
        "profitloss": 433000000,
        "othercomprehensiveincomelosspensionandotherpostretirementbenefitplansadjustmentbeforetax": -11000000,
        "othercomprehensiveincomelossofequityinvestees": 0,
        "othercomprehensiveincomelossbeforetax": 11000000,
        "othercomprehensiveincomelosstax": 5000000,
        "othercomprehensiveincomelossnetoftax": 10000000,
        "comprehensiveincomenetoftaxincludingportionattributabletononcontrollinginterest": 439000000,
        "revenues": 2713000000,
        "laborandrelatedexpense": 724000000,
        "purchasedservicesandrents": 438000000,
        "fuelcosts": 255000000,
        "costofservicesdepreciation": 247000000,
        "materialsandother": 235000000,
        "operatingexpenses": 1899000000,
        "operatingincomeloss": 814000000,
        "othernonoperatingincomeexpense": 19000000,
        "interestexpense": 134000000,
        "incomelossfromcontinuingoperationsbeforeincometaxesextraordinaryitemsnoncontrollinginterest": 699000000,
        "incometaxexpensebenefit": 266000000,
        "earningspersharebasic": 1.4200000000000002,
        "earningspersharediluted": 1.4100000000000001,
        "commonstockdividendspersharecashpaid": 0.59
    },
    {
        "date": "2015-03-30",
        "symbol": "NSC",
        "period": "Q1",
        "profitloss": 310000000,
        "othercomprehensiveincomelosspensionandotherpostretirementbenefitplansadjustmentbeforetax": -10000000,
        "othercomprehensiveincomelossofequityinvestees": -4000000,
        "othercomprehensiveincomelossbeforetax": 6000000,
        "othercomprehensiveincomelosstax": 3000000,
        "othercomprehensiveincomelossnetoftax": 3000000,
        "comprehensiveincomenetoftaxincludingportionattributabletononcontrollinginterest": 313000000,
        "revenues": 2567000000,
        "laborandrelatedexpense": 783000000,
        "purchasedservicesandrents": 423000000,
        "fuelcosts": 264000000,
        "costofservicesdepreciation": 245000000,
        "materialsandother": 246000000,
        "operatingexpenses": 1961000000,
        "operatingincomeloss": 606000000,
        "othernonoperatingincomeexpense": 21000000,
        "interestexpense": 132000000,
        "incomelossfromcontinuingoperationsbeforeincometaxesextraordinaryitemsnoncontrollinginterest": 495000000,
        "incometaxexpensebenefit": 185000000,
        "earningspersharebasic": 1.01,
        "earningspersharediluted": 1,
        "commonstockdividendspersharecashpaid": 0.59
    },
    {
        "date": "2014-09-29",
        "symbol": "NSC",
        "period": "Q3",
        "profitloss": 559000000,
        "othercomprehensiveincomelosspensionandotherpostretirementbenefitplansadjustmentbeforetax": -8000000,
        "othercomprehensiveincomelossofequityinvestees": 0,
        "othercomprehensiveincomelossbeforetax": 8000000,
        "othercomprehensiveincomelosstax": -117000000,
        "othercomprehensiveincomelossnetoftax": -189000000,
        "comprehensiveincomenetoftaxincludingportionattributabletononcontrollinginterest": 564000000,
        "revenues": 3023000000,
        "laborandrelatedexpense": 728000000,
        "purchasedservicesandrents": 429000000,
        "fuelcosts": 387000000,
        "costofservicesdepreciation": 236000000,
        "materialsandother": 245000000,
        "operatingexpenses": 2025000000,
        "operatingincomeloss": 998000000,
        "othernonoperatingincomeexpense": 32000000,
        "interestexpense": 138000000,
        "incomelossfromcontinuingoperationsbeforeincometaxesextraordinaryitemsnoncontrollinginterest": 892000000,
        "incometaxexpensebenefit": 333000000,
        "earningspersharebasic": 1.8099999999999998,
        "earningspersharediluted": 1.79,
        "commonstockdividendspersharecashpaid": 0.5699999999999998
    },
    {
        "date": "2014-06-29",
        "symbol": "NSC",
        "period": "Q2",
        "revenues": 3042000000,
        "laborandrelatedexpense": 715000000,
        "purchasedservicesandrents": 414000000,
        "fuelcosts": 408000000,
        "costofservicesdepreciation": 238000000,
        "materialsandother": 248000000,
        "operatingexpenses": 2023000000,
        "operatingincomeloss": 1019000000,
        "othernonoperatingincomeexpense": 18000000,
        "interestexpense": 139000000,
        "incomelossfromcontinuingoperationsbeforeincometaxesextraordinaryitemsnoncontrollinginterest": 898000000,
        "incometaxexpensebenefit": 336000000,
        "profitloss": 562000000,
        "earningspersharebasic": 1.81,
        "earningspersharediluted": 1.79,
        "commonstockdividendspersharecashpaid": 0.54,
        "othercomprehensiveincomelosspensionandotherpostretirementbenefitplansadjustmentbeforetax": -7000000,
        "othercomprehensiveincomelossofequityinvestees": 7000000,
        "othercomprehensiveincomelossbeforetax": 14000000,
        "othercomprehensiveincomelosstax": 4000000,
        "othercomprehensiveincomelossnetoftax": 10000000,
        "comprehensiveincomenetoftaxincludingportionattributabletononcontrollinginterest": 572000000
    },
    {
        "date": "2014-03-30",
        "symbol": "NSC",
        "period": "Q1",
        "revenues": 2689000000,
        "laborandrelatedexpense": 740000000,
        "purchasedservicesandrents": 392000000,
        "fuelcosts": 432000000,
        "costofservicesdepreciation": 237000000,
        "materialsandother": 221000000,
        "operatingexpenses": 2022000000,
        "operatingincomeloss": 667000000,
        "othernonoperatingincomeexpense": 26000000,
        "interestexpense": 139000000,
        "incomelossfromcontinuingoperationsbeforeincometaxesextraordinaryitemsnoncontrollinginterest": 554000000,
        "incometaxexpensebenefit": 186000000,
        "profitloss": 368000000,
        "earningspersharebasic": 1.18,
        "earningspersharediluted": 1.17,
        "commonstockdividendspersharecashpaid": 0.54,
        "othercomprehensiveincomelosspensionandotherpostretirementbenefitplansadjustmentbeforetax": -299000000,
        "othercomprehensiveincomelossofequityinvestees": 3000000,
        "othercomprehensiveincomelossbeforetax": 302000000,
        "othercomprehensiveincomelosstax": 114000000,
        "othercomprehensiveincomelossnetoftax": 188000000,
        "comprehensiveincomenetoftaxincludingportionattributabletononcontrollinginterest": 556000000
    },
    {
        "date": "2013-09-29",
        "symbol": "NSC",
        "period": "Q3",
        "revenues": 2824000000,
        "laborandrelatedexpense": 735000000,
        "purchasedservicesandrents": 420000000,
        "fuelcosts": 390000000,
        "costofservicesdepreciation": 230000000,
        "materialsandother": 200000000,
        "operatingexpenses": 1975000000,
        "operatingincomeloss": 849000000,
        "othernonoperatingincomeexpense": 30000000,
        "interestexpense": 131000000,
        "incomebeforeincometaxes": 748000000,
        "incometaxexpensebenefit": 266000000,
        "profitloss": 482000000,
        "earningspersharebasic": 1.5500000000000005,
        "earningspersharediluted": 1.5300000000000005,
        "commonstockdividendspersharecashpaid": 0.52,
        "othercomprehensiveincomelosspensionandotherpostretirementbenefitplansadjustmentbeforetax": -38000000,
        "othercomprehensiveincomelossofequityinvestees": 0,
        "othercomprehensiveincomelossbeforetax": 38000000,
        "othercomprehensiveincomelosstax": 15000000,
        "othercomprehensiveincomelossnetoftax": 43000000,
        "comprehensiveincomenetoftaxincludingportionattributabletononcontrollinginterest": 505000000
    },
    {
        "date": "2013-06-29",
        "symbol": "NSC",
        "period": "Q2",
        "revenues": 2802000000,
        "laborandrelatedexpense": 726000000,
        "purchasedservicesandrents": 410000000,
        "fuelcosts": 391000000,
        "costofservicesdepreciation": 226000000,
        "materialsandother": 213000000,
        "operatingexpenses": 1966000000,
        "operatingincomeloss": 836000000,
        "othernonoperatingincomeexpense": 29000000,
        "interestexpense": 128000000,
        "incomebeforeincometaxes": 737000000,
        "incometaxexpensebenefit": 272000000,
        "profitloss": 465000000,
        "earningspersharebasic": 1.47,
        "earningspersharediluted": 1.46,
        "commonstockdividendspersharecashpaid": 0.5,
        "othercomprehensiveincomelosspensionandotherpostretirementbenefitplansadjustmentbeforetax": -36000000,
        "othercomprehensiveincomelossofequityinvestees": 1000000,
        "othercomprehensiveincomelossbeforetax": 37000000,
        "othercomprehensiveincomelosstax": 14000000,
        "othercomprehensiveincomelossnetoftax": 1000000,
        "comprehensiveincomenetoftaxincludingportionattributabletononcontrollinginterest": 488000000
    },
    {
        "date": "2013-03-30",
        "symbol": "NSC",
        "period": "Q1",
        "revenues": 2738000000,
        "laborandrelatedexpense": 780000000,
        "purchasedservicesandrents": 393000000,
        "fuelcosts": 429000000,
        "costofservicesdepreciation": 227000000,
        "materialsandother": 218000000,
        "operatingexpenses": 2047000000,
        "operatingincomeloss": 691000000,
        "othernonoperatingincomeexpense": 135000000,
        "interestexpense": 129000000,
        "incomebeforeincometaxes": 697000000,
        "incometaxexpensebenefit": 247000000,
        "profitloss": 450000000,
        "earningspersharebasic": 1.43,
        "earningspersharediluted": 1.41,
        "commonstockdividendspersharecashpaid": 0.5,
        "othercomprehensiveincomelosspensionandotherpostretirementbenefitplansadjustmentbeforetax": -36000000,
        "othercomprehensiveincomelossofequityinvestees": 1000000,
        "othercomprehensiveincomelossbeforetax": 37000000,
        "othercomprehensiveincomelosstax": 14000000,
        "othercomprehensiveincomelossnetoftax": 23000000,
        "comprehensiveincomenetoftaxincludingportionattributabletononcontrollinginterest": 473000000
    },
    {
        "date": "2012-09-29",
        "symbol": "NSC",
        "period": "Q3",
        "revenues": 2693000000,
        "laborandrelatedexpense": 724000000,
        "purchasedservicesandrents": 403000000,
        "fuelcosts": 379000000,
        "costofservicesdepreciation": 230000000,
        "materialsandother": 226000000,
        "operatingexpenses": 1962000000,
        "operatingincomeloss": 731000000,
        "othernonoperatingincomeexpense": 33000000,
        "interestexpense": 124000000,
        "incomebeforeincometaxes": 640000000,
        "incometaxexpensebenefit": 238000000,
        "profitloss": 402000000,
        "earningspersharebasic": 1.26,
        "earningspersharediluted": 1.2500000000000004,
        "commonstockdividendspersharecashpaid": 0.5,
        "othercomprehensiveincomelosstax": 13000000,
        "comprehensiveincomenetoftaxincludingportionattributabletononcontrollinginterest": 422000000
    },
    {
        "date": "2012-06-29",
        "symbol": "NSC",
        "period": "Q2",
        "revenues": 2874000000,
        "laborandrelatedexpense": 724000000,
        "purchasedservicesandrents": 392000000,
        "fuelcosts": 390000000,
        "costofservicesdepreciation": 229000000,
        "materialsandother": 205000000,
        "operatingexpenses": 1940000000,
        "operatingincomeloss": 934000000,
        "othernonoperatingincomeexpense": 31000000,
        "interestexpense": 122000000,
        "incomebeforeincometaxes": 843000000,
        "incometaxexpensebenefit": 319000000,
        "profitloss": 524000000,
        "earningspersharebasic": 1.6199999999999999,
        "earningspersharediluted": 1.5899999999999999,
        "commonstockdividendspersharecashpaid": 0.47,
        "othercomprehensiveincomelossofequityinvestees": 0,
        "othercomprehensiveincomelosstax": 13000000,
        "comprehensiveincomenetoftaxincludingportionattributabletononcontrollinginterest": 543000000
    },
    {
        "date": "2012-03-30",
        "symbol": "NSC",
        "period": "Q1",
        "revenues": 2789000000,
        "laborandrelatedexpense": 786000000,
        "purchasedservicesandrents": 391000000,
        "fuelcosts": 413000000,
        "costofservicesdepreciation": 224000000,
        "materialsandother": 230000000,
        "operatingexpenses": 2044000000,
        "operatingincomeloss": 745000000,
        "othernonoperatingincomeexpense": 29000000,
        "interestexpense": 120000000,
        "incomebeforeincometaxes": 654000000,
        "incometaxexpensebenefit": 244000000,
        "profitloss": 410000000,
        "earningspersharebasic": 1.24,
        "earningspersharediluted": 1.23,
        "commonstockdividendspersharecashpaid": 0.47,
        "othercomprehensiveincomedefinedbenefitplansadjustmentbeforetaxperiodincreasedecrease": 32000000,
        "othercomprehensiveincomelossofequityinvestees": -4000000,
        "othercomprehensiveincomelossbeforetaxperiodincreasedecrease": 28000000,
        "othercomprehensiveincomelosstax": 12000000,
        "othercomprehensiveincomelossnetoftaxperiodincreasedecrease": 16000000,
        "comprehensiveincomenetoftaxincludingportionattributabletononcontrollinginterest": 426000000
    },
    {
        "date": "2011-09-29",
        "symbol": "NSC",
        "period": "Q3",
        "revenues": 2889000000,
        "laborandrelatedexpense": 736000000,
        "purchasedservicesandrents": 403000000,
        "fuelcosts": 385000000,
        "costofservicesdepreciation": 217000000,
        "materialsandother": 210000000,
        "operatingexpenses": 1951000000,
        "operatingincomeloss": 938000000,
        "othernonoperatingincomeexpense": 60000000,
        "interestexpense": 114000000,
        "incomebeforeincometaxes": 884000000,
        "incometaxexpensebenefit": 330000000,
        "profitloss": 554000000,
        "earningspersharebasic": 1.61,
        "earningspersharediluted": 1.59,
        "commonstockdividendspersharecashpaid": 0.43
    },
    {
        "date": "2011-06-29",
        "symbol": "NSC",
        "period": "Q2",
        "revenues": 2866000000,
        "laborandrelatedexpense": 739000000,
        "purchasedservicesandrents": 405000000,
        "fuelcosts": 412000000,
        "costofservicesdepreciation": 213000000,
        "materialsandother": 222000000,
        "operatingexpenses": 1991000000,
        "operatingincomeloss": 875000000,
        "othernonoperatingincomeexpense": 34000000,
        "interestexpense": 113000000,
        "incomebeforeincometaxes": 796000000,
        "incometaxexpensebenefit": 239000000,
        "profitloss": 557000000,
        "earningspersharebasic": 1.58,
        "earningspersharediluted": 1.56,
        "commonstockdividendspersharecashpaid": 0.4
    },
    {
        "date": "2011-03-30",
        "symbol": "NSC",
        "period": "Q1",
        "revenues": 2620000000,
        "laborandrelatedexpense": 765000000,
        "purchasedservicesandrents": 383000000,
        "fuelcosts": 389000000,
        "costofservicesdepreciation": 211000000,
        "materialsandother": 272000000,
        "operatingexpenses": 2020000000,
        "operatingincomeloss": 600000000,
        "othernonoperatingincomeexpense": 27000000,
        "interestexpense": 112000000,
        "incomebeforeincometaxes": 515000000,
        "incometaxexpensebenefit": 190000000,
        "profitloss": 325000000,
        "earningspersharebasic": 0.91,
        "earningspersharediluted": 0.9,
        "commonstockdividendspersharecashpaid": 0.4
    },
    {
        "date": "2010-09-29",
        "symbol": "NSC",
        "period": "Q3",
        "revenues": 2456000000,
        "laborandrelatedexpense": 680000000,
        "purchasedservicesandrents": 377000000,
        "fuelcosts": 259000000,
        "costofservicesdepreciation": 204000000,
        "materialsandother": 190000000,
        "operatingexpenses": 1710000000,
        "operatingincomeloss": 746000000,
        "othernonoperatingincomeexpense": 81000000,
        "interestexpense": 113000000,
        "incomebeforeincometaxes": 714000000,
        "incometaxexpensebenefit": 269000000,
        "profitloss": 445000000,
        "earningspersharebasic": 1.21,
        "earningspersharediluted": 1.19,
        "commonstockdividendspersharecashpaid": 0.36
    },
    {
        "date": "2010-06-29",
        "symbol": "NSC",
        "period": "Q2",
        "revenues": 2430000000,
        "laborandrelatedexpense": 670000000,
        "purchasedservicesandrents": 374000000,
        "fuelcosts": 258000000,
        "costofservicesdepreciation": 204000000,
        "materialsandother": 191000000,
        "operatingexpenses": 1697000000,
        "operatingincomeloss": 733000000,
        "othernonoperatingincomeexpense": 17000000,
        "interestexpense": 115000000,
        "incomebeforeincometaxes": 635000000,
        "incometaxexpensebenefit": 243000000,
        "profitloss": 392000000,
        "earningspersharebasic": 1.06,
        "earningspersharediluted": 1.04,
        "commonstockdividendspersharecashpaid": 0.34
    },
    {
        "date": "2010-03-30",
        "symbol": "NSC",
        "period": "Q1",
        "revenues": 2238000000,
        "laborandrelatedexpense": 699000000,
        "purchasedservicesandrents": 335000000,
        "fuelcosts": 254000000,
        "costofservicesdepreciation": 204000000,
        "materialsandother": 191000000,
        "operatingexpenses": 1683000000,
        "operatingincomeloss": 555000000,
        "othernonoperatingincomeexpense": 20000000,
        "interestexpense": 119000000,
        "incomebeforeincometaxes": 456000000,
        "incometaxexpensebenefit": 199000000,
        "profitloss": 257000000,
        "earningspersharebasic": 0.69,
        "earningspersharediluted": 0.68,
        "commonstockdividendspersharecashpaid": 0.34
    },
    {
        "date": "2009-09-29",
        "symbol": "NSC",
        "period": "Q3",
        "revenues": 2063000000,
        "laborandrelatedexpense": 598000000,
        "purchasedservicesandrents": 352000000,
        "fuelcosts": 192000000,
        "costofservicesdepreciation": 210000000,
        "materialsandother": 149000000,
        "operatingexpenses": 1501000000,
        "operatingincomeloss": 562000000,
        "othernonoperatingincomeexpense": 37000000,
        "interestexpense": 118000000,
        "incomebeforeincometaxes": 481000000,
        "incometaxexpensebenefit": 178000000,
        "profitloss": 303000000,
        "earningspersharebasic": 0.82,
        "earningspersharediluted": 0.81,
        "commonstockdividendspersharecashpaid": 0.34
    }
]