[
    {
        "date": "2024-09-29",
        "symbol": "ISRG",
        "period": "Q3",
        "revenuefromcontractwithcustomerexcludingassessedtax": 2038100000,
        "costofgoodsandservicessold": 664200000,
        "grossprofit": 1373900000,
        "sellinggeneralandadministrativeexpense": 510600000,
        "researchanddevelopmentexpense": 286000000,
        "operatingexpenses": 796600000,
        "operatingincomeloss": 577300000,
        "nonoperatingincomeexpense": 93700000,
        "incomelossfromcontinuingoperationsbeforeincometaxesextraordinaryitemsnoncontrollinginterest": 671000000,
        "incometaxexpensebenefit": 100400000,
        "profitloss": 570600000,
        "netincomelossattributabletononcontrollinginterest": 5500000,
        "netincomeloss": 565100000,
        "earningspersharebasic": 1.59,
        "earningspersharediluted": 1.56,
        "weightedaveragenumberofsharesoutstandingbasic": 355800000,
        "weightedaveragenumberofdilutedsharesoutstanding": 362700000,
        "othercomprehensiveincomelosscashflowhedgegainlossafterreclassificationandtax": -15500000,
        "othercomprehensiveincomelossavailableforsalesecuritiesadjustmentnetoftax": 59500000,
        "othercomprehensiveincomelossforeigncurrencytransactionandtranslationadjustmentnetoftax": -6900000,
        "othercomprehensiveincomelosspensionandotherpostretirementbenefitplansadjustmentnetoftax": 200000,
        "othercomprehensiveincomelossnetoftax": 36400000,
        "comprehensiveincomenetoftaxincludingportionattributabletononcontrollinginterest": 607500000,
        "comprehensiveincomenetoftaxattributabletononcontrollinginterest": 6000000,
        "comprehensiveincomenetoftax": 601500000
    },
    {
        "date": "2024-06-29",
        "symbol": "ISRG",
        "period": "Q2",
        "revenuefromcontractwithcustomerexcludingassessedtax": 1692600000,
        "costofgoodsandservicessold": 539400000,
        "grossprofit": 1372700000,
        "sellinggeneralandadministrativeexpense": 525300000,
        "researchanddevelopmentexpense": 280100000,
        "operatingexpenses": 805400000,
        "operatingincomeloss": 567300000,
        "nonoperatingincomeexpense": 87200000,
        "incomelossfromcontinuingoperationsbeforeincometaxesextraordinaryitemsnoncontrollinginterest": 654500000,
        "incometaxexpensebenefit": 123000000,
        "profitloss": 531500000,
        "netincomelossattributabletononcontrollinginterest": 4600000,
        "netincomeloss": 526900000,
        "earningspersharebasic": 1.4899999999999998,
        "earningspersharediluted": 1.4600000000000002,
        "weightedaveragenumberofsharesoutstandingbasic": 354200000,
        "weightedaveragenumberofdilutedsharesoutstanding": 360800000,
        "othercomprehensiveincomelosscashflowhedgegainlossafterreclassificationandtax": 4800000,
        "othercomprehensiveincomelossavailableforsalesecuritiesadjustmentnetoftax": 5500000,
        "othercomprehensiveincomelossforeigncurrencytransactionandtranslationadjustmentnetoftax": -25300000,
        "othercomprehensiveincomelosspensionandotherpostretirementbenefitplansadjustmentnetoftax": 0,
        "othercomprehensiveincomelossnetoftax": -15000000,
        "comprehensiveincomenetoftaxincludingportionattributabletononcontrollinginterest": 516500000,
        "comprehensiveincomenetoftaxattributabletononcontrollinginterest": 4400000,
        "comprehensiveincomenetoftax": 512100000
    },
    {
        "date": "2024-03-30",
        "symbol": "ISRG",
        "period": "Q1",
        "revenuefromcontractwithcustomerexcludingassessedtax": 1577100000,
        "costofgoodsandservicessold": 554400000,
        "grossprofit": 1245400000,
        "sellinggeneralandadministrativeexpense": 491500000,
        "researchanddevelopmentexpense": 284500000,
        "operatingexpenses": 776000000,
        "operatingincomeloss": 469400000,
        "nonoperatingincomeexpense": 69100000,
        "incomelossfromcontinuingoperationsbeforeincometaxesextraordinaryitemsnoncontrollinginterest": 538500000,
        "incometaxexpensebenefit": -8900000,
        "profitloss": 547400000,
        "netincomelossattributabletononcontrollinginterest": 2500000,
        "netincomeloss": 544900000,
        "earningspersharebasic": 1.54,
        "earningspersharediluted": 1.51,
        "weightedaveragenumberofsharesoutstandingbasic": 353500000,
        "weightedaveragenumberofdilutedsharesoutstanding": 360500000,
        "othercomprehensiveincomelosscashflowhedgegainlossafterreclassificationandtax": 5600000,
        "othercomprehensiveincomelossavailableforsalesecuritiesadjustmentnetoftax": -4200000,
        "othercomprehensiveincomelossforeigncurrencytransactionandtranslationadjustmentnetoftax": 1800000,
        "othercomprehensiveincomelosspensionandotherpostretirementbenefitplansadjustmentnetoftax": 100000,
        "othercomprehensiveincomelossnetoftax": 3100000,
        "comprehensiveincomenetoftaxincludingportionattributabletononcontrollinginterest": 550500000,
        "comprehensiveincomenetoftaxattributabletononcontrollinginterest": 2100000,
        "comprehensiveincomenetoftax": 548400000
    },
    {
        "date": "2023-12-30",
        "symbol": "ISRG",
        "period": "Q4",
        "revenuefromcontractwithcustomerexcludingassessedtax": -341600000,
        "costofgoodsandservicessold": 385100000,
        "grossprofit": 1277400000,
        "sellinggeneralandadministrativeexpense": 567100000,
        "researchanddevelopmentexpense": 260100000,
        "operatingexpenses": 827200000,
        "operatingincomeloss": 450200000,
        "nonoperatingincomeexpense": 65700000,
        "incomelossfromcontinuingoperationsbeforeincometaxesextraordinaryitemsnoncontrollinginterest": 515900000,
        "incometaxexpensebenefit": -94800000,
        "profitloss": 610700000,
        "netincomelossattributabletononcontrollinginterest": 4500000,
        "netincomeloss": 606200000,
        "earningspersharebasic": 1.7300000000000002,
        "earningspersharediluted": 1.6900000000000004,
        "weightedaveragenumberofsharesoutstandingbasic": 351200000,
        "weightedaveragenumberofdilutedsharesoutstanding": 357400000,
        "othercomprehensiveincomelossforeigncurrencytransactionandtranslationadjustmentnetoftax": 9800000,
        "othercomprehensiveincomelossavailableforsalesecuritiesadjustmentnetoftax": 48200000,
        "othercomprehensiveincomelosscashflowhedgegainlossafterreclassificationandtax": -12400000,
        "othercomprehensiveincomelossnetoftax": 127700000,
        "comprehensiveincomenetoftaxincludingportionattributabletononcontrollinginterest": 655700000,
        "othercomprehensiveincomelossnetoftaxportionattributabletononcontrollinginterest": 5200000,
        "comprehensiveincomenetoftax": 650500000
    },
    {
        "date": "2023-09-29",
        "symbol": "ISRG",
        "period": "Q3",
        "revenuefromcontractwithcustomerexcludingassessedtax": 1450800000,
        "costofgoodsandservicessold": 489500000,
        "grossprofit": 1167200000,
        "sellinggeneralandadministrativeexpense": 452000000,
        "researchanddevelopmentexpense": 249400000,
        "operatingexpenses": 701400000,
        "operatingincomeloss": 465800000,
        "nonoperatingincomeexpense": 56200000,
        "incomelossfromcontinuingoperationsbeforeincometaxesextraordinaryitemsnoncontrollinginterest": 522000000,
        "incometaxexpensebenefit": 102200000,
        "profitloss": 419800000,
        "netincomelossattributabletononcontrollinginterest": 4100000,
        "netincomeloss": 415700000,
        "earningspersharebasic": 1.18,
        "earningspersharediluted": 1.16,
        "weightedaveragenumberofsharesoutstandingbasic": 351700000,
        "weightedaveragenumberofdilutedsharesoutstanding": 358200000,
        "othercomprehensiveincomelosscashflowhedgegainlossafterreclassificationandtax": 4300000,
        "othercomprehensiveincomelossavailableforsalesecuritiesadjustmentnetoftax": 25600000,
        "othercomprehensiveincomelossforeigncurrencytransactionandtranslationadjustmentnetoftax": -6800000,
        "othercomprehensiveincomelossnetoftax": 23100000,
        "comprehensiveincomenetoftaxincludingportionattributabletononcontrollinginterest": 442900000,
        "othercomprehensiveincomelossnetoftaxportionattributabletononcontrollinginterest": 3900000,
        "comprehensiveincomenetoftax": 439000000
    },
    {
        "date": "2023-06-29",
        "symbol": "ISRG",
        "period": "Q2",
        "revenuefromcontractwithcustomerexcludingassessedtax": 287300000,
        "costofgoodsandservicessold": 584000000,
        "grossprofit": 1171900000,
        "sellinggeneralandadministrativeexpense": 464300000,
        "researchanddevelopmentexpense": 244400000,
        "operatingexpenses": 708700000,
        "operatingincomeloss": 463200000,
        "nonoperatingincomeexpense": 36000000,
        "incomelossfromcontinuingoperationsbeforeincometaxesextraordinaryitemsnoncontrollinginterest": 499200000,
        "incometaxexpensebenefit": 73200000,
        "profitloss": 426000000,
        "netincomelossattributabletononcontrollinginterest": 5200000,
        "netincomeloss": 420800000,
        "earningspersharebasic": 1.2,
        "earningspersharediluted": 1.18,
        "weightedaveragenumberofsharesoutstandingbasic": 350900000,
        "weightedaveragenumberofdilutedsharesoutstanding": 357300000,
        "othercomprehensiveincomelosscashflowhedgegainlossafterreclassificationandtax": 6000000,
        "othercomprehensiveincomelossavailableforsalesecuritiesadjustmentnetoftax": 13100000,
        "othercomprehensiveincomelossforeigncurrencytransactionandtranslationadjustmentnetoftax": 8500000,
        "othercomprehensiveincomelossnetoftax": -1100000,
        "comprehensiveincomenetoftaxincludingportionattributabletononcontrollinginterest": 453600000,
        "othercomprehensiveincomelossnetoftaxportionattributabletononcontrollinginterest": 4099999.9999999995,
        "comprehensiveincomenetoftax": 449500000
    },
    {
        "date": "2023-03-30",
        "symbol": "ISRG",
        "period": "Q1",
        "revenuefromcontractwithcustomerexcludingassessedtax": 283200000,
        "costofgoodsandservicessold": 583200000,
        "grossprofit": 1113000000,
        "sellinggeneralandadministrativeexpense": 480500000,
        "researchanddevelopmentexpense": 244900000,
        "operatingexpenses": 725400000,
        "operatingincomeloss": 387600000,
        "nonoperatingincomeexpense": 34200000,
        "incomelossfromcontinuingoperationsbeforeincometaxesextraordinaryitemsnoncontrollinginterest": 421800000,
        "incometaxexpensebenefit": 61000000,
        "profitloss": 360800000,
        "netincomelossattributabletononcontrollinginterest": 5500000,
        "netincomeloss": 355300000,
        "earningspersharebasic": 1.01,
        "earningspersharediluted": 1,
        "weightedaveragenumberofsharesoutstandingbasic": 350200000,
        "weightedaveragenumberofdilutedsharesoutstanding": 356000000,
        "othercomprehensiveincomelosscashflowhedgegainlossafterreclassificationandtax": 2500000,
        "othercomprehensiveincomelossavailableforsalesecuritiesadjustmentnetoftax": 37600000,
        "othercomprehensiveincomelossforeigncurrencytransactionandtranslationadjustmentnetoftax": 14200000,
        "othercomprehensiveincomelossnetoftax": 300000,
        "comprehensiveincomenetoftaxincludingportionattributabletononcontrollinginterest": 415100000,
        "othercomprehensiveincomelossnetoftaxportionattributabletononcontrollinginterest": 5800000,
        "comprehensiveincomenetoftax": 409300000
    },
    {
        "date": "2022-12-30",
        "symbol": "ISRG",
        "period": "Q4",
        "revenuefromcontractwithcustomerexcludingassessedtax": 2757000000,
        "costofgoodsandservicessold": 544100000,
        "grossprofit": 1110900000,
        "sellinggeneralandadministrativeexpense": 494300000,
        "researchanddevelopmentexpense": 244100000,
        "operatingexpenses": 738400000,
        "operatingincomeloss": 372500000,
        "nonoperatingincomeexpense": 22200000,
        "incomelossfromcontinuingoperationsbeforeincometaxesextraordinaryitemsnoncontrollinginterest": 394700000,
        "incometaxexpensebenefit": 57999999.99999997,
        "profitloss": 336700000,
        "netincomelossattributabletononcontrollinginterest": 11800000,
        "netincomeloss": 324900000,
        "earningspersharebasic": 0.9300000000000002,
        "earningspersharediluted": 0.9099999999999999,
        "weightedaveragenumberofsharesoutstandingbasic": -357800000,
        "weightedaveragenumberofdilutedsharesoutstanding": -363800000,
        "othercomprehensiveincomelossforeigncurrencytransactionandtranslationadjustmentnetoftax": 11500000,
        "othercomprehensiveincomelossavailableforsalesecuritiesadjustmentnetoftax": 23200000,
        "othercomprehensiveincomelosscashflowhedgegainlossafterreclassificationandtax": -15100000,
        "othercomprehensiveincomelossnetoftax": 300000,
        "comprehensiveincomenetoftaxincludingportionattributabletononcontrollinginterest": 362100000,
        "othercomprehensiveincomelossnetoftaxportionattributabletononcontrollinginterest": 12100000,
        "comprehensiveincomenetoftax": 350000000
    },
    {
        "date": "2022-09-29",
        "symbol": "ISRG",
        "period": "Q3",
        "revenuefromcontractwithcustomerexcludingassessedtax": 259899999.99999997,
        "costofgoodsandservicessold": 505300000,
        "grossprofit": 1052099999.9999999,
        "sellinggeneralandadministrativeexpense": 436100000,
        "researchanddevelopmentexpense": 217100000,
        "operatingexpenses": 653200000,
        "operatingincomeloss": 398900000,
        "nonoperatingincomeexpense": 3900000,
        "incomelossfromcontinuingoperationsbeforeincometaxesextraordinaryitemsnoncontrollinginterest": 402800000,
        "incometaxexpensebenefit": 78100000,
        "profitloss": 324700000,
        "netincomelossattributabletononcontrollinginterest": 700000,
        "netincomeloss": 324000000,
        "earningspersharebasic": 0.91,
        "earningspersharediluted": 0.9,
        "weightedaveragenumberofsharesoutstandingbasic": 355300000,
        "weightedaveragenumberofdilutedsharesoutstanding": 360500000,
        "othercomprehensiveincomelosscashflowhedgegainlossafterreclassificationandtax": 2300000,
        "othercomprehensiveincomelossavailableforsalesecuritiesadjustmentnetoftax": -37300000,
        "othercomprehensiveincomelossforeigncurrencytransactionandtranslationadjustmentnetoftax": -10000000,
        "othercomprehensiveincomelosspensionandotherpostretirementbenefitplansadjustmentnetoftax": -100000,
        "othercomprehensiveincomelossnetoftax": -1500000,
        "comprehensiveincomenetoftaxincludingportionattributabletononcontrollinginterest": 279800000,
        "othercomprehensiveincomelossnetoftaxportionattributabletononcontrollinginterest": -800000,
        "comprehensiveincomenetoftax": 280600000
    },
    {
        "date": "2022-06-29",
        "symbol": "ISRG",
        "period": "Q2",
        "revenuefromcontractwithcustomerexcludingassessedtax": 251700000,
        "costofgoodsandservicessold": 498800000,
        "grossprofit": 1023300000,
        "sellinggeneralandadministrativeexpense": 418400000,
        "researchanddevelopmentexpense": 207300000,
        "operatingexpenses": 625700000,
        "operatingincomeloss": 397600000,
        "nonoperatingincomeexpense": 9300000,
        "incomelossfromcontinuingoperationsbeforeincometaxesextraordinaryitemsnoncontrollinginterest": 406900000,
        "incometaxexpensebenefit": 93300000,
        "profitloss": 313600000,
        "netincomelossattributabletononcontrollinginterest": 5800000,
        "netincomeloss": 307800000,
        "earningspersharebasic": 0.8599999999999999,
        "earningspersharediluted": 0.8400000000000001,
        "weightedaveragenumberofsharesoutstandingbasic": -200000,
        "weightedaveragenumberofdilutedsharesoutstanding": -1400000,
        "othercomprehensiveincomelosscashflowhedgegainlossafterreclassificationandtax": 4400000,
        "othercomprehensiveincomelossavailableforsalesecuritiesadjustmentnetoftax": -33400000,
        "othercomprehensiveincomelossforeigncurrencytransactionandtranslationadjustmentnetoftax": -5500000,
        "othercomprehensiveincomelosspensionandotherpostretirementbenefitplansadjustmentnetoftax": 0,
        "othercomprehensiveincomelossnetoftax": -1000000,
        "comprehensiveincomenetoftaxincludingportionattributabletononcontrollinginterest": 279100000,
        "othercomprehensiveincomelossnetoftaxportionattributabletononcontrollinginterest": 4800000,
        "comprehensiveincomenetoftax": 274300000
    },
    {
        "date": "2022-03-30",
        "symbol": "ISRG",
        "period": "Q1",
        "revenuefromcontractwithcustomerexcludingassessedtax": 249300000,
        "costofgoodsandservicessold": 478000000,
        "grossprofit": 1009700000,
        "sellinggeneralandadministrativeexpense": 391100000,
        "researchanddevelopmentexpense": 210500000,
        "operatingexpenses": 601600000,
        "operatingincomeloss": 408100000,
        "nonoperatingincomeexpense": -5700000,
        "incomelossfromcontinuingoperationsbeforeincometaxesextraordinaryitemsnoncontrollinginterest": 402400000,
        "incometaxexpensebenefit": 33000000,
        "profitloss": 369400000,
        "netincomelossattributabletononcontrollinginterest": 3800000,
        "netincomeloss": 365600000,
        "earningspersharebasic": 1.02,
        "earningspersharediluted": 1,
        "weightedaveragenumberofsharesoutstandingbasic": 358400000,
        "weightedaveragenumberofdilutedsharesoutstanding": 366700000,
        "othercomprehensiveincomelosscashflowhedgegainlossafterreclassificationandtax": 1000000,
        "othercomprehensiveincomelossavailableforsalesecuritiesadjustmentnetoftax": -90700000,
        "othercomprehensiveincomelossforeigncurrencytransactionandtranslationadjustmentnetoftax": 3500000,
        "othercomprehensiveincomelosspensionandotherpostretirementbenefitplansadjustmentnetoftax": -100000,
        "othercomprehensiveincomelossnetoftax": 400000,
        "comprehensiveincomenetoftaxincludingportionattributabletononcontrollinginterest": 283300000,
        "othercomprehensiveincomelossnetoftaxportionattributabletononcontrollinginterest": 4200000,
        "comprehensiveincomenetoftax": 279100000
    },
    {
        "date": "2021-12-30",
        "symbol": "ISRG",
        "period": "Q4",
        "revenuefromcontractwithcustomerexcludingassessedtax": 238000000,
        "costofgoodsandservicessold": 489900000,
        "grossprofit": 1060800000,
        "sellinggeneralandadministrativeexpense": 427000000,
        "researchanddevelopmentexpense": 183400000,
        "operatingexpenses": 610400000,
        "operatingincomeloss": 450400000,
        "nonoperatingincomeexpense": 3800000,
        "incometaxexpensebenefit": 71500000,
        "profitloss": 382700000,
        "netincomelossattributabletononcontrollinginterest": 2100000,
        "netincomeloss": 380600000,
        "earningspersharebasic": -4.25,
        "earningspersharediluted": -4.14,
        "weightedaveragenumberofsharesoutstandingbasic": -237400000,
        "weightedaveragenumberofdilutedsharesoutstanding": -243900000,
        "comprehensiveincomenetoftax": 351100000
    },
    {
        "date": "2021-09-29",
        "symbol": "ISRG",
        "period": "Q3",
        "revenuefromcontractwithcustomerexcludingassessedtax": 232700000,
        "costofgoodsandservicessold": 431900000,
        "grossprofit": 971400000,
        "sellinggeneralandadministrativeexpense": 363300000,
        "researchanddevelopmentexpense": 165500000,
        "operatingexpenses": 528799999.99999994,
        "operatingincomeloss": 442600000,
        "nonoperatingincomeexpense": 18500000,
        "incomelossfromcontinuingoperationsbeforeincometaxesminorityinterestandincomelossfromequitymethodinvestments": 461100000,
        "incometaxexpensebenefit": 73900000,
        "profitloss": 387200000,
        "netincomelossattributabletononcontrollinginterest": 6700000,
        "netincomeloss": 380500000,
        "earningspersharebasic": 1.07,
        "earningspersharediluted": 1.04,
        "weightedaveragenumberofsharesoutstandingbasic": 356800000,
        "weightedaveragenumberofdilutedsharesoutstanding": 366800000,
        "comprehensiveincomenetoftaxincludingportionattributabletononcontrollinginterest": 382100000,
        "othercomprehensiveincomelossnetoftaxportionattributabletononcontrollinginterest": 6600000,
        "comprehensiveincomenetoftax": 375500000
    },
    {
        "date": "2021-06-29",
        "symbol": "ISRG",
        "period": "Q2",
        "revenuefromcontractwithcustomerexcludingassessedtax": 228000000,
        "costofgoodsandservicessold": 440300000,
        "grossprofit": 1023700000,
        "sellinggeneralandadministrativeexpense": 350200000,
        "researchanddevelopmentexpense": 162300000,
        "operatingexpenses": 512500000,
        "operatingincomeloss": 511200000,
        "nonoperatingincomeexpense": 15000000,
        "incomelossfromcontinuingoperationsbeforeincometaxesminorityinterestandincomelossfromequitymethodinvestments": 526200000.00000006,
        "incometaxexpensebenefit": 3200000,
        "profitloss": 523000000,
        "netincomelossattributabletononcontrollinginterest": 5800000,
        "netincomeloss": 517200000.00000006,
        "earningspersharebasic": 4.36,
        "earningspersharediluted": 4.25,
        "weightedaveragenumberofsharesoutstandingbasic": 118600000,
        "weightedaveragenumberofdilutedsharesoutstanding": 121600000,
        "comprehensiveincomenetoftaxincludingportionattributabletononcontrollinginterest": 521400000,
        "othercomprehensiveincomelossnetoftaxportionattributabletononcontrollinginterest": 5300000,
        "comprehensiveincomenetoftax": 516100000
    },
    {
        "date": "2021-03-30",
        "symbol": "ISRG",
        "period": "Q1",
        "revenuefromcontractwithcustomerexcludingassessedtax": 217500000,
        "costofgoodsandservicessold": 389500000,
        "grossprofit": 902600000,
        "sellinggeneralandadministrativeexpense": 326000000,
        "researchanddevelopmentexpense": 159800000,
        "operatingexpenses": 485800000,
        "operatingincomeloss": 416800000,
        "nonoperatingincomeexpense": 32000000,
        "incomelossfromcontinuingoperationsbeforeincometaxesminorityinterestandincomelossfromequitymethodinvestments": 448800000,
        "incometaxexpensebenefit": 13600000,
        "profitloss": 435200000,
        "netincomelossattributabletononcontrollinginterest": 8900000,
        "netincomeloss": 426300000,
        "earningspersharebasic": 3.61,
        "earningspersharediluted": 3.51,
        "weightedaveragenumberofsharesoutstandingbasic": 118100000,
        "weightedaveragenumberofdilutedsharesoutstanding": 121300000,
        "comprehensiveincomenetoftaxincludingportionattributabletononcontrollinginterest": 421900000,
        "othercomprehensiveincomelossnetoftaxportionattributabletononcontrollinginterest": 9100000,
        "comprehensiveincomenetoftax": 412800000
    },
    {
        "date": "2020-09-29",
        "symbol": "ISRG",
        "period": "Q3",
        "revenuefromcontractwithcustomerexcludingassessedtax": 179400000,
        "costofgoodsandservicessold": 353400000,
        "grossprofit": 724300000,
        "sellinggeneralandadministrativeexpense": 298900000,
        "researchanddevelopmentexpense": 155000000,
        "operatingexpenses": 453900000,
        "operatingincomeloss": 270400000,
        "nonoperatingincomeexpense": 84800000,
        "incomelossfromcontinuingoperationsbeforeincometaxesminorityinterestandincomelossfromequitymethodinvestments": 355200000,
        "incometaxexpensebenefit": 38400000,
        "profitloss": 316800000,
        "netincomelossattributabletononcontrollinginterest": 2900000,
        "netincomeloss": 313900000,
        "earningspersharebasic": 2.68,
        "earningspersharediluted": 2.6,
        "weightedaveragenumberofsharesoutstandingbasic": 117300000,
        "weightedaveragenumberofdilutedsharesoutstanding": 120600000,
        "comprehensiveincomenetoftax": 307800000
    },
    {
        "date": "2020-06-29",
        "symbol": "ISRG",
        "period": "Q2",
        "revenuefromcontractwithcustomerexcludingassessedtax": 130300000.00000001,
        "costofgoodsandservicessold": 349200000,
        "grossprofit": 502900000,
        "sellinggeneralandadministrativeexpense": 279100000,
        "researchanddevelopmentexpense": 143200000,
        "operatingexpenses": 422300000,
        "operatingincomeloss": 80600000,
        "nonoperatingincomeexpense": 26600000,
        "incomelossfromcontinuingoperationsbeforeincometaxesminorityinterestandincomelossfromequitymethodinvestments": 107200000,
        "incometaxexpensebenefit": 37000000,
        "profitloss": 70200000,
        "netincomelossattributabletononcontrollinginterest": 2200000,
        "netincomeloss": 68000000,
        "earningspersharebasic": 0.58,
        "earningspersharediluted": 0.57,
        "weightedaveragenumberofsharesoutstandingbasic": 116800000,
        "weightedaveragenumberofdilutedsharesoutstanding": 119700000,
        "comprehensiveincomenetoftax": 81400000
    },
    {
        "date": "2020-03-30",
        "symbol": "ISRG",
        "period": "Q1",
        "revenuefromcontractwithcustomerexcludingassessedtax": 198700000,
        "costofgoodsandservicessold": 361300000,
        "grossprofit": 738200000,
        "sellinggeneralandadministrativeexpense": 308100000,
        "researchanddevelopmentexpense": 147100000,
        "operatingexpenses": 455200000,
        "operatingincomeloss": 283000000,
        "nonoperatingincomeexpense": 25100000,
        "incomelossfromcontinuingoperationsbeforeincometaxesminorityinterestandincomelossfromequitymethodinvestments": 308100000,
        "incometaxexpensebenefit": -8100000,
        "profitloss": 316200000,
        "netincomelossattributabletononcontrollinginterest": 2700000,
        "netincomeloss": 313500000,
        "earningspersharebasic": 2.69,
        "earningspersharediluted": 2.62,
        "weightedaveragenumberofsharesoutstandingbasic": 116400000,
        "weightedaveragenumberofdilutedsharesoutstanding": 119800000,
        "comprehensiveincomenetoftax": 310000000
    },
    {
        "date": "2019-12-30",
        "symbol": "ISRG",
        "period": "Q4",
        "revenuefromcontractwithcustomerexcludingassessedtax": -609500000,
        "costofgoodsandservicessold": 381700000,
        "grossprofit": 896000000,
        "sellinggeneralandadministrativeexpense": 341800000,
        "researchanddevelopmentexpense": 156600000,
        "operatingexpenses": 498400000,
        "operatingincomeloss": 397600000,
        "nonoperatingincomeexpense": 34100000,
        "incomelossfromcontinuingoperationsbeforeincometaxesminorityinterestandincomelossfromequitymethodinvestments": 431700000,
        "incometaxexpensebenefit": 69000000,
        "profitloss": 362700000,
        "netincomelossattributabletononcontrollinginterest": 5000000,
        "netincomeloss": 357700000,
        "earningspersharebasic": 3.08,
        "earningspersharediluted": 2.979999999999999,
        "weightedaveragenumberofsharesoutstandingbasic": -230400000,
        "weightedaveragenumberofdilutedsharesoutstanding": -238700000,
        "comprehensiveincomenetoftax": 352300000
    },
    {
        "date": "2019-09-29",
        "symbol": "ISRG",
        "period": "Q3",
        "revenuefromcontractwithcustomerexcludingassessedtax": 183400000,
        "costofgoodsandservicessold": 342600000,
        "grossprofit": 785600000,
        "sellinggeneralandadministrativeexpense": 284000000,
        "researchanddevelopmentexpense": 135900000,
        "operatingexpenses": 419900000,
        "operatingincomeloss": 365700000,
        "nonoperatingincomeexpense": 33299999.999999996,
        "incomelossfromcontinuingoperationsbeforeincometaxesminorityinterestandincomelossfromequitymethodinvestments": 399000000,
        "incometaxexpensebenefit": 300000,
        "profitloss": 398700000,
        "netincomelossattributabletononcontrollinginterest": 1900000,
        "netincomeloss": 396800000,
        "earningspersharebasic": 3.44,
        "earningspersharediluted": 3.33,
        "weightedaveragenumberofsharesoutstandingbasic": 115400000,
        "weightedaveragenumberofdilutedsharesoutstanding": 119300000,
        "comprehensiveincomenetoftax": 398500000
    },
    {
        "date": "2019-06-29",
        "symbol": "ISRG",
        "period": "Q2",
        "revenuefromcontractwithcustomerexcludingassessedtax": 922300000,
        "costofgoodsandservicessold": 283400000,
        "grossprofit": 759000000,
        "sellinggeneralandadministrativeexpense": 279200000,
        "researchanddevelopmentexpense": 120800000,
        "operatingexpenses": 400000000,
        "operatingincomeloss": 359000000,
        "nonoperatingincomeexpense": 32800000,
        "incomelossfromcontinuingoperationsbeforeincometaxesminorityinterestandincomelossfromequitymethodinvestments": 391800000,
        "incometaxexpensebenefit": 75400000,
        "profitloss": 316400000,
        "netincomelossattributabletononcontrollinginterest": -1900000,
        "netincomeloss": 318300000,
        "earningspersharebasic": 2.76,
        "earningspersharediluted": 2.67,
        "weightedaveragenumberofsharesoutstandingbasic": 115400000,
        "weightedaveragenumberofdilutedsharesoutstanding": 119300000,
        "comprehensiveincomenetoftax": 335100000
    },
    {
        "date": "2019-03-30",
        "symbol": "ISRG",
        "period": "Q1",
        "revenuefromcontractwithcustomerexcludingassessedtax": 973700000,
        "costofgoodsandservicessold": 304100000,
        "grossprofit": 669600000,
        "sellinggeneralandadministrativeexpense": 273400000,
        "researchanddevelopmentexpense": 144000000,
        "operatingexpenses": 417400000,
        "operatingincomeloss": 252200000,
        "nonoperatingincomeexpense": 27500000,
        "incomelossfromcontinuingoperationsbeforeincometaxesminorityinterestandincomelossfromequitymethodinvestments": 279700000,
        "incometaxexpensebenefit": -24300000,
        "profitloss": 304000000,
        "netincomelossattributabletononcontrollinginterest": -2500000,
        "netincomeloss": 306500000,
        "earningspersharebasic": 2.67,
        "earningspersharediluted": 2.56,
        "weightedaveragenumberofsharesoutstandingbasic": 115000000,
        "weightedaveragenumberofdilutedsharesoutstanding": 119600000,
        "comprehensiveincomenetoftax": 319100000
    },
    {
        "date": "2018-12-30",
        "symbol": "ISRG",
        "period": "Q4",
        "netincomeloss": 292500000,
        "comprehensiveincomenetoftax": 295900000,
        "grossprofit": 735700000,
        "sellinggeneralandadministrativeexpense": 283800000,
        "researchanddevelopmentexpense": 119900000,
        "operatingexpenses": 403700000,
        "operatingincomeloss": 332000000,
        "nonoperatingincomeexpense": 26800000,
        "incomelossfromcontinuingoperationsbeforeincometaxesminorityinterestandincomelossfromequitymethodinvestments": 358800000,
        "incometaxexpensebenefit": 67500000,
        "profitloss": 291300000,
        "netincomelossattributabletononcontrollinginterest": -1200000,
        "earningspersharebasic": 2.55,
        "earningspersharediluted": 2.4500000000000006,
        "weightedaveragenumberofsharesoutstandingbasic": -226600000,
        "weightedaveragenumberofdilutedsharesoutstanding": -236900000
    },
    {
        "date": "2018-09-29",
        "symbol": "ISRG",
        "period": "Q3",
        "revenuefromcontractwithcustomerexcludingassessedtax": 760900000,
        "costofgoodsandservicessold": 225100000,
        "grossprofit": 642300000,
        "sellinggeneralandadministrativeexpense": 221400000,
        "researchanddevelopmentexpense": 107600000,
        "operatingexpenses": 329000000,
        "operatingincomeloss": 313300000,
        "nonoperatingincomeexpense": 21900000,
        "incomelossfromcontinuingoperationsbeforeincometaxesminorityinterestandincomelossfromequitymethodinvestments": 335200000,
        "incometaxexpensebenefit": 43400000,
        "profitloss": 291800000,
        "netincomelossattributabletononcontrollinginterest": -700000,
        "netincomeloss": 292500000,
        "earningspersharebasic": 2.57,
        "earningspersharediluted": 2.45,
        "weightedaveragenumberofsharesoutstandingbasic": 114000000,
        "weightedaveragenumberofdilutedsharesoutstanding": 119200000,
        "comprehensiveincomenetoftax": 292200000
    },
    {
        "date": "2018-06-29",
        "symbol": "ISRG",
        "period": "Q2",
        "salesrevenuegoodsnet": 753500000,
        "salesrevenueservicesnet": 155800000,
        "salesrevenuenet": 909300000,
        "costofgoodssold": 228100000,
        "costofservices": 48900000,
        "costofrevenue": 277000000,
        "grossprofit": 632300000,
        "sellinggeneralandadministrativeexpense": 259800000,
        "researchanddevelopmentexpense": 95100000,
        "operatingexpenses": 354900000,
        "operatingincomeloss": 277400000,
        "nonoperatingincomeexpense": 18200000,
        "incomelossfromcontinuingoperationsbeforeincometaxesminorityinterestandincomelossfromequitymethodinvestments": 295600000,
        "incometaxexpensebenefit": 41000000,
        "profitloss": 254600000,
        "netincomelossattributabletononcontrollinginterest": -700000,
        "netincomeloss": 255300000,
        "earningspersharebasic": 2.25,
        "earningspersharediluted": 2.15,
        "weightedaveragenumberofsharesoutstandingbasic": 113500000,
        "weightedaveragenumberofdilutedsharesoutstanding": 118500000,
        "comprehensiveincomenetoftax": 257000000
    },
    {
        "date": "2018-03-30",
        "symbol": "ISRG",
        "period": "Q1",
        "salesrevenuegoodsnet": 694800000,
        "salesrevenueservicesnet": 152700000,
        "salesrevenuenet": 847500000,
        "costofgoodssold": 201500000,
        "costofservices": 52200000,
        "costofrevenue": 253700000,
        "grossprofit": 593800000,
        "sellinggeneralandadministrativeexpense": 221600000,
        "researchanddevelopmentexpense": 95500000,
        "operatingexpenses": 317100000,
        "operatingincomeloss": 276700000,
        "nonoperatingincomeexpense": 13200000,
        "incomelossfromcontinuingoperationsbeforeincometaxesminorityinterestandincomelossfromequitymethodinvestments": 289900000,
        "incometaxexpensebenefit": 2600000,
        "profitloss": 287300000,
        "netincomelossattributabletononcontrollinginterest": -300000,
        "netincomeloss": 287600000,
        "earningspersharebasic": 2.55,
        "earningspersharediluted": 2.44,
        "weightedaveragenumberofsharesoutstandingbasic": 112800000,
        "weightedaveragenumberofdilutedsharesoutstanding": 118000000,
        "comprehensiveincomenetoftax": 285000000
    },
    {
        "date": "2017-09-29",
        "symbol": "ISRG",
        "period": "Q3",
        "salesrevenuegoodsnet": 659300000,
        "salesrevenueservicesnet": 146800000,
        "salesrevenuenet": 806100000,
        "costofgoodssold": 195000000,
        "costofservices": 44300000,
        "costofrevenue": 239300000,
        "grossprofit": 566800000,
        "sellinggeneralandadministrativeexpense": 204800000,
        "researchanddevelopmentexpense": 83400000,
        "operatingexpenses": 288200000,
        "operatingincomeloss": 278600000,
        "nonoperatingincomeexpense": 10800000,
        "incomelossfromcontinuingoperationsbeforeincometaxesminorityinterestandincomelossfromequitymethodinvestments": 289400000,
        "incometaxexpensebenefit": -8100000,
        "netincomeloss": 297500000,
        "earningspersharebasic": 2.66,
        "earningspersharediluted": 2.55,
        "weightedaveragenumberofsharesoutstandingbasic": 111800000,
        "weightedaveragenumberofdilutedsharesoutstanding": 116800000,
        "comprehensiveincomenetoftax": 298100000
    },
    {
        "date": "2017-06-29",
        "symbol": "ISRG",
        "period": "Q2",
        "salesrevenuegoodsnet": 614200000,
        "salesrevenueservicesnet": 142000000,
        "salesrevenuenet": 756200000,
        "costofgoodssold": 184300000,
        "costofservices": 44000000,
        "costofrevenue": 228300000,
        "grossprofit": 527900000,
        "sellinggeneralandadministrativeexpense": 185800000,
        "researchanddevelopmentexpense": 84600000,
        "operatingexpenses": 270400000,
        "operatingincomeloss": 257500000,
        "nonoperatingincomeexpense": 10100000,
        "incomelossfromcontinuingoperationsbeforeincometaxesminorityinterestandincomelossfromequitymethodinvestments": 267600000,
        "incometaxexpensebenefit": 46100000,
        "netincomeloss": 221500000,
        "earningspersharebasic": 5.99,
        "earningspersharediluted": 5.77,
        "weightedaveragenumberofsharesoutstandingbasic": 37000000,
        "weightedaveragenumberofdilutedsharesoutstanding": 38400000,
        "comprehensiveincomenetoftax": 219700000
    },
    {
        "date": "2017-03-30",
        "symbol": "ISRG",
        "period": "Q1",
        "salesrevenuegoodsnet": 534000000,
        "salesrevenueservicesnet": 140200000,
        "salesrevenuenet": 674200000,
        "costofgoodssold": 163800000,
        "costofservices": 44300000,
        "costofrevenue": 208100000,
        "grossprofit": 466100000,
        "sellinggeneralandadministrativeexpense": 201100000,
        "researchanddevelopmentexpense": 73500000,
        "operatingexpenses": 274600000,
        "operatingincomeloss": 191500000,
        "nonoperatingincomeexpense": 8700000,
        "incomelossfromcontinuingoperationsbeforeincometaxesminorityinterestandincomelossfromequitymethodinvestments": 200200000,
        "incometaxexpensebenefit": 20400000,
        "netincomeloss": 179800000,
        "earningspersharebasic": 4.82,
        "earningspersharediluted": 4.67,
        "weightedaveragenumberofsharesoutstandingbasic": 37300000,
        "weightedaveragenumberofdilutedsharesoutstanding": 38500000,
        "comprehensiveincomenetoftax": 180700000
    },
    {
        "date": "2016-09-29",
        "symbol": "ISRG",
        "period": "Q3",
        "salesrevenuegoodsnet": 553200000,
        "salesrevenueservicesnet": 129700000,
        "salesrevenuenet": 682900000,
        "costofgoodssold": 158400000,
        "costofservices": 37500000,
        "costofrevenue": 195900000,
        "grossprofit": 487000000,
        "sellinggeneralandadministrativeexpense": 168000000,
        "researchanddevelopmentexpense": 62600000,
        "operatingexpenses": 230600000,
        "operatingincomeloss": 256400000,
        "nonoperatingincomeexpense": 10400000,
        "incomelossfromcontinuingoperationsbeforeincometaxesminorityinterestandincomelossfromequitymethodinvestments": 266800000,
        "incometaxexpensebenefit": 55800000,
        "netincomeloss": 211000000,
        "earningspersharebasic": 5.45,
        "earningspersharediluted": 5.31,
        "weightedaveragenumberofsharesoutstandingbasic": 38700000,
        "weightedaveragenumberofdilutedsharesoutstanding": 39700000,
        "comprehensiveincomenetoftax": 205700000
    },
    {
        "date": "2016-06-29",
        "symbol": "ISRG",
        "period": "Q2",
        "salesrevenuegoodsnet": 542000000,
        "salesrevenueservicesnet": 128100000,
        "salesrevenuenet": 670100000,
        "costofgoodssold": 165800000,
        "costofservices": 33400000,
        "costofrevenue": 199200000,
        "grossprofit": 470900000,
        "sellinggeneralandadministrativeexpense": 170800000,
        "researchanddevelopmentexpense": 54700000,
        "operatingexpenses": 225500000,
        "operatingincomeloss": 245400000,
        "nonoperatingincomeexpense": 8000000,
        "incomelossfromcontinuingoperationsbeforeincometaxesminorityinterestandincomelossfromequitymethodinvestments": 253400000,
        "incometaxexpensebenefit": 68900000,
        "netincomeloss": 184500000,
        "earningspersharebasic": 4.82,
        "earningspersharediluted": 4.71,
        "weightedaveragenumberofsharesoutstandingbasic": 38300000,
        "weightedaveragenumberofdilutedsharesoutstanding": 39200000,
        "comprehensiveincomenetoftax": 192500000
    },
    {
        "date": "2016-03-30",
        "symbol": "ISRG",
        "period": "Q1",
        "salesrevenuegoodsnet": 470000000,
        "salesrevenueservicesnet": 124500000,
        "salesrevenuenet": 594500000,
        "costofgoodssold": 151600000,
        "costofservices": 37900000,
        "costofrevenue": 189500000,
        "grossprofit": 405000000,
        "sellinggeneralandadministrativeexpense": 172800000,
        "researchanddevelopmentexpense": 53200000,
        "operatingexpenses": 226000000,
        "operatingincomeloss": 179000000,
        "nonoperatingincomeexpense": 5500000,
        "incomelossfromcontinuingoperationsbeforeincometaxesminorityinterestandincomelossfromequitymethodinvestments": 184500000,
        "incometaxexpensebenefit": 48100000,
        "netincomeloss": 136400000,
        "earningspersharebasic": 3.62,
        "earningspersharediluted": 3.54,
        "weightedaveragenumberofsharesoutstandingbasic": 37700000,
        "weightedaveragenumberofdilutedsharesoutstanding": 38500000,
        "comprehensiveincomenetoftax": 147200000
    },
    {
        "date": "2015-09-29",
        "symbol": "ISRG",
        "period": "Q3",
        "salesrevenuegoodsnet": 472300000,
        "salesrevenueservicesnet": 117400000,
        "salesrevenuenet": 589700000,
        "costofgoodssold": 155300000,
        "costofservices": 38600000,
        "costofrevenue": 193900000,
        "grossprofit": 395800000,
        "sellinggeneralandadministrativeexpense": 154900000,
        "researchanddevelopmentexpense": 51000000,
        "operatingexpenses": 205900000,
        "operatingincomeloss": 189900000,
        "nonoperatingincomeexpense": 3700000,
        "incomelossfromcontinuingoperationsbeforeincometaxesminorityinterestandincomelossfromequitymethodinvestments": 193600000,
        "incometaxexpensebenefit": 26300000,
        "netincomeloss": 167300000,
        "earningspersharebasic": 4.49,
        "earningspersharediluted": 4.4,
        "weightedaveragenumberofsharesoutstandingbasic": 37300000,
        "weightedaveragenumberofdilutedsharesoutstanding": 38000000,
        "comprehensiveincomenetoftax": 171000000
    },
    {
        "date": "2015-06-29",
        "symbol": "ISRG",
        "period": "Q2",
        "salesrevenuegoodsnet": 472800000,
        "salesrevenueservicesnet": 113300000,
        "salesrevenuenet": 586100000,
        "costofgoodssold": 160100000,
        "costofservices": 39500000,
        "costofrevenue": 199600000,
        "grossprofit": 386500000,
        "sellinggeneralandadministrativeexpense": 163300000,
        "researchanddevelopmentexpense": 49400000,
        "operatingexpenses": 212700000,
        "operatingincomeloss": 173800000,
        "nonoperatingincomeexpense": 4600000,
        "incomelossfromcontinuingoperationsbeforeincometaxesminorityinterestandincomelossfromequitymethodinvestments": 178400000,
        "incometaxexpensebenefit": 43900000,
        "netincomeloss": 134500000,
        "earningspersharebasic": 3.64,
        "earningspersharediluted": 3.56,
        "weightedaveragenumberofsharesoutstandingbasic": 36900000,
        "weightedaveragenumberofdilutedsharesoutstanding": 37800000,
        "comprehensiveincomenetoftax": 129300000
    },
    {
        "date": "2015-03-30",
        "symbol": "ISRG",
        "period": "Q1",
        "salesrevenuegoodsnet": 418200000,
        "salesrevenueservicesnet": 113900000,
        "salesrevenuenet": 532100000,
        "costofgoodssold": 153500000,
        "costofservices": 41800000,
        "costofrevenue": 195300000,
        "grossprofit": 336800000,
        "sellinggeneralandadministrativeexpense": 162000000,
        "researchanddevelopmentexpense": 44400000,
        "operatingexpenses": 206400000,
        "operatingincomeloss": 130400000,
        "nonoperatingincomeexpense": 4300000,
        "incomelossfromcontinuingoperationsbeforeincometaxesminorityinterestandincomelossfromequitymethodinvestments": 134700000,
        "incometaxexpensebenefit": 37700000,
        "netincomeloss": 97000000,
        "earningspersharebasic": 2.64,
        "earningspersharediluted": 2.57,
        "weightedaveragenumberofsharesoutstandingbasic": 36700000,
        "weightedaveragenumberofdilutedsharesoutstanding": 37700000,
        "comprehensiveincomenetoftax": 100900000
    },
    {
        "date": "2014-09-29",
        "symbol": "ISRG",
        "period": "Q3",
        "salesrevenuegoodsnet": 441600000,
        "salesrevenueservicesnet": 108500000,
        "salesrevenuenet": 550100000,
        "costofgoodssold": 150300000,
        "costofservices": 39200000,
        "costofrevenue": 189500000,
        "grossprofit": 360600000,
        "sellinggeneralandadministrativeexpense": 154000000,
        "researchanddevelopmentexpense": 47500000,
        "operatingexpenses": 201500000,
        "operatingincomeloss": 159100000,
        "nonoperatingincomeexpense": 2000000,
        "incomelossfromcontinuingoperationsbeforeincometaxesminorityinterestandincomelossfromequitymethodinvestments": 161100000,
        "incometaxexpensebenefit": 37400000,
        "netincomeloss": 123700000,
        "earningspersharebasic": 3.43,
        "earningspersharediluted": 3.35,
        "weightedaveragenumberofsharesoutstandingbasic": 36100000,
        "weightedaveragenumberofdilutedsharesoutstanding": 36900000,
        "comprehensiveincomenetoftax": 124500000
    },
    {
        "date": "2014-06-29",
        "symbol": "ISRG",
        "period": "Q2",
        "salesrevenuegoodsnet": 405600000,
        "salesrevenueservicesnet": 106600000,
        "salesrevenuenet": 512200000,
        "costofgoodssold": 133500000,
        "costofservices": 34300000,
        "costofrevenue": 167800000,
        "grossprofit": 344400000,
        "sellinggeneralandadministrativeexpense": 161200000,
        "researchanddevelopmentexpense": 40200000,
        "operatingexpenses": 201400000,
        "operatingincomeloss": 143000000,
        "nonoperatingincomeexpense": -400000,
        "incomelossfromcontinuingoperationsbeforeincometaxesminorityinterestandincomelossfromequitymethodinvestments": 142600000,
        "incometaxexpensebenefit": 38600000,
        "netincomeloss": 104000000,
        "earningspersharebasic": 2.82,
        "earningspersharediluted": 2.77,
        "weightedaveragenumberofsharesoutstandingbasic": 36900000,
        "weightedaveragenumberofdilutedsharesoutstanding": 37600000,
        "comprehensiveincomenetoftax": 100800000
    },
    {
        "date": "2014-03-30",
        "symbol": "ISRG",
        "period": "Q1",
        "salesrevenuegoodsnet": 360800000,
        "salesrevenueservicesnet": 103900000,
        "salesrevenuenet": 464700000,
        "costofgoodssold": 113800000,
        "costofservices": 35500000,
        "costofrevenue": 149300000,
        "grossprofit": 315400000,
        "sellinggeneralandadministrativeexpense": 215800000,
        "researchanddevelopmentexpense": 43000000,
        "operatingexpenses": 258800000,
        "operatingincomeloss": 56600000,
        "nonoperatingincomeexpense": 3900000,
        "incomelossfromcontinuingoperationsbeforeincometaxesminorityinterestandincomelossfromequitymethodinvestments": 60500000,
        "incometaxexpensebenefit": 16200000,
        "netincomeloss": 44300000,
        "earningspersharebasic": 1.16,
        "earningspersharediluted": 1.13,
        "weightedaveragenumberofsharesoutstandingbasic": 38300000,
        "weightedaveragenumberofdilutedsharesoutstanding": 39100000,
        "comprehensiveincomenetoftax": 46000000
    },
    {
        "date": "2013-12-30",
        "symbol": "ISRG",
        "period": "Q4",
        "salesrevenuegoodsnet": 472800000,
        "salesrevenueservicesnet": 103400000,
        "salesrevenuenet": 576200000,
        "costofgoodssold": 144200000,
        "costofservices": 34000000,
        "costofrevenue": 178200000,
        "grossprofit": 398000000,
        "sellinggeneralandadministrativeexpense": 147700000,
        "researchanddevelopmentexpense": 41700000,
        "operatingexpenses": 189400000,
        "operatingincomeloss": 208600000,
        "nonoperatingincomeexpense": 5900000,
        "incomelossfromcontinuingoperationsbeforeincometaxesminorityinterestandincomelossfromequitymethodinvestments": 214500000,
        "incometaxexpensebenefit": 48300000,
        "netincomeloss": 166200000,
        "earningspersharebasic": 4.380000000000002,
        "earningspersharediluted": 4.28,
        "weightedaveragenumberofsharesoutstandingbasic": -79600000,
        "weightedaveragenumberofdilutedsharesoutstanding": -81400000
    },
    {
        "date": "2013-09-29",
        "symbol": "ISRG",
        "period": "Q3",
        "salesrevenuegoodsnet": 397600000,
        "salesrevenueservicesnet": 101400000,
        "salesrevenuenet": 499000000,
        "costofgoodssold": 112000000,
        "costofservices": 30300000,
        "costofrevenue": 142300000,
        "grossprofit": 356700000,
        "sellinggeneralandadministrativeexpense": 139300000,
        "researchanddevelopmentexpense": 43200000,
        "operatingexpenses": 182500000,
        "operatingincomeloss": 174200000,
        "nonoperatingincomeexpense": 3900000,
        "incomelossfromcontinuingoperationsbeforeincometaxesminorityinterestandincomelossfromequitymethodinvestments": 178100000,
        "incometaxexpensebenefit": 21300000,
        "netincomeloss": 156800000,
        "earningspersharebasic": 4.06,
        "earningspersharediluted": 3.99,
        "weightedaveragenumberofsharesoutstandingbasic": 38600000,
        "weightedaveragenumberofdilutedsharesoutstanding": 39300000,
        "comprehensiveincomenetoftaxincludingportionattributabletononcontrollinginterest": 159300000
    },
    {
        "date": "2013-06-29",
        "symbol": "ISRG",
        "period": "Q2",
        "salesrevenuegoodsnet": 480400000,
        "salesrevenueservicesnet": 98100000,
        "salesrevenuenet": 578500000,
        "costofgoodssold": 140900000,
        "costofservices": 32400000,
        "costofrevenue": 173300000,
        "grossprofit": 405200000,
        "sellinggeneralandadministrativeexpense": 145500000,
        "researchanddevelopmentexpense": 41200000,
        "operatingexpenses": 186700000,
        "operatingincomeloss": 218500000,
        "nonoperatingincomeexpense": 4300000,
        "incomelossfromcontinuingoperationsbeforeincometaxesminorityinterestandincomelossfromequitymethodinvestments": 222800000,
        "incometaxexpensebenefit": 63700000,
        "netincomeloss": 159100000,
        "earningspersharebasic": 3.99,
        "earningspersharediluted": 3.9,
        "weightedaveragenumberofsharesoutstandingbasic": 39900000,
        "weightedaveragenumberofdilutedsharesoutstanding": 40800000,
        "comprehensiveincomenetoftaxincludingportionattributabletononcontrollinginterest": 148900000
    },
    {
        "date": "2013-03-30",
        "symbol": "ISRG",
        "period": "Q1",
        "salesrevenuegoodsnet": 517000000,
        "salesrevenueservicesnet": 94400000,
        "salesrevenuenet": 611400000,
        "costofgoodssold": 146300000,
        "costofservices": 30800000,
        "costofrevenue": 177100000,
        "grossprofit": 434300000,
        "sellinggeneralandadministrativeexpense": 141500000,
        "researchanddevelopmentexpense": 41600000,
        "operatingexpenses": 183100000,
        "operatingincomeloss": 251200000,
        "nonoperatingincomeexpense": 4300000,
        "incomelossfromcontinuingoperationsbeforeincometaxesminorityinterestandincomelossfromequitymethodinvestments": 255500000,
        "incometaxexpensebenefit": 66600000,
        "netincomeloss": 188900000,
        "earningspersharebasic": 4.69,
        "earningspersharediluted": 4.56,
        "weightedaveragenumberofsharesoutstandingbasic": 40300000,
        "weightedaveragenumberofdilutedsharesoutstanding": 41400000,
        "comprehensiveincomenetoftaxincludingportionattributabletononcontrollinginterest": 190400000
    },
    {
        "date": "2012-12-30",
        "symbol": "ISRG",
        "period": "Q4",
        "salesrevenuegoodsnet": 518700000,
        "salesrevenueservicesnet": 90600000,
        "salesrevenuenet": 609300000,
        "costofgoodssold": 141400000,
        "costofservices": 30000000,
        "costofrevenue": 171400000,
        "grossprofit": 437900000,
        "sellinggeneralandadministrativeexpense": 148100000,
        "researchanddevelopmentexpense": 41700000,
        "operatingexpenses": 189800000,
        "operatingincomeloss": 248100000,
        "nonoperatingincomeexpense": 3700000,
        "incomelossfromcontinuingoperationsbeforeincometaxesminorityinterestandincomelossfromequitymethodinvestments": 251800000,
        "incometaxexpensebenefit": 76900000,
        "netincomeloss": 174900000,
        "earningspersharebasic": 4.400000000000001,
        "earningspersharediluted": 4.27,
        "weightedaveragenumberofsharesoutstandingbasic": -79500000,
        "weightedaveragenumberofdilutedsharesoutstanding": -82300000
    },
    {
        "date": "2012-09-29",
        "symbol": "ISRG",
        "period": "Q3",
        "salesrevenuegoodsnet": 450000000,
        "salesrevenueservicesnet": 87800000,
        "salesrevenuenet": 537800000,
        "costofgoodssold": 119300000,
        "costofservices": 28400000,
        "costofrevenue": 147700000,
        "grossprofit": 390100000,
        "sellinggeneralandadministrativeexpense": 129000000,
        "researchanddevelopmentexpense": 49700000,
        "operatingexpenses": 178700000,
        "operatingincomeloss": 211400000,
        "nonoperatingincomeexpense": 4300000,
        "incomelossfromcontinuingoperationsbeforeincometaxesminorityinterestandincomelossfromequitymethodinvestments": 215700000,
        "incometaxexpensebenefit": 32400000,
        "netincomeloss": 183300000,
        "earningspersharebasic": 4.59,
        "earningspersharediluted": 4.46,
        "weightedaveragenumberofsharesoutstandingbasic": 39900000,
        "weightedaveragenumberofdilutedsharesoutstanding": 41100000,
        "comprehensiveincomenetoftaxincludingportionattributabletononcontrollinginterest": 185500000
    },
    {
        "date": "2012-06-29",
        "symbol": "ISRG",
        "period": "Q2",
        "salesrevenuegoodsnet": 453100000,
        "salesrevenueservicesnet": 83400000,
        "salesrevenuenet": 536500000,
        "costofgoodssold": 122900000,
        "costofservices": 27200000,
        "costofrevenue": 150100000,
        "grossprofit": 386400000,
        "sellinggeneralandadministrativeexpense": 120900000,
        "researchanddevelopmentexpense": 40200000,
        "operatingexpenses": 161100000,
        "operatingincomeloss": 225300000,
        "nonoperatingincomeexpense": 4000000,
        "incomelossfromcontinuingoperationsbeforeincometaxesminorityinterestandincomelossfromequitymethodinvestments": 229300000,
        "incometaxexpensebenefit": 74400000,
        "netincomeloss": 154900000,
        "earningspersharebasic": 3.88,
        "earningspersharediluted": 3.75,
        "weightedaveragenumberofsharesoutstandingbasic": 39900000,
        "weightedaveragenumberofdilutedsharesoutstanding": 41300000,
        "comprehensiveincomenetoftaxincludingportionattributabletononcontrollinginterest": 157000000
    },
    {
        "date": "2012-03-30",
        "symbol": "ISRG",
        "period": "Q1",
        "salesrevenuegoodsnet": 414400000,
        "salesrevenueservicesnet": 80800000,
        "salesrevenuenet": 495200000,
        "costofgoodssold": 111700000,
        "costofservices": 27600000,
        "costofrevenue": 139300000,
        "grossprofit": 355900000,
        "sellinggeneralandadministrativeexpense": 124200000,
        "researchanddevelopmentexpense": 38400000,
        "operatingexpenses": 162600000,
        "operatingincomeloss": 193300000,
        "nonoperatingincomeexpense": 3800000,
        "incomelossfromcontinuingoperationsbeforeincometaxesminorityinterestandincomelossfromequitymethodinvestments": 197100000,
        "incometaxexpensebenefit": 53600000,
        "netincomeloss": 143500000,
        "earningspersharebasic": 3.63,
        "earningspersharediluted": 3.5,
        "weightedaveragenumberofsharesoutstandingbasic": 39500000,
        "weightedaveragenumberofdilutedsharesoutstanding": 41000000,
        "comprehensiveincomenetoftaxincludingportionattributabletononcontrollinginterest": 144100000
    },
    {
        "date": "2011-12-30",
        "symbol": "ISRG",
        "period": "Q4",
        "salesrevenuegoodsnet": 421400000,
        "salesrevenueservicesnet": 75400000,
        "salesrevenuenet": 496800000,
        "costofgoodssold": 107800000,
        "costofservices": 26100000,
        "costofrevenue": 133900000,
        "grossprofit": 362900000,
        "sellinggeneralandadministrativeexpense": 122000000,
        "researchanddevelopmentexpense": 41400000,
        "operatingexpenses": 163400000,
        "operatingincomeloss": 199500000,
        "nonoperatingincomeexpense": 3600000,
        "incomelossfromcontinuingoperationsbeforeincometaxesminorityinterestandincomelossfromequitymethodinvestments": 203100000,
        "incometaxexpensebenefit": 51900000,
        "netincomeloss": 151200000,
        "earningspersharebasic": 3.8499999999999996,
        "earningspersharediluted": 3.7699999999999996,
        "weightedaveragenumberofsharesoutstandingbasic": -78200000,
        "weightedaveragenumberofdilutedsharesoutstanding": -80400000
    },
    {
        "date": "2011-09-29",
        "symbol": "ISRG",
        "period": "Q3",
        "salesrevenuegoodsnet": 374900000,
        "salesrevenueservicesnet": 71800000,
        "salesrevenuenet": 446700000,
        "costofgoodssold": 96200000,
        "costofservices": 25000000,
        "costofrevenue": 121200000,
        "grossprofit": 325500000,
        "sellinggeneralandadministrativeexpense": 111200000,
        "researchanddevelopmentexpense": 35400000,
        "operatingexpenses": 146600000,
        "operatingincomeloss": 178900000,
        "nonoperatingincomeexpense": 1900000,
        "incomelossfromcontinuingoperationsbeforeincometaxesminorityinterestandincomelossfromequitymethodinvestments": 180800000,
        "incometaxexpensebenefit": 58400000,
        "netincomeloss": 122400000,
        "earningspersharebasic": 3.13,
        "earningspersharediluted": 3.05,
        "weightedaveragenumberofsharesoutstandingbasic": 39100000,
        "weightedaveragenumberofdilutedsharesoutstanding": 40100000
    },
    {
        "date": "2011-06-29",
        "symbol": "ISRG",
        "period": "Q2",
        "salesrevenuegoodsnet": 358100000,
        "salesrevenueservicesnet": 67600000,
        "salesrevenuenet": 425700000,
        "costofgoodssold": 93500000,
        "costofservices": 25600000,
        "costofrevenue": 119100000,
        "grossprofit": 306600000,
        "sellinggeneralandadministrativeexpense": 106500000,
        "researchanddevelopmentexpense": 32000000,
        "operatingexpenses": 138500000,
        "operatingincomeloss": 168100000,
        "nonoperatingincomeexpense": 4100000,
        "incomelossfromcontinuingoperationsbeforeincometaxesminorityinterestandincomelossfromequitymethodinvestments": 172200000,
        "incometaxexpensebenefit": 54800000,
        "netincomeloss": 117400000,
        "earningspersharebasic": 2.99,
        "earningspersharediluted": 2.91,
        "weightedaveragenumberofsharesoutstandingbasic": 39200000,
        "weightedaveragenumberofdilutedsharesoutstanding": 40300000
    },
    {
        "date": "2011-03-30",
        "symbol": "ISRG",
        "period": "Q1",
        "salesrevenuegoodsnet": 324500000,
        "salesrevenueservicesnet": 63600000,
        "salesrevenuenet": 388100000,
        "costofgoodssold": 84800000,
        "costofservices": 24500000,
        "costofrevenue": 109300000,
        "grossprofit": 278800000,
        "sellinggeneralandadministrativeexpense": 99100000,
        "researchanddevelopmentexpense": 31400000,
        "operatingexpenses": 130500000,
        "operatingincomeloss": 148300000,
        "nonoperatingincomeexpense": 5300000,
        "incomelossfromcontinuingoperationsbeforeincometaxesminorityinterestandincomelossfromequitymethodinvestments": 153600000,
        "incometaxexpensebenefit": 49500000,
        "netincomeloss": 104100000,
        "earningspersharebasic": 2.66,
        "earningspersharediluted": 2.59,
        "weightedaveragenumberofsharesoutstandingbasic": 39100000,
        "weightedaveragenumberofdilutedsharesoutstanding": 40200000
    },
    {
        "date": "2010-12-30",
        "symbol": "ISRG",
        "period": "Q4",
        "salesrevenuegoodsnet": 328700000,
        "salesrevenueservicesnet": 60600000,
        "salesrevenuenet": 389300000,
        "costofgoodssold": 83800000,
        "costofservices": 23400000,
        "costofrevenue": 107200000,
        "grossprofit": 282100000,
        "sellinggeneralandadministrativeexpense": 95800000,
        "researchanddevelopmentexpense": 32600000,
        "operatingexpenses": 128400000,
        "operatingincomeloss": 153700000,
        "nonoperatingincomeexpense": 3500000,
        "incomelossfromcontinuingoperationsbeforeincometaxesminorityinterestandincomelossfromequitymethodinvestments": 157200000,
        "incometaxexpensebenefit": 36000000,
        "netincomeloss": 121200000,
        "earningspersharebasic": 3.08,
        "earningspersharediluted": 3.0200000000000005,
        "weightedaveragenumberofsharesoutstandingbasic": -78300000,
        "weightedaveragenumberofdilutedsharesoutstanding": -80900000
    },
    {
        "date": "2010-09-29",
        "symbol": "ISRG",
        "period": "Q3",
        "salesrevenuegoodsnet": 287100000,
        "salesrevenueservicesnet": 57300000,
        "salesrevenuenet": 344400000,
        "costofgoodssold": 72800000,
        "costofservices": 21000000,
        "costofrevenue": 93800000,
        "grossprofit": 250600000,
        "sellinggeneralandadministrativeexpense": 91600000,
        "researchanddevelopmentexpense": 26900000,
        "operatingexpenses": 118500000,
        "operatingincomeloss": 132100000,
        "nonoperatingincomeexpense": 5000000,
        "incomelossfromcontinuingoperationsbeforeincometaxesminorityinterestandincomelossfromequitymethodinvestments": 137100000,
        "incometaxexpensebenefit": 50500000,
        "netincomeloss": 86600000,
        "earningspersharebasic": 2.2,
        "earningspersharediluted": 2.14,
        "weightedaveragenumberofsharesoutstandingbasic": 39400000,
        "weightedaveragenumberofdilutedsharesoutstanding": 40500000
    },
    {
        "date": "2010-06-29",
        "symbol": "ISRG",
        "period": "Q2",
        "salesrevenuegoodsnet": 295300000,
        "salesrevenueservicesnet": 55400000,
        "salesrevenuenet": 350700000,
        "costofgoodssold": 72700000,
        "costofservices": 21200000,
        "costofrevenue": 93900000,
        "grossprofit": 256800000,
        "sellinggeneralandadministrativeexpense": 88600000,
        "researchanddevelopmentexpense": 28500000,
        "operatingexpenses": 117100000,
        "operatingincomeloss": 139700000,
        "nonoperatingincomeexpense": 4500000,
        "incomelossfromcontinuingoperationsbeforeincometaxesminorityinterestandincomelossfromequitymethodinvestments": 144200000,
        "incometaxexpensebenefit": 55500000,
        "netincomeloss": 88700000,
        "earningspersharebasic": 2.26,
        "earningspersharediluted": 2.19,
        "weightedaveragenumberofsharesoutstandingbasic": 39300000,
        "weightedaveragenumberofdilutedsharesoutstanding": 40500000
    },
    {
        "date": "2010-03-30",
        "symbol": "ISRG",
        "period": "Q1",
        "salesrevenuegoodsnet": 278000000,
        "salesrevenueservicesnet": 50600000,
        "salesrevenuenet": 328600000,
        "costofgoodssold": 68000000,
        "costofservices": 20100000,
        "costofrevenue": 88100000,
        "grossprofit": 240500000,
        "sellinggeneralandadministrativeexpense": 82800000,
        "researchanddevelopmentexpense": 28000000,
        "operatingexpenses": 110800000,
        "operatingincomeloss": 129700000,
        "nonoperatingincomeexpense": 4100000,
        "incomelossfromcontinuingoperationsbeforeincometaxesminorityinterestandincomelossfromequitymethodinvestments": 133800000,
        "incometaxexpensebenefit": 48500000,
        "netincomeloss": 85300000,
        "earningspersharebasic": 2.2,
        "earningspersharediluted": 2.12,
        "weightedaveragenumberofsharesoutstandingbasic": 38800000,
        "weightedaveragenumberofdilutedsharesoutstanding": 40200000
    },
    {
        "date": "2009-09-29",
        "symbol": "ISRG",
        "period": "Q3",
        "salesrevenuegoodsnet": 236281000,
        "salesrevenueservicesnet": 43853000,
        "salesrevenuenet": 280134000,
        "costofgoodssold": 65336000,
        "costofservices": 15794000,
        "costofrevenue": 81130000,
        "grossprofit": 199004000,
        "sellinggeneralandadministrativeexpense": 69863000,
        "researchanddevelopmentexpense": 24650000,
        "operatingexpenses": 94513000,
        "operatingincomeloss": 104491000,
        "nonoperatingincomeexpense": 4362000,
        "incomelossfromcontinuingoperationsbeforeincometaxesminorityinterestandincomelossfromequitymethodinvestments": 108853000,
        "incometaxexpensebenefit": 44329000,
        "netincomeloss": 64524000,
        "earningspersharebasic": 1.69,
        "earningspersharediluted": 1.64,
        "weightedaveragenumberofsharesoutstandingbasic": 38083000,
        "weightedaveragenumberofdilutedsharesoutstanding": 39245000
    }
]