[
    {
        "date": "2024-09-27",
        "symbol": "SNA",
        "period": "Q3",
        "revenues": 1247400000,
        "costofgoodsandservicessold": 28700000,
        "grossprofit": 587800000,
        "operatingexpenses": 335400000,
        "operatingincomeloss": 324100000,
        "interestexpensenonoperating": 12500000,
        "othernonoperatingincomeexpense": 20600000,
        "incomelossfromcontinuingoperationsbeforeincometaxesextraordinaryitemsnoncontrollinginterest": 332200000,
        "incometaxexpensebenefit": -500000,
        "profitloss": -1100000,
        "netincomelossattributabletononcontrollinginterest": 6400000,
        "netincomeloss": 251100000,
        "earningspersharebasic": 4.77,
        "earningspersharediluted": 4.7,
        "weightedaveragenumberofsharesoutstandingbasic": 52577687,
        "incrementalcommonsharesattributabletosharebasedpaymentarrangements": 825262,
        "weightedaveragenumberofdilutedsharesoutstanding": 53402949,
        "commonstockdividendspersharedeclared": 1.86,
        "othercomprehensiveincomeforeigncurrencytransactionandtranslationgainlossarisingduringperiodnetoftax": 79000000,
        "othercomprehensiveincomelosscashflowhedgegainlossreclassificationaftertax": 400000,
        "othercomprehensiveincomelossreclassificationadjustmentfromaocipensionandotherpostretirementbenefitplansfornetgainlossbeforetax": -2000000,
        "othercomprehensiveincomelossreclassificationadjustmentfromaocipensionandotherpostretirementbenefitplansfornetgainlosstax": -500000,
        "othercomprehensiveincomelossreclassificationadjustmentfromaocipensionandotherpostretirementbenefitplansfornetgainlossnetoftax": -1500000,
        "comprehensiveincomenetoftaxincludingportionattributabletononcontrollinginterest": 337600000,
        "comprehensiveincomenetoftaxattributabletononcontrollinginterest": 6400000,
        "comprehensiveincomenetoftax": 331200000
    },
    {
        "date": "2024-06-28",
        "symbol": "SNA",
        "period": "Q2",
        "revenues": 1179400000,
        "costofgoodsandservicessold": 582100000,
        "grossprofit": 597300000,
        "operatingexpenses": 317000000,
        "operatingincomeloss": 280300000,
        "interestexpensenonoperating": 12300000,
        "othernonoperatingincomeexpense": 18700000,
        "incomelossfromcontinuingoperationsbeforeincometaxesextraordinaryitemsnoncontrollinginterest": 356900000,
        "incometaxexpensebenefit": 79300000,
        "profitloss": 277600000,
        "netincomelossattributabletononcontrollinginterest": 6400000,
        "netincomeloss": 271200000,
        "earningspersharebasic": 5.15,
        "earningspersharediluted": 5.07,
        "weightedaveragenumberofsharesoutstandingbasic": 52700000,
        "incrementalcommonsharesattributabletosharebasedpaymentarrangements": 800000,
        "weightedaveragenumberofdilutedsharesoutstanding": 53500000,
        "commonstockdividendspersharedeclared": 1.86,
        "othercomprehensiveincomeforeigncurrencytransactionandtranslationgainlossarisingduringperiodnetoftax": -12800000,
        "othercomprehensiveincomelosscashflowhedgegainlossreclassificationaftertax": 400000,
        "othercomprehensiveincomelossreclassificationadjustmentfromaocipensionandotherpostretirementbenefitplansfornetgainlossbeforetax": -2200000,
        "othercomprehensiveincomelossreclassificationadjustmentfromaocipensionandotherpostretirementbenefitplansfornetgainlosstax": -500000,
        "othercomprehensiveincomelossreclassificationadjustmentfromaocipensionandotherpostretirementbenefitplansfornetgainlossnetoftax": -1700000,
        "comprehensiveincomenetoftaxincludingportionattributabletononcontrollinginterest": 266100000,
        "comprehensiveincomenetoftaxattributabletononcontrollinginterest": 6400000,
        "comprehensiveincomenetoftax": 259700000
    },
    {
        "date": "2024-03-29",
        "symbol": "SNA",
        "period": "Q1",
        "revenues": 1182300000,
        "costofgoodsandservicessold": 585600000,
        "grossprofit": 596700000,
        "operatingexpenses": 325800000,
        "operatingincomeloss": 270900000,
        "interestexpense": 12500000,
        "othernonoperatingincomeexpense": 18100000,
        "incomelossfromcontinuingoperationsbeforeincometaxesextraordinaryitemsnoncontrollinginterest": 344800000,
        "incometaxexpensebenefit": 75200000,
        "profitloss": 269600000,
        "netincomelossattributabletononcontrollinginterest": 6100000,
        "netincomeloss": 263500000,
        "earningspersharebasic": 4.99,
        "earningspersharediluted": 4.91,
        "weightedaveragenumberofsharesoutstandingbasic": 52800000,
        "incrementalcommonsharesattributabletosharebasedpaymentarrangements": 900000,
        "weightedaveragenumberofdilutedsharesoutstanding": 53700000,
        "commonstockdividendspersharedeclared": 1.86,
        "othercomprehensiveincomeforeigncurrencytransactionandtranslationgainlossarisingduringperiodnetoftax": -44800000,
        "othercomprehensiveincomelosscashflowhedgegainlossreclassificationaftertax": 400000,
        "othercomprehensiveincomelossreclassificationadjustmentfromaocipensionandotherpostretirementbenefitplansfornetgainlossbeforetax": -1800000,
        "othercomprehensiveincomelossreclassificationadjustmentfromaocipensionandotherpostretirementbenefitplansfornetgainlosstax": -400000,
        "othercomprehensiveincomelossreclassificationadjustmentfromaocipensionandotherpostretirementbenefitplansfornetgainlossnetoftax": -1400000,
        "comprehensiveincomenetoftaxincludingportionattributabletononcontrollinginterest": 225800000,
        "comprehensiveincomenetoftaxattributabletononcontrollinginterest": 6100000,
        "comprehensiveincomenetoftax": 219700000
    },
    {
        "date": "2023-12-29",
        "symbol": "SNA",
        "period": "Q4",
        "revenues": 884200000,
        "costofgoodsandservicessold": 1747200000,
        "grossprofit": 577600000,
        "operatingexpenses": 319700000,
        "operatingincomeloss": 733200000,
        "interestexpense": 38300000,
        "othernonoperatingincomeexpense": 34400000,
        "incometaxexpensebenefit": 69500000,
        "profitloss": 784800000,
        "netincomelossattributabletononcontrollinginterest": 6000000,
        "netincomeloss": 255300000,
        "earningspersharebasic": 4.839999999999999,
        "earningspersharediluted": 4.760000000000003,
        "weightedaveragenumberofsharesoutstandingbasic": 52900000,
        "incrementalcommonsharesattributabletosharebasedpaymentarrangements": -2200000,
        "weightedaveragenumberofdilutedsharesoutstanding": 53900000,
        "othercomprehensiveincomeforeigncurrencytransactionandtranslationgainlossarisingduringperiodnetoftax": 94700000,
        "othercomprehensiveincomelosscashflowhedgegainlossreclassificationaftertax": 400000,
        "comprehensiveincomenetoftaxincludingportionattributabletononcontrollinginterest": 375100000,
        "comprehensiveincomenetoftaxattributabletononcontrollinginterest": 6000000,
        "comprehensiveincomenetoftax": 369100000
    },
    {
        "date": "2023-09-29",
        "symbol": "SNA",
        "period": "Q3",
        "revenues": 1159300000,
        "costofgoodsandservicessold": 581100000,
        "grossprofit": 578200000,
        "operatingexpenses": 333000000,
        "operatingincomeloss": 245200000,
        "interestexpense": 12400000,
        "othernonoperatingincomeexpense": 18000000,
        "incomelossfromcontinuingoperationsbeforeincometaxesextraordinaryitemsnoncontrollinginterest": 320200000,
        "incometaxexpensebenefit": 71100000,
        "profitloss": 249100000,
        "netincomelossattributabletononcontrollinginterest": 6000000,
        "netincomeloss": 243100000,
        "earningspersharebasic": 4.6,
        "earningspersharediluted": 4.51,
        "weightedaveragenumberofsharesoutstandingbasic": 52800000,
        "incrementalcommonsharesattributabletosharebasedpaymentarrangements": 1100000,
        "weightedaveragenumberofdilutedsharesoutstanding": 53900000,
        "commonstockdividendspersharedeclared": 1.62,
        "othercomprehensiveincomeforeigncurrencytransactionandtranslationgainlossarisingduringperiodnetoftax": -52300000,
        "othercomprehensiveincomelosscashflowhedgegainlossreclassificationaftertax": 400000,
        "othercomprehensiveincomelossreclassificationadjustmentfromaocipensionandotherpostretirementbenefitplansfornetgainlossbeforetax": -100000,
        "othercomprehensiveincomelossreclassificationadjustmentfromaocipensionandotherpostretirementbenefitplansfornetgainlossnetoftax": -100000,
        "comprehensiveincomenetoftaxincludingportionattributabletononcontrollinginterest": 196500000,
        "comprehensiveincomenetoftaxattributabletononcontrollinginterest": 6000000,
        "comprehensiveincomenetoftax": 190500000
    },
    {
        "date": "2023-06-30",
        "symbol": "SNA",
        "period": "Q2",
        "revenues": 1339300000,
        "costofgoodsandservicessold": 26500000,
        "grossprofit": 603700000,
        "operatingexpenses": 326700000,
        "operatingincomeloss": 29200000,
        "interestexpense": -400000,
        "othernonoperatingincomeexpense": -100000,
        "incomelossfromcontinuingoperationsbeforeincometaxesextraordinaryitemsnoncontrollinginterest": 348100000,
        "incometaxexpensebenefit": 78200000,
        "profitloss": 300000,
        "netincomelossattributabletononcontrollinginterest": 5900000,
        "netincomeloss": 264000000,
        "earningspersharebasic": 4.98,
        "earningspersharediluted": 4.89,
        "weightedaveragenumberofsharesoutstandingbasic": 53000000,
        "incrementalcommonsharesattributabletosharebasedpaymentarrangements": 1000000,
        "weightedaveragenumberofdilutedsharesoutstanding": 54000000,
        "commonstockdividendspersharedeclared": 1.62,
        "othercomprehensiveincomeforeigncurrencytransactionandtranslationgainlossarisingduringperiodnetoftax": 200000,
        "othercomprehensiveincomelosscashflowhedgegainlossreclassificationaftertax": 400000,
        "othercomprehensiveincomelossreclassificationadjustmentfromaocipensionandotherpostretirementbenefitplansfornetgainlossbeforetax": -100000,
        "othercomprehensiveincomelossreclassificationadjustmentfromaocipensionandotherpostretirementbenefitplansfornetgainlossnetoftax": -100000,
        "comprehensiveincomenetoftaxincludingportionattributabletononcontrollinginterest": 269800000,
        "comprehensiveincomenetoftaxattributabletononcontrollinginterest": 5900000,
        "comprehensiveincomenetoftax": 263899999.99999997
    },
    {
        "date": "2023-03-31",
        "symbol": "SNA",
        "period": "Q1",
        "revenues": 1347400000,
        "costofgoodsandservicessold": 26300000,
        "grossprofit": 589600000,
        "operatingexpenses": 329800000,
        "operatingincomeloss": 32299999.999999996,
        "interestexpense": -400000,
        "othernonoperatingincomeexpense": 15200000,
        "incomelossfromcontinuingoperationsbeforeincometaxesextraordinaryitemsnoncontrollinginterest": 328900000,
        "incometaxexpensebenefit": 74600000,
        "profitloss": 400000,
        "netincomelossattributabletononcontrollinginterest": 5600000,
        "netincomeloss": 248700000,
        "earningspersharebasic": 4.69,
        "earningspersharediluted": 4.6,
        "weightedaveragenumberofsharesoutstandingbasic": 53000000,
        "incrementalcommonsharesattributabletosharebasedpaymentarrangements": 1100000,
        "weightedaveragenumberofdilutedsharesoutstanding": 54100000,
        "commonstockdividendspersharedeclared": 1.62,
        "othercomprehensiveincomeforeigncurrencytransactionandtranslationgainlossarisingduringperiodnetoftax": 18100000,
        "othercomprehensiveincomelosscashflowhedgegainlossreclassificationaftertax": 400000,
        "comprehensiveincomenetoftaxincludingportionattributabletononcontrollinginterest": 272000000,
        "comprehensiveincomenetoftaxattributabletononcontrollinginterest": 5600000,
        "comprehensiveincomenetoftax": 266399999.99999997
    },
    {
        "date": "2022-12-30",
        "symbol": "SNA",
        "period": "Q4",
        "revenues": -3464600000,
        "costofgoodsandservicessold": 24400000,
        "grossprofit": 560700000,
        "operatingexpenses": -822300000,
        "operatingincomeloss": -129800000,
        "interestexpense": -400000,
        "othernonoperatingincomeexpense": -4300000,
        "incomelossfromcontinuingoperationsbeforeincometaxesminorityinterestandincomelossfromequitymethodinvestments": 311700000,
        "incometaxexpensebenefit": -1100000,
        "earningsbeforeequityearnings": 244500000,
        "profitloss": -2800000,
        "netincomelossattributabletononcontrollinginterest": 5600000,
        "netincomeloss": 238900000,
        "earningspersharebasic": 4.52,
        "earningspersharediluted": 4.41,
        "weightedaveragenumberofsharesoutstandingbasic": -106700000,
        "incrementalcommonsharesattributabletosharebasedpaymentarrangements": -1700000,
        "weightedaveragenumberofdilutedsharesoutstanding": -108400000,
        "othercomprehensiveincomeforeigncurrencytransactionandtranslationgainlossarisingduringperiodnetoftax": 120200000,
        "othercomprehensiveincomelosscashflowhedgegainlossreclassificationaftertax": 400000,
        "othercomprehensiveincomelossreclassificationadjustmentfromaocipensionandotherpostretirementbenefitplansfornetgainlossbeforetax": -4300000,
        "othercomprehensiveincomelossreclassificationadjustmentfromaocipensionandotherpostretirementbenefitplansfornetgainlosstax": -1100000,
        "othercomprehensiveincomelossreclassificationadjustmentfromaocipensionandotherpostretirementbenefitplansfornetgainlossnetoftax": -3200000,
        "comprehensiveincomenetoftaxincludingportionattributabletononcontrollinginterest": 298500000,
        "comprehensiveincomenetoftaxattributabletononcontrollinginterest": 5600000,
        "comprehensiveincomenetoftax": 292900000
    },
    {
        "date": "2022-09-30",
        "symbol": "SNA",
        "period": "Q3",
        "revenues": 1267400000,
        "costofgoodsandservicessold": 20900000,
        "grossprofit": 532600000,
        "operatingexpenses": 309100000,
        "operatingincomeloss": 26400000,
        "interestexpense": -400000,
        "othernonoperatingincomeexpense": -4600000,
        "incomelossfromcontinuingoperationsbeforeincometaxesminorityinterestandincomelossfromequitymethodinvestments": 291200000,
        "incometaxexpensebenefit": -1200000,
        "earningsbeforeequityearnings": 229500000,
        "profitloss": -3000000,
        "netincomelossattributabletononcontrollinginterest": 5600000,
        "netincomeloss": 223900000,
        "earningspersharebasic": 4.21,
        "earningspersharediluted": 4.14,
        "weightedaveragenumberofsharesoutstandingbasic": 53200000,
        "incrementalcommonsharesattributabletosharebasedpaymentarrangements": 900000,
        "weightedaveragenumberofdilutedsharesoutstanding": 54100000,
        "commonstockdividendspersharedeclared": 1.42,
        "othercomprehensiveincomeforeigncurrencytransactionandtranslationgainlossarisingduringperiodnetoftax": -127600000,
        "othercomprehensiveincomelosscashflowhedgegainlossreclassificationaftertax": 400000,
        "othercomprehensiveincomelossreclassificationadjustmentfromaocipensionandotherpostretirementbenefitplansfornetgainlossbeforetax": -4600000,
        "othercomprehensiveincomelossreclassificationadjustmentfromaocipensionandotherpostretirementbenefitplansfornetgainlosstax": -1200000,
        "othercomprehensiveincomelossreclassificationadjustmentfromaocipensionandotherpostretirementbenefitplansfornetgainlossnetoftax": -3400000,
        "comprehensiveincomenetoftaxincludingportionattributabletononcontrollinginterest": 104900000,
        "comprehensiveincomenetoftaxattributabletononcontrollinginterest": 5600000,
        "comprehensiveincomenetoftax": 99300000
    },
    {
        "date": "2022-07-01",
        "symbol": "SNA",
        "period": "Q2",
        "revenues": 1296500000,
        "costofgoodsandservicessold": 21100000,
        "grossprofit": 553500000,
        "operatingexpenses": 306900000,
        "operatingincomeloss": 25200000,
        "interestexpense": -400000,
        "othernonoperatingincomeexpense": -4700000,
        "incomelossfromcontinuingoperationsbeforeincometaxesminorityinterestandincomelossfromequitymethodinvestments": 309500000,
        "incometaxexpensebenefit": -1100000,
        "earningsbeforeequityearnings": 237200000,
        "profitloss": -3200000,
        "netincomelossattributabletononcontrollinginterest": 5700000,
        "netincomeloss": 231500000,
        "earningspersharebasic": 4.34,
        "earningspersharediluted": 4.27,
        "weightedaveragenumberofsharesoutstandingbasic": 53300000,
        "incrementalcommonsharesattributabletosharebasedpaymentarrangements": 900000,
        "weightedaveragenumberofdilutedsharesoutstanding": 54200000,
        "commonstockdividendspersharedeclared": 1.42,
        "othercomprehensiveincomeforeigncurrencytransactionandtranslationgainlossarisingduringperiodnetoftax": -110300000,
        "othercomprehensiveincomelosscashflowhedgegainlossreclassificationaftertax": 400000,
        "othercomprehensiveincomelossreclassificationadjustmentfromaocipensionandotherpostretirementbenefitplansfornetgainlossbeforetax": -4700000,
        "othercomprehensiveincomelossreclassificationadjustmentfromaocipensionandotherpostretirementbenefitplansfornetgainlosstax": -1100000,
        "othercomprehensiveincomelossreclassificationadjustmentfromaocipensionandotherpostretirementbenefitplansfornetgainlossnetoftax": -3600000,
        "comprehensiveincomenetoftaxincludingportionattributabletononcontrollinginterest": 130100000,
        "comprehensiveincomenetoftaxattributabletononcontrollinginterest": 5700000,
        "comprehensiveincomenetoftax": 124400000
    },
    {
        "date": "2022-04-01",
        "symbol": "SNA",
        "period": "Q1",
        "revenues": 1250400000,
        "costofgoodsandservicessold": 17300000,
        "grossprofit": 534299999.99999994,
        "operatingexpenses": 311200000,
        "operatingincomeloss": -30200000,
        "interestexpense": -400000,
        "othernonoperatingincomeexpense": -4500000,
        "incomelossfromcontinuingoperationsbeforeincometaxesminorityinterestandincomelossfromequitymethodinvestments": 290200000,
        "incometaxexpensebenefit": -1100000,
        "earningsbeforeequityearnings": 222700000,
        "profitloss": -3000000,
        "netincomelossattributabletononcontrollinginterest": 5300000,
        "netincomeloss": 217400000,
        "earningspersharebasic": 4.07,
        "earningspersharediluted": 4,
        "weightedaveragenumberofsharesoutstandingbasic": 53400000,
        "incrementalcommonsharesattributabletosharebasedpaymentarrangements": 900000,
        "weightedaveragenumberofdilutedsharesoutstanding": 54300000,
        "commonstockdividendspersharedeclared": 1.42,
        "othercomprehensiveincomeforeigncurrencytransactionandtranslationgainlossarisingduringperiodnetoftax": -9700000,
        "othercomprehensiveincomelosscashflowhedgegainlossreclassificationaftertax": 400000,
        "othercomprehensiveincomelossreclassificationadjustmentfromaocipensionandotherpostretirementbenefitplansfornetgainlossbeforetax": -4500000,
        "othercomprehensiveincomelossreclassificationadjustmentfromaocipensionandotherpostretirementbenefitplansfornetgainlosstax": -1100000,
        "othercomprehensiveincomelossreclassificationadjustmentfromaocipensionandotherpostretirementbenefitplansfornetgainlossnetoftax": -3400000,
        "comprehensiveincomenetoftaxincludingportionattributabletononcontrollinginterest": 216000000,
        "comprehensiveincomenetoftaxattributabletononcontrollinginterest": 5300000,
        "comprehensiveincomenetoftax": 210700000
    },
    {
        "date": "2021-12-31",
        "symbol": "SNA",
        "period": "Q4",
        "revenues": -3242300000,
        "costofgoodsandservicessold": 19700000,
        "grossprofit": 533400000.00000024,
        "operatingexpenses": -857200000,
        "operatingincomeloss": -25600000,
        "interestexpense": -400000,
        "othernonoperatingincomeexpense": -9200000,
        "incomelossfromcontinuingoperationsbeforeincometaxesminorityinterestandincomelossfromequitymethodinvestments": 293200000,
        "incometaxexpensebenefit": -2400000,
        "earningsbeforeequityearnings": 229100000,
        "profitloss": -6400000,
        "netincomelossattributabletononcontrollinginterest": 5400000,
        "netincomeloss": 223700000,
        "earningspersharebasic": 4.170000000000001,
        "earningspersharediluted": 4.09,
        "weightedaveragenumberofsharesoutstandingbasic": -100000,
        "incrementalcommonsharesattributabletosharebasedpaymentarrangements": 0,
        "othercomprehensiveincomeforeigncurrencytransactionandtranslationgainlossarisingduringperiodnetoftax": -22000000,
        "othercomprehensiveincomelosscashflowhedgegainlossreclassificationaftertax": 400000,
        "othercomprehensiveincomelossreclassificationadjustmentfromaocipensionandotherpostretirementbenefitplansfornetgainlossbeforetax": -9200000,
        "othercomprehensiveincomelossreclassificationadjustmentfromaocipensionandotherpostretirementbenefitplansfornetgainlosstax": -2400000,
        "othercomprehensiveincomelossreclassificationadjustmentfromaocipensionandotherpostretirementbenefitplansfornetgainlossnetoftax": -6800000,
        "comprehensiveincomenetoftaxincludingportionattributabletononcontrollinginterest": 280000000,
        "comprehensiveincomenetoftaxattributabletononcontrollinginterest": 5400000,
        "comprehensiveincomenetoftax": 274600000
    },
    {
        "date": "2021-10-01",
        "symbol": "SNA",
        "period": "Q3",
        "revenues": 890700000,
        "costofgoodsandservicessold": 1004700000,
        "grossprofit": 520700000,
        "operatingexpenses": 319400000,
        "operatingincomeloss": 432300000,
        "interestexpense": 27900000,
        "othernonoperatingincomeexpense": 17100000,
        "incomelossfromcontinuingoperationsbeforeincometaxesminorityinterestandincomelossfromequitymethodinvestments": 262400000,
        "incometaxexpensebenefit": 122200000,
        "earningsbeforeequityearnings": 201500000,
        "incomelossfromequitymethodinvestments": 0,
        "profitloss": 405600000,
        "netincomelossattributabletononcontrollinginterest": 5300000,
        "netincomeloss": 196200000,
        "earningspersharebasic": 3.6500000000000012,
        "earningspersharediluted": 3.5700000000000003,
        "weightedaveragenumberofsharesoutstandingbasic": -54200000,
        "incrementalcommonsharesattributabletosharebasedpaymentarrangements": -1100000,
        "weightedaveragenumberofdilutedsharesoutstanding": -55300000,
        "commonstockdividendspersharedeclared": 1.23,
        "othercomprehensiveincomeforeigncurrencytransactionandtranslationgainlossarisingduringperiodnetoftax": -38600000,
        "othercomprehensiveincomelosscashflowhedgegainlossreclassificationaftertax": 400000,
        "othercomprehensiveincomelossreclassificationadjustmentfromaocipensionandotherpostretirementbenefitplansfornetgainlossbeforetax": -9000000,
        "othercomprehensiveincomelossreclassificationadjustmentfromaocipensionandotherpostretirementbenefitplansfornetgainlosstax": -2100000,
        "othercomprehensiveincomelossreclassificationadjustmentfromaocipensionandotherpostretirementbenefitplansfornetgainlossnetoftax": -6900000,
        "comprehensiveincomenetoftaxincludingportionattributabletononcontrollinginterest": 169400000,
        "comprehensiveincomenetoftaxattributabletononcontrollinginterest": 5300000,
        "comprehensiveincomenetoftax": 164100000
    },
    {
        "date": "2021-07-02",
        "symbol": "SNA",
        "period": "Q2",
        "revenues": 1081400000,
        "costofgoodsandservicessold": 538300000,
        "grossprofit": 543100000,
        "operatingexpenses": 326000000,
        "operatingincomeloss": 217100000,
        "interestexpense": 14300000,
        "othernonoperatingincomeexpense": 3400000,
        "incomelossfromcontinuingoperationsbeforeincometaxesminorityinterestandincomelossfromequitymethodinvestments": 275100000,
        "incometaxexpensebenefit": 62900000,
        "earningsbeforeequityearnings": 212200000,
        "incomelossfromequitymethodinvestments": 1000000,
        "profitloss": 213200000,
        "netincomelossattributabletononcontrollinginterest": 5200000,
        "netincomeloss": 208000000,
        "earningspersharebasic": 3.85,
        "earningspersharediluted": 3.76,
        "weightedaveragenumberofsharesoutstandingbasic": 54000000,
        "incrementalcommonsharesattributabletosharebasedpaymentarrangements": 1300000,
        "weightedaveragenumberofdilutedsharesoutstanding": 55300000,
        "commonstockdividendspersharedeclared": 1.23,
        "othercomprehensiveincomeforeigncurrencytransactionandtranslationgainlossarisingduringperiodnetoftax": 20200000,
        "othercomprehensiveincomelossforeigncurrencytransactionandtranslationreclassificationadjustmentfromaocirealizeduponsaleorliquidationnetoftax": 1000000,
        "othercomprehensiveincomelosscashflowhedgegainlossreclassificationaftertax": 400000,
        "othercomprehensiveincomelossreclassificationadjustmentfromaocipensionandotherpostretirementbenefitplansfornetgainlossbeforetax": -9100000,
        "othercomprehensiveincomelossreclassificationadjustmentfromaocipensionandotherpostretirementbenefitplansfornetgainlosstax": -2300000,
        "othercomprehensiveincomelossreclassificationadjustmentfromaocipensionandotherpostretirementbenefitplansfornetgainlossnetoftax": -6800000,
        "comprehensiveincomenetoftaxincludingportionattributabletononcontrollinginterest": 238800000,
        "comprehensiveincomenetoftaxattributabletononcontrollinginterest": 5200000,
        "comprehensiveincomenetoftax": 233600000
    },
    {
        "date": "2021-04-02",
        "symbol": "SNA",
        "period": "Q1",
        "revenues": 1024600000,
        "costofgoodsandservicessold": 511000000,
        "grossprofit": 513600000,
        "operatingexpenses": 312700000,
        "operatingincomeloss": 200900000,
        "interestexpense": 14300000,
        "othernonoperatingincomeexpense": 4300000,
        "incomelossfromcontinuingoperationsbeforeincometaxesminorityinterestandincomelossfromequitymethodinvestments": 256200000,
        "incometaxexpensebenefit": 59100000,
        "earningsbeforeequityearnings": 197100000,
        "incomelossfromequitymethodinvestments": 500000,
        "profitloss": 197600000,
        "netincomelossattributabletononcontrollinginterest": 5000000,
        "netincomeloss": 192600000,
        "earningspersharebasic": 3.55,
        "earningspersharediluted": 3.5,
        "weightedaveragenumberofsharesoutstandingbasic": 54200000,
        "incrementalcommonsharesattributabletosharebasedpaymentarrangements": 900000,
        "weightedaveragenumberofdilutedsharesoutstanding": 55100000,
        "commonstockdividendspersharedeclared": 1.23,
        "othercomprehensiveincomeforeigncurrencytransactionandtranslationgainlossarisingduringperiodnetoftax": -29000000,
        "othercomprehensiveincomelosscashflowhedgegainlossreclassificationaftertax": 400000,
        "othercomprehensiveincomelossreclassificationadjustmentfromaocipensionandotherpostretirementbenefitplansfornetgainlossbeforetax": -9100000,
        "othercomprehensiveincomelossreclassificationadjustmentfromaocipensionandotherpostretirementbenefitplansfornetgainlosstax": -2200000,
        "othercomprehensiveincomelossreclassificationadjustmentfromaocipensionandotherpostretirementbenefitplansfornetgainlossnetoftax": -6900000,
        "comprehensiveincomenetoftaxincludingportionattributabletononcontrollinginterest": 175100000,
        "comprehensiveincomenetoftaxattributabletononcontrollinginterest": 5000000,
        "comprehensiveincomenetoftax": 170100000
    },
    {
        "date": "2021-01-01",
        "symbol": "SNA",
        "period": "Q4",
        "revenues": 1074400000,
        "costofgoodsandservicessold": 558200000,
        "grossprofit": 516200000,
        "operatingexpenses": 300000000,
        "operatingincomeloss": 216200000,
        "interestexpense": 15400000,
        "othernonoperatingincomeexpense": 2400000,
        "incomelossfromcontinuingoperationsbeforeincometaxesminorityinterestandincomelossfromequitymethodinvestments": 271700000,
        "incometaxexpensebenefit": 58200000,
        "earningsbeforeequityearnings": 213500000,
        "profitloss": 213800000,
        "netincomelossattributabletononcontrollinginterest": 4900000,
        "netincomeloss": 208900000,
        "earningspersharebasic": 3.86,
        "earningspersharediluted": 3.8200000000000003,
        "weightedaveragenumberofsharesoutstandingbasic": -108900000,
        "incrementalcommonsharesattributabletosharebasedpaymentarrangements": -900000,
        "weightedaveragenumberofdilutedsharesoutstanding": -109800000,
        "othercomprehensiveincomeforeigncurrencytransactionandtranslationgainlossarisingduringperiodnetoftax": 90300000,
        "othercomprehensiveincomelosscashflowhedgegainlossreclassificationaftertax": 400000,
        "othercomprehensiveincomelossreclassificationadjustmentfromaocipensionandotherpostretirementbenefitplansfornetgainlossbeforetax": -8600000,
        "othercomprehensiveincomelossreclassificationadjustmentfromaocipensionandotherpostretirementbenefitplansfornetgainlosstax": -2200000,
        "othercomprehensiveincomelossreclassificationadjustmentfromaocipensionandotherpostretirementbenefitplansfornetgainlossnetoftax": -6400000,
        "comprehensiveincomenetoftaxincludingportionattributabletononcontrollinginterest": 313600000,
        "comprehensiveincomenetoftaxattributabletononcontrollinginterest": 4900000,
        "comprehensiveincomenetoftax": 308700000
    },
    {
        "date": "2020-09-25",
        "symbol": "SNA",
        "period": "Q3",
        "revenues": 941600000,
        "costofgoodsandservicessold": 472100000,
        "grossprofit": 469500000,
        "operatingexpenses": 283800000,
        "operatingincomeloss": 185700000,
        "interestexpense": 13800000,
        "othernonoperatingincomeexpense": 2800000,
        "incomelossfromcontinuingoperationsbeforeincometaxesminorityinterestandincomelossfromequitymethodinvestments": 240300000,
        "incometaxexpensebenefit": 55100000,
        "earningsbeforeequityearnings": 185200000,
        "incomelossfromequitymethodinvestments": -500000,
        "profitloss": 184700000,
        "netincomelossattributabletononcontrollinginterest": 5000000,
        "netincomeloss": 179700000,
        "earningspersharebasic": 3.31,
        "earningspersharediluted": 3.28,
        "weightedaveragenumberofsharesoutstandingbasic": 54300000,
        "incrementalcommonsharesattributabletosharebasedpaymentarrangements": 500000,
        "weightedaveragenumberofdilutedsharesoutstanding": 54800000,
        "commonstockdividendspersharedeclared": 1.08,
        "othercomprehensiveincomeforeigncurrencytransactionandtranslationgainlossarisingduringperiodnetoftax": 42600000,
        "othercomprehensiveincomelosscashflowhedgegainlossreclassificationaftertax": 400000,
        "othercomprehensiveincomelossreclassificationadjustmentfromaocipensionandotherpostretirementbenefitplansfornetgainlossbeforetax": -8700000,
        "othercomprehensiveincomelossreclassificationadjustmentfromaocipensionandotherpostretirementbenefitplansfornetgainlosstax": -2100000,
        "othercomprehensiveincomelossreclassificationadjustmentfromaocipensionandotherpostretirementbenefitplansfornetgainlossnetoftax": -6600000,
        "comprehensiveincomenetoftaxincludingportionattributabletononcontrollinginterest": 233500000,
        "comprehensiveincomenetoftaxattributabletononcontrollinginterest": 5000000,
        "comprehensiveincomenetoftax": 228500000
    },
    {
        "date": "2020-06-26",
        "symbol": "SNA",
        "period": "Q2",
        "revenues": 724300000,
        "costofgoodsandservicessold": 383100000,
        "grossprofit": 341200000,
        "operatingexpenses": 250100000,
        "operatingincomeloss": 91100000,
        "interestexpense": 13400000,
        "othernonoperatingincomeexpense": 2000000,
        "incomelossfromcontinuingoperationsbeforeincometaxesminorityinterestandincomelossfromequitymethodinvestments": 137300000,
        "incometaxexpensebenefit": 31900000,
        "earningsbeforeequityearnings": 105400000,
        "incomelossfromequitymethodinvestments": 500000,
        "profitloss": 105900000,
        "netincomelossattributabletononcontrollinginterest": 4700000,
        "netincomeloss": 101200000,
        "earningspersharebasic": 1.86,
        "earningspersharediluted": 1.85,
        "weightedaveragenumberofsharesoutstandingbasic": 54400000,
        "incrementalcommonsharesattributabletosharebasedpaymentarrangements": 400000,
        "weightedaveragenumberofdilutedsharesoutstanding": 54800000,
        "commonstockdividendspersharedeclared": 1.08,
        "othercomprehensiveincomeforeigncurrencytransactionandtranslationgainlossarisingduringperiodnetoftax": 87800000,
        "othercomprehensiveincomelosscashflowhedgegainlossbeforereclassificationaftertax": 1400000,
        "othercomprehensiveincomelosscashflowhedgegainlossreclassificationaftertax": 400000,
        "othercomprehensiveincomelossreclassificationadjustmentfromaocipensionandotherpostretirementbenefitplansfornetgainlossbeforetax": -8800000,
        "othercomprehensiveincomelossreclassificationadjustmentfromaocipensionandotherpostretirementbenefitplansfornetgainlosstax": -2100000,
        "othercomprehensiveincomelossreclassificationadjustmentfromaocipensionandotherpostretirementbenefitplansfornetgainlossnetoftax": -6700000,
        "comprehensiveincomenetoftaxincludingportionattributabletononcontrollinginterest": 201400000,
        "comprehensiveincomenetoftaxattributabletononcontrollinginterest": 4700000,
        "comprehensiveincomenetoftax": 196700000
    },
    {
        "date": "2020-03-27",
        "symbol": "SNA",
        "period": "Q1",
        "revenues": 852200000,
        "costofgoodsandservicessold": 430600000,
        "grossprofit": 421600000,
        "operatingexpenses": 282700000,
        "operatingincomeloss": 138900000,
        "interestexpense": 11400000,
        "othernonoperatingincomeexpense": 1500000,
        "incomelossfromcontinuingoperationsbeforeincometaxesminorityinterestandincomelossfromequitymethodinvestments": 185900000,
        "incometaxexpensebenefit": 43900000,
        "earningsbeforeequityearnings": 142000000,
        "profitloss": 142000000,
        "netincomelossattributabletononcontrollinginterest": 4800000,
        "netincomeloss": 137200000,
        "earningspersharebasic": 2.52,
        "earningspersharediluted": 2.49,
        "weightedaveragenumberofsharesoutstandingbasic": 54500000,
        "incrementalcommonsharesattributabletosharebasedpaymentarrangements": 500000,
        "weightedaveragenumberofdilutedsharesoutstanding": 55000000,
        "commonstockdividendspersharedeclared": 1.08,
        "othercomprehensiveincomeforeigncurrencytransactionandtranslationgainlossarisingduringperiodnetoftax": -108000000,
        "othercomprehensiveincomelosscashflowhedgegainlossreclassificationaftertax": 400000,
        "othercomprehensiveincomelossreclassificationadjustmentfromaocipensionandotherpostretirementbenefitplansfornetgainlossbeforetax": -8400000,
        "othercomprehensiveincomelossreclassificationadjustmentfromaocipensionandotherpostretirementbenefitplansfornetgainlosstax": -2000000,
        "othercomprehensiveincomelossreclassificationadjustmentfromaocipensionandotherpostretirementbenefitplansfornetgainlossnetoftax": -6400000,
        "comprehensiveincomenetoftaxincludingportionattributabletononcontrollinginterest": 40000000,
        "comprehensiveincomenetoftaxattributabletononcontrollinginterest": 4800000,
        "comprehensiveincomenetoftax": 35200000
    },
    {
        "date": "2019-12-27",
        "symbol": "SNA",
        "period": "Q4",
        "revenues": 1466700000,
        "costofgoodsandservicessold": 931300000,
        "grossprofit": 450500000,
        "operatingexpenses": 279100000,
        "operatingincomeloss": 109300000,
        "interestexpense": 12100000,
        "othernonoperatingincomeexpense": 2400000,
        "incomelossfromcontinuingoperationsbeforeincometaxesminorityinterestandincomelossfromequitymethodinvestments": 223900000,
        "incometaxexpensebenefit": 48900000,
        "earningsbeforeequityearnings": 175000000,
        "incomelossfromequitymethodinvestments": 0,
        "profitloss": 179200000,
        "netincomelossattributabletononcontrollinginterest": 4400000,
        "netincomeloss": 170600000,
        "earningspersharebasic": 3.12,
        "earningspersharediluted": 3.0699999999999985,
        "weightedaveragenumberofsharesoutstandingbasic": -110600000,
        "incrementalcommonsharesattributabletosharebasedpaymentarrangements": -1500000,
        "weightedaveragenumberofdilutedsharesoutstanding": -112100000,
        "othercomprehensiveincomeforeigncurrencytransactionandtranslationgainlossarisingduringperiodnetoftax": 38600000,
        "othercomprehensiveincomelosscashflowhedgegainlossreclassificationaftertax": 400000,
        "othercomprehensiveincomelossreclassificationadjustmentfromaocipensionandotherpostretirementbenefitplansfornetgainlossbeforetax": -5900000,
        "othercomprehensiveincomelossreclassificationadjustmentfromaocipensionandotherpostretirementbenefitplansfornetgainlosstax": -1600000,
        "othercomprehensiveincomelossreclassificationadjustmentfromaocipensionandotherpostretirementbenefitplansfornetgainlossnetoftax": -4300000,
        "comprehensiveincomenetoftaxincludingportionattributabletononcontrollinginterest": 211000000,
        "comprehensiveincomenetoftaxattributabletononcontrollinginterest": 4400000,
        "comprehensiveincomenetoftax": 206600000
    },
    {
        "date": "2019-09-27",
        "symbol": "SNA",
        "period": "Q3",
        "revenues": 901800000,
        "costofgoodsandservicessold": 453700000,
        "grossprofit": 448100000,
        "operatingexpenses": 280400000,
        "operatingincomeloss": 167700000,
        "interestexpense": 12000000,
        "othernonoperatingincomeexpense": 2800000,
        "incomelossfromcontinuingoperationsbeforeincometaxesminorityinterestandincomelossfromequitymethodinvestments": 219500000,
        "incometaxexpensebenefit": 50400000,
        "earningsbeforeequityearnings": 169100000,
        "incomelossfromequitymethodinvestments": 100000,
        "profitloss": 169200000,
        "netincomelossattributabletononcontrollinginterest": 4600000,
        "netincomeloss": 164600000,
        "earningspersharebasic": 2.99,
        "earningspersharediluted": 2.96,
        "weightedaveragenumberofsharesoutstandingbasic": 55000000,
        "incrementalcommonsharesattributabletosharebasedpaymentarrangements": 700000,
        "weightedaveragenumberofdilutedsharesoutstanding": 55700000,
        "commonstockdividendspersharedeclared": 0.95,
        "othercomprehensiveincomeforeigncurrencytransactionandtranslationgainlossarisingduringperiodnetoftax": -47300000,
        "othercomprehensiveincomelosscashflowhedgegainlossreclassificationaftertax": 400000,
        "othercomprehensiveincomelossreclassificationadjustmentfromaocipensionandotherpostretirementbenefitplansfornetgainlossbeforetax": -5900000,
        "othercomprehensiveincomelossreclassificationadjustmentfromaocipensionandotherpostretirementbenefitplansfornetgainlosstax": -1400000,
        "othercomprehensiveincomelossreclassificationadjustmentfromaocipensionandotherpostretirementbenefitplansfornetgainlossnetoftax": -4500000,
        "comprehensiveincomenetoftaxincludingportionattributabletononcontrollinginterest": 126000000,
        "comprehensiveincomenetoftaxattributabletononcontrollinginterest": 4600000,
        "comprehensiveincomenetoftax": 121400000
    },
    {
        "date": "2019-06-28",
        "symbol": "SNA",
        "period": "Q2",
        "profitloss": 184900000,
        "othercomprehensiveincomeforeigncurrencytransactionandtranslationgainlossarisingduringperiodnetoftax": -8400000,
        "othercomprehensiveincomelosscashflowhedgegainlossreclassificationaftertax": 300000,
        "othercomprehensiveincomelossreclassificationadjustmentfromaocipensionandotherpostretirementbenefitplansfornetgainlossbeforetax": -5900000,
        "othercomprehensiveincomelossreclassificationadjustmentfromaocipensionandotherpostretirementbenefitplansfornetgainlosstax": -1500000,
        "othercomprehensiveincomelossreclassificationadjustmentfromaocipensionandotherpostretirementbenefitplansfornetgainlossnetoftax": -4400000,
        "comprehensiveincomenetoftaxincludingportionattributabletononcontrollinginterest": 180600000,
        "comprehensiveincomenetoftaxattributabletononcontrollinginterest": 4500000,
        "comprehensiveincomenetoftax": 176100000,
        "revenues": 951300000,
        "costofgoodsandservicessold": 477500000,
        "grossprofit": 473800000,
        "operatingexpenses": 283900000,
        "operatingincomeloss": 189900000,
        "interestexpense": 12400000,
        "othernonoperatingincomeexpense": 2100000,
        "incomelossfromcontinuingoperationsbeforeincometaxesminorityinterestandincomelossfromequitymethodinvestments": 240200000,
        "incometaxexpensebenefit": 55600000,
        "earningsbeforeequityearnings": 184600000,
        "incomelossfromequitymethodinvestments": 300000,
        "netincomelossattributabletononcontrollinginterest": 4500000,
        "netincomeloss": 180400000,
        "earningspersharebasic": 3.27,
        "earningspersharediluted": 3.22,
        "weightedaveragenumberofsharesoutstandingbasic": 55200000,
        "incrementalcommonsharesattributabletosharebasedpaymentarrangements": 800000,
        "weightedaveragenumberofdilutedsharesoutstanding": 56000000,
        "commonstockdividendspersharedeclared": 0.95
    },
    {
        "date": "2019-03-29",
        "symbol": "SNA",
        "period": "Q1",
        "profitloss": 177900000,
        "othercomprehensiveincomeforeigncurrencytransactionandtranslationgainlossarisingduringperiodnetoftax": 7600000,
        "othercomprehensiveincomelosscashflowhedgegainlossreclassificationaftertax": 400000,
        "othercomprehensiveincomelossreclassificationadjustmentfromaocipensionandotherpostretirementbenefitplansfornetgainlossbeforetax": -5800000,
        "othercomprehensiveincomelossreclassificationadjustmentfromaocipensionandotherpostretirementbenefitplansfornetgainlosstax": -1300000,
        "othercomprehensiveincomelossreclassificationadjustmentfromaocipensionandotherpostretirementbenefitplansfornetgainlossnetoftax": -4500000,
        "comprehensiveincomenetoftaxincludingportionattributabletononcontrollinginterest": 193800000,
        "comprehensiveincomenetoftaxattributabletononcontrollinginterest": 4200000,
        "comprehensiveincomenetoftax": 189600000,
        "revenues": 410200000,
        "costofgoodsandservicessold": 23500000,
        "grossprofit": 471600000,
        "operatingexpenses": 284200000,
        "operatingincomeloss": 249500000,
        "interestexpense": 12500000,
        "othernonoperatingincomeexpense": 1500000,
        "incomelossfromcontinuingoperationsbeforeincometaxesminorityinterestandincomelossfromequitymethodinvestments": 238500000,
        "incometaxexpensebenefit": 56900000,
        "earningsbeforeequityearnings": 181600000,
        "incomelossfromequitymethodinvestments": 500000,
        "netincomelossattributabletononcontrollinginterest": 4200000,
        "netincomeloss": 177900000,
        "earningspersharebasic": 3.21,
        "earningspersharediluted": 3.16,
        "weightedaveragenumberofsharesoutstandingbasic": 55500000,
        "incrementalcommonsharesattributabletosharebasedpaymentarrangements": 800000,
        "weightedaveragenumberofdilutedsharesoutstanding": 56300000,
        "commonstockdividendspersharedeclared": 0.95
    },
    {
        "date": "2018-12-28",
        "symbol": "SNA",
        "period": "Q4",
        "profitloss": 175000000,
        "othercomprehensiveincomeforeigncurrencytransactionandtranslationgainlossarisingduringperiodnetoftax": -38900000,
        "othercomprehensiveincomelossreclassificationadjustmentfromaocionderivativesnetoftax": 300000,
        "othercomprehensiveincomelossreclassificationadjustmentfromaocipensionandotherpostretirementbenefitplansfornetgainlossbeforetax": -7700000,
        "othercomprehensiveincomelossreclassificationadjustmentfromaocipensionandotherpostretirementbenefitplansfornetgainlosstax": -2000000,
        "othercomprehensiveincomelossreclassificationadjustmentfromaocipensionandotherpostretirementbenefitplansfornetgainlossnetoftax": -5700000,
        "comprehensiveincomenetoftaxincludingportionattributabletononcontrollinginterest": 86800000,
        "comprehensiveincomenetoftaxattributabletononcontrollinginterest": 4300000,
        "comprehensiveincomenetoftax": 82500000,
        "costofgoodsandservicessold": 26600000,
        "grossprofit": 457400000,
        "operatingexpenses": -784400000,
        "operatingincomeloss": 56100000,
        "interestexpense": -300000,
        "othernonoperatingincomeexpense": -32300000,
        "incomelossfromcontinuingoperationsbeforeincometaxesminorityinterestandincomelossfromequitymethodinvestments": 933300000,
        "incometaxexpensebenefit": -2000000,
        "earningsbeforeequityearnings": 179300000,
        "incomelossfromequitymethodinvestments": 0,
        "netincomelossattributabletononcontrollinginterest": 4300000,
        "netincomeloss": 175000000,
        "earningspersharebasic": 3.1300000000000017,
        "earningspersharediluted": 3.0900000000000003,
        "weightedaveragenumberofsharesoutstandingbasic": -100000,
        "incrementalcommonsharesattributabletosharebasedpaymentarrangements": -100000,
        "weightedaveragenumberofdilutedsharesoutstanding": -200000
    },
    {
        "date": "2018-09-28",
        "symbol": "SNA",
        "period": "Q3",
        "profitloss": 155400000,
        "othercomprehensiveincomeforeigncurrencytransactionandtranslationgainlossarisingduringperiodnetoftax": 2000000,
        "othercomprehensiveincomelossreclassificationadjustmentfromaocionderivativesnetoftax": 400000,
        "othercomprehensiveincomelossreclassificationadjustmentfromaocipensionandotherpostretirementbenefitplansfornetgainlossbeforetax": -7800000,
        "othercomprehensiveincomelossreclassificationadjustmentfromaocipensionandotherpostretirementbenefitplansfornetgainlosstax": -1800000,
        "othercomprehensiveincomelossreclassificationadjustmentfromaocipensionandotherpostretirementbenefitplansfornetgainlossnetoftax": -6000000,
        "comprehensiveincomenetoftaxincludingportionattributabletononcontrollinginterest": 175000000,
        "comprehensiveincomenetoftaxattributabletononcontrollinginterest": 4200000,
        "comprehensiveincomenetoftax": 170800000,
        "costofgoodsandservicessold": -858400000,
        "grossprofit": 453900000,
        "operatingexpenses": 280800000,
        "operatingincomeloss": 26100000,
        "interestexpense": -2000000,
        "othernonoperatingincomeexpense": -1000000,
        "incomelossfromcontinuingoperationsbeforeincometaxesminorityinterestandincomelossfromequitymethodinvestments": -485500000,
        "incometaxexpensebenefit": -119000000,
        "earningsbeforeequityearnings": 167500000,
        "incomelossfromequitymethodinvestments": -100000,
        "netincomelossattributabletononcontrollinginterest": 4200000,
        "netincomeloss": 504100000,
        "earningspersharebasic": 2.9099999999999993,
        "earningspersharediluted": 2.85,
        "weightedaveragenumberofsharesoutstandingbasic": -200000,
        "incrementalcommonsharesattributabletosharebasedpaymentarrangements": 100000,
        "weightedaveragenumberofdilutedsharesoutstanding": -100000,
        "commonstockdividendspersharedeclared": 0.8200000000000002
    },
    {
        "date": "2018-06-29",
        "symbol": "SNA",
        "period": "Q2",
        "profitloss": 182700000,
        "othercomprehensiveincomeforeigncurrencytransactionandtranslationgainlossarisingduringperiodnetoftax": -97600000,
        "othercomprehensiveincomeunrealizedgainlossonderivativesarisingduringperiodnetoftax": 0,
        "othercomprehensiveincomelossreclassificationadjustmentfromaocionderivativesnetoftax": 300000,
        "othercomprehensiveincomelossreclassificationadjustmentfromaocipensionandotherpostretirementbenefitplansfornetgainlossbeforetax": -8000000,
        "othercomprehensiveincomelossreclassificationadjustmentfromaocipensionandotherpostretirementbenefitplansfornetgainlosstax": -2000000,
        "othercomprehensiveincomelossreclassificationadjustmentfromaocipensionandotherpostretirementbenefitplansfornetgainlossnetoftax": -6000000,
        "comprehensiveincomenetoftaxincludingportionattributabletononcontrollinginterest": 90800000,
        "comprehensiveincomenetoftaxattributabletononcontrollinginterest": 4000000,
        "comprehensiveincomenetoftax": 86800000,
        "salesrevenuenet": 411900000,
        "costofgoodsandservicessold": 467500000,
        "grossprofit": 487100000,
        "operatingexpenses": 294000000,
        "operatingearningsbeforefinancialservices": 193100000,
        "financialservicesrevenue": 82000000,
        "financialservicescosts": 24200000,
        "operatingearningsfromsegment": 57800000,
        "operatingincomeloss": 79000000,
        "interestexpense": -12800000,
        "othernonoperatingincomeexpense": -600000,
        "incomelossfromcontinuingoperationsbeforeincometaxesminorityinterestandincomelossfromequitymethodinvestments": 238300000,
        "incometaxexpensebenefit": 55800000,
        "earningsbeforeequityearnings": 182500000,
        "incomelossfromequitymethodinvestments": 200000,
        "netincomelossattributabletononcontrollinginterest": 4000000,
        "netincomeloss": -162200000,
        "earningspersharebasic": 3.17,
        "earningspersharediluted": 3.11,
        "weightedaveragenumberofsharesoutstandingbasic": -100000,
        "incrementalcommonsharesattributabletosharebasedpaymentarrangements": -100000,
        "weightedaveragenumberofdilutedsharesoutstanding": -165229,
        "commonstockdividendspersharedeclared": 0.82
    },
    {
        "date": "2018-03-30",
        "symbol": "SNA",
        "period": "Q1",
        "profitloss": 166800000,
        "othercomprehensiveincomeforeigncurrencytransactionandtranslationgainlossarisingduringperiodnetoftax": 39100000,
        "othercomprehensiveincomeunrealizedgainlossonderivativesarisingduringperiodnetoftax": -800000,
        "othercomprehensiveincomelossreclassificationadjustmentfromaocionderivativesnetoftax": 500000,
        "othercomprehensiveincomelossreclassificationadjustmentfromaocipensionandotherpostretirementbenefitplansfornetgainlossbeforetax": -7600000,
        "othercomprehensiveincomelossreclassificationadjustmentfromaocipensionandotherpostretirementbenefitplansfornetgainlosstax": -1800000,
        "othercomprehensiveincomelossreclassificationadjustmentfromaocipensionandotherpostretirementbenefitplansfornetgainlossnetoftax": -5800000,
        "comprehensiveincomenetoftaxincludingportionattributabletononcontrollinginterest": 210400000,
        "comprehensiveincomenetoftaxattributabletononcontrollinginterest": 3800000,
        "comprehensiveincomenetoftax": 206600000,
        "salesrevenuenet": 404700000,
        "costofgoodsandservicessold": 463900000,
        "grossprofit": 471600000,
        "operatingexpenses": 293900000,
        "operatingearningsbeforefinancialservices": 177700000,
        "financialservicesrevenue": 83000000,
        "financialservicescosts": 26100000,
        "operatingearningsfromsegment": 56900000,
        "operatingincomeloss": 68900000,
        "interestexpense": 13600000,
        "othernonoperatingincomeexpense": 2800000,
        "incomelossfromcontinuingoperationsbeforeincometaxesminorityinterestandincomelossfromequitymethodinvestments": 223800000,
        "incometaxexpensebenefit": 57600000,
        "earningsbeforeequityearnings": 166200000,
        "incomelossfromequitymethodinvestments": 600000,
        "netincomelossattributabletononcontrollinginterest": 3800000,
        "netincomeloss": 163000000,
        "earningspersharebasic": 2.87,
        "earningspersharediluted": 2.82,
        "weightedaveragenumberofsharesoutstandingbasic": 56700000,
        "incrementalcommonsharesattributabletosharebasedpaymentarrangements": 1100000,
        "weightedaveragenumberofdilutedsharesoutstanding": 57765229,
        "commonstockdividendspersharedeclared": 0.82
    },
    {
        "date": "2017-12-29",
        "symbol": "SNA",
        "period": "Q4",
        "salesrevenuenet": -190000000,
        "costofgoodsandservicessold": 509300000,
        "grossprofit": 465300000,
        "operatingearningsbeforefinancialservices": 157700000,
        "financialservicesrevenue": 79900000,
        "financialservicescosts": 25500000,
        "operatingearningsfromsegment": 54400000,
        "operatingincomeloss": 89800000,
        "interestexpense": 400000,
        "othernonoperatingincomeexpense": -1500000,
        "incomelossfromcontinuingoperationsbeforeincometaxesminorityinterestandincomelossfromequitymethodinvestments": 197000000,
        "incometaxexpensebenefit": 2500000,
        "earningsbeforeequityearnings": 133200000,
        "incomelossfromequitymethodinvestments": 0,
        "profitloss": 133200000,
        "netincomelossattributabletononcontrollinginterest": 3700000,
        "netincomeloss": 129500000,
        "earningspersharebasic": 2.290000000000001,
        "earningspersharediluted": 2.2500000000000004,
        "weightedaveragenumberofdilutedsharesoutstanding": -300000,
        "othercomprehensiveincomeforeigncurrencytransactionandtranslationgainlossarisingduringperiodnetoftax": -3700000,
        "othercomprehensiveincomelossreclassificationadjustmentfromaocionderivativesnetoftax": 400000,
        "othercomprehensiveincomelossreclassificationadjustmentfromaocipensionandotherpostretirementbenefitplansfornetgainlossbeforetax": -6800000,
        "othercomprehensiveincomelossreclassificationadjustmentfromaocipensionandotherpostretirementbenefitplansfornetgainlosstax": -2500000,
        "othercomprehensiveincomelossreclassificationadjustmentfromaocipensionandotherpostretirementbenefitplansfornetgainlossnetoftax": -4300000,
        "comprehensiveincomenetoftaxincludingportionattributabletononcontrollinginterest": 146000000,
        "comprehensiveincomenetoftaxattributabletononcontrollinginterest": 3700000,
        "comprehensiveincomenetoftax": 142300000
    },
    {
        "date": "2017-09-29",
        "symbol": "SNA",
        "period": "Q3",
        "salesrevenuenet": 333500000,
        "costofgoodsandservicessold": 455200000,
        "grossprofit": 448600000,
        "operatingexpenses": 0,
        "operatingearningsbeforefinancialservices": 153100000,
        "financialservicesrevenue": 79000000,
        "financialservicescosts": 23000000,
        "operatingearningsfromsegment": 56000000,
        "operatingincomeloss": 83400000,
        "interestexpense": 500000,
        "othernonoperatingincomeexpense": -2100000,
        "incomelossfromcontinuingoperationsbeforeincometaxesminorityinterestandincomelossfromequitymethodinvestments": 193900000,
        "incometaxexpensebenefit": 2300000,
        "earningsbeforeequityearnings": 136700000,
        "incomelossfromequitymethodinvestments": 400000,
        "profitloss": 137100000,
        "netincomelossattributabletononcontrollinginterest": 3700000,
        "netincomeloss": 133400000,
        "earningspersharebasic": 2.34,
        "earningspersharediluted": 2.2899999999999996,
        "incrementalcommonsharesattributabletosharebasedpaymentarrangements": 0,
        "weightedaveragenumberofdilutedsharesoutstanding": -300000,
        "commonstockdividendspersharedeclared": 0.71,
        "othercomprehensiveincomeforeigncurrencytransactionandtranslationgainlossarisingduringperiodnetoftax": 51400000,
        "othercomprehensiveincomelossreclassificationadjustmentfromaocionderivativesnetoftax": 500000,
        "othercomprehensiveincomelossreclassificationadjustmentfromaocipensionandotherpostretirementbenefitplansfornetgainlossbeforetax": -6600000,
        "othercomprehensiveincomelossreclassificationadjustmentfromaocipensionandotherpostretirementbenefitplansfornetgainlosstax": -2300000,
        "othercomprehensiveincomelossreclassificationadjustmentfromaocipensionandotherpostretirementbenefitplansfornetgainlossnetoftax": -4300000,
        "comprehensiveincomenetoftaxincludingportionattributabletononcontrollinginterest": 192300000,
        "comprehensiveincomenetoftaxattributabletononcontrollinginterest": 3700000,
        "comprehensiveincomenetoftax": 188600000
    },
    {
        "date": "2017-06-30",
        "symbol": "SNA",
        "period": "Q2",
        "salesrevenuenet": 338100000,
        "costofgoodsandservicessold": 458400000,
        "grossprofit": 463000000,
        "operatingexpenses": -100000,
        "operatingearningsbeforefinancialservices": 183700000,
        "financialservicesrevenue": 77700000,
        "financialservicescosts": 23100000,
        "operatingearningsfromsegment": 54600000,
        "operatingincomeloss": 81900000,
        "interestexpense": 400000,
        "othernonoperatingincomeexpense": -1900000,
        "incomelossfromcontinuingoperationsbeforeincometaxesminorityinterestandincomelossfromequitymethodinvestments": 223400000,
        "incometaxexpensebenefit": 2300000,
        "earningsbeforeequityearnings": 156100000,
        "incomelossfromequitymethodinvestments": 700000,
        "profitloss": 156800000,
        "netincomelossattributabletononcontrollinginterest": 3600000,
        "netincomeloss": 153200000,
        "earningspersharebasic": 2.6399999999999997,
        "earningspersharediluted": 2.5900000000000003,
        "weightedaveragenumberofsharesoutstandingbasic": 0,
        "incrementalcommonsharesattributabletosharebasedpaymentarrangements": -100000,
        "weightedaveragenumberofdilutedsharesoutstanding": -100000,
        "commonstockdividendspersharedeclared": 0.71,
        "othercomprehensiveincomeforeigncurrencytransactionandtranslationgainlossarisingduringperiodnetoftax": 49400000,
        "othercomprehensiveincomeunrealizedgainlossonderivativesarisingduringperiodnetoftax": 0,
        "othercomprehensiveincomelossreclassificationadjustmentfromaocionderivativesnetoftax": 400000,
        "othercomprehensiveincomelossreclassificationadjustmentfromaocipensionandotherpostretirementbenefitplansfornetgainlossbeforetax": -6700000,
        "othercomprehensiveincomelossreclassificationadjustmentfromaocipensionandotherpostretirementbenefitplansfornetgainlosstax": -2300000,
        "othercomprehensiveincomelossreclassificationadjustmentfromaocipensionandotherpostretirementbenefitplansfornetgainlossnetoftax": -4400000,
        "comprehensiveincomenetoftaxincludingportionattributabletononcontrollinginterest": 210200000,
        "comprehensiveincomenetoftaxattributabletononcontrollinginterest": 3600000,
        "comprehensiveincomenetoftax": 206600000
    },
    {
        "date": "2017-03-31",
        "symbol": "SNA",
        "period": "Q1",
        "salesrevenuenet": 318800000,
        "costofgoodsandservicessold": 439100000,
        "grossprofit": 448000000,
        "operatingexpenses": 400000,
        "operatingearningsbeforefinancialservices": 169500000,
        "financialservicesrevenue": 76800000,
        "financialservicescosts": 24300000,
        "operatingearningsfromsegment": 52500000,
        "operatingincomeloss": 78700000,
        "interestexpense": 300000,
        "othernonoperatingincomeexpense": -1700000,
        "incomelossfromcontinuingoperationsbeforeincometaxesminorityinterestandincomelossfromequitymethodinvestments": 207600000,
        "incometaxexpensebenefit": 2300000,
        "earningsbeforeequityearnings": 145000000,
        "incomelossfromequitymethodinvestments": 100000,
        "profitloss": 145100000,
        "netincomelossattributabletononcontrollinginterest": 3500000,
        "netincomeloss": 141600000,
        "earningspersharebasic": 2.45,
        "earningspersharediluted": 2.39,
        "weightedaveragenumberofsharesoutstandingbasic": 57900000,
        "incrementalcommonsharesattributabletosharebasedpaymentarrangements": 1400000,
        "weightedaveragenumberofdilutedsharesoutstanding": 59300000,
        "commonstockdividendspersharedeclared": 0.71,
        "othercomprehensiveincomeforeigncurrencytransactionandtranslationgainlossarisingduringperiodnetoftax": 38100000,
        "othercomprehensiveincomeunrealizedgainlossonderivativesarisingduringperiodnetoftax": 6100000,
        "othercomprehensiveincomelossreclassificationadjustmentfromaocionderivativesnetoftax": 300000,
        "othercomprehensiveincomelossreclassificationadjustmentfromaocipensionandotherpostretirementbenefitplansfornetgainlossbeforetax": -6500000,
        "othercomprehensiveincomelossreclassificationadjustmentfromaocipensionandotherpostretirementbenefitplansfornetgainlosstax": -2300000,
        "othercomprehensiveincomelossreclassificationadjustmentfromaocipensionandotherpostretirementbenefitplansfornetgainlossnetoftax": -4200000,
        "comprehensiveincomenetoftaxincludingportionattributabletononcontrollinginterest": 193200000,
        "comprehensiveincomenetoftaxattributabletononcontrollinginterest": 3500000,
        "comprehensiveincomenetoftax": 189700000
    },
    {
        "date": "2016-12-30",
        "symbol": "SNA",
        "period": "Q4",
        "salesrevenuenet": 349600000,
        "costofgoodsandservicessold": 445900000,
        "grossprofit": 443900000,
        "operatingexpenses": 267800000,
        "operatingearningsbeforefinancialservices": 176100000,
        "financialservicesrevenue": 74200000,
        "financialservicescosts": 22600000,
        "operatingearningsfromsegment": 51600000,
        "operatingincomeloss": -72300000,
        "interestexpense": 0,
        "othernonoperatingincomeexpense": -300000,
        "incomelossfromcontinuingoperationsbeforeincometaxesminorityinterestandincomelossfromequitymethodinvestments": 214300000,
        "incometaxexpensebenefit": 2800000,
        "earningsbeforeequityearnings": 149400000,
        "incomelossfromequitymethodinvestments": 300000,
        "profitloss": 149700000,
        "netincomelossattributabletononcontrollinginterest": 3400000,
        "netincomeloss": 146300000,
        "earningspersharebasic": 2.5100000000000007,
        "earningspersharediluted": 2.459999999999999,
        "weightedaveragenumberofsharesoutstandingbasic": -116129880,
        "incrementalcommonsharesattributabletosharebasedpaymentarrangements": -2578294,
        "weightedaveragenumberofdilutedsharesoutstanding": -118708174,
        "othercomprehensiveincomeforeigncurrencytransactionandtranslationgainlossarisingduringperiodnetoftax": -76400000,
        "othercomprehensiveincomelossreclassificationadjustmentfromaocionderivativesnetoftax": 0,
        "othercomprehensiveincomelossreclassificationadjustmentfromaocipensionandotherpostretirementbenefitplansfornetgainlossbeforetax": -7400000,
        "othercomprehensiveincomelossreclassificationadjustmentfromaocipensionandotherpostretirementbenefitplansfornetgainlosstax": -2800000,
        "othercomprehensiveincomelossreclassificationadjustmentfromaocipensionandotherpostretirementbenefitplansfornetgainlossnetoftax": -4600000,
        "comprehensiveincomenetoftaxincludingportionattributabletononcontrollinginterest": 24100000,
        "comprehensiveincomenetoftaxattributabletononcontrollinginterest": 3400000,
        "comprehensiveincomenetoftax": 20700000
    },
    {
        "date": "2016-09-30",
        "symbol": "SNA",
        "period": "Q3",
        "salesrevenuenet": 286100000,
        "costofgoodsandservicessold": 415000000,
        "grossprofit": 419100000,
        "operatingexpenses": 261500000,
        "operatingearningsbeforefinancialservices": 157600000,
        "financialservicesrevenue": 71600000,
        "financialservicescosts": 21000000,
        "operatingearningsfromsegment": 50600000,
        "operatingincomeloss": 71800000,
        "interestexpense": 100000,
        "othernonoperatingincomeexpense": -800000,
        "incomelossfromcontinuingoperationsbeforeincometaxesminorityinterestandincomelossfromequitymethodinvestments": 194300000,
        "incometaxexpensebenefit": 2800000,
        "earningsbeforeequityearnings": 134700000,
        "incomelossfromequitymethodinvestments": 500000,
        "profitloss": 135200000,
        "netincomelossattributabletononcontrollinginterest": 3500000,
        "netincomeloss": 131700000,
        "earningspersharebasic": 2.27,
        "earningspersharediluted": 2.22,
        "weightedaveragenumberofsharesoutstandingbasic": 58013852,
        "incrementalcommonsharesattributabletosharebasedpaymentarrangements": 1251062,
        "weightedaveragenumberofdilutedsharesoutstanding": 59264914,
        "commonstockdividendspersharedeclared": 0.61,
        "othercomprehensiveincomeforeigncurrencytransactionandtranslationgainlossarisingduringperiodnetoftax": -7800000,
        "othercomprehensiveincomelossreclassificationadjustmentfromaocionderivativesnetoftax": 100000,
        "othercomprehensiveincomelossreclassificationadjustmentfromaocipensionandotherpostretirementbenefitplansfornetgainlossbeforetax": -7600000,
        "othercomprehensiveincomelossreclassificationadjustmentfromaocipensionandotherpostretirementbenefitplansfornetgainlosstax": -2800000,
        "othercomprehensiveincomelossreclassificationadjustmentfromaocipensionandotherpostretirementbenefitplansfornetgainlossnetoftax": -4800000,
        "comprehensiveincomenetoftaxincludingportionattributabletononcontrollinginterest": 132100000,
        "comprehensiveincomenetoftaxattributabletononcontrollinginterest": 3500000,
        "comprehensiveincomenetoftax": 128600000
    },
    {
        "date": "2016-07-01",
        "symbol": "SNA",
        "period": "Q2",
        "salesrevenuenet": 295200000,
        "costofgoodsandservicessold": 441000000,
        "grossprofit": 431300000,
        "operatingexpenses": 264900000,
        "operatingearningsbeforefinancialservices": 166400000,
        "financialservicesrevenue": 69300000,
        "financialservicescosts": 19800000,
        "operatingearningsfromsegment": 49500000,
        "operatingincomeloss": 74500000,
        "interestexpense": 100000,
        "othernonoperatingincomeexpense": 1200000,
        "incomelossfromcontinuingoperationsbeforeincometaxesminorityinterestandincomelossfromequitymethodinvestments": 204200000,
        "incometaxexpensebenefit": 3000000,
        "earningsbeforeequityearnings": 142000000,
        "incomelossfromequitymethodinvestments": 1400000,
        "profitloss": 143400000,
        "netincomelossattributabletononcontrollinginterest": 3300000,
        "netincomeloss": 140100000,
        "earningspersharebasic": 2.41,
        "earningspersharediluted": 2.36,
        "weightedaveragenumberofsharesoutstandingbasic": 58103518,
        "incrementalcommonsharesattributabletosharebasedpaymentarrangements": 1287468,
        "weightedaveragenumberofdilutedsharesoutstanding": 59390986,
        "commonstockdividendspersharedeclared": 0.61,
        "othercomprehensiveincomeforeigncurrencytransactionandtranslationgainlossarisingduringperiodnetoftax": -34900000,
        "othercomprehensiveincomelossreclassificationadjustmentfromaocionderivativesnetoftax": 100000,
        "othercomprehensiveincomelossreclassificationadjustmentfromaocipensionandotherpostretirementbenefitplansfornetgainlossbeforetax": -8300000,
        "othercomprehensiveincomelossreclassificationadjustmentfromaocipensionandotherpostretirementbenefitplansfornetgainlosstax": -3000000,
        "othercomprehensiveincomelossreclassificationadjustmentfromaocipensionandotherpostretirementbenefitplansfornetgainlossnetoftax": -5300000,
        "comprehensiveincomenetoftaxincludingportionattributabletononcontrollinginterest": 113700000,
        "comprehensiveincomenetoftaxattributabletononcontrollinginterest": 3300000,
        "comprehensiveincomenetoftax": 110400000
    },
    {
        "date": "2016-04-01",
        "symbol": "SNA",
        "period": "Q1",
        "salesrevenuenet": 968300000,
        "costofgoodsandservicessold": 418900000,
        "grossprofit": 415300000,
        "operatingexpenses": 259900000,
        "operatingearningsbeforefinancialservices": 155400000,
        "financialservicesrevenue": 66300000,
        "financialservicescosts": 19300000,
        "operatingearningsfromsegment": 47000000,
        "operatingincomeloss": 223800000,
        "interestexpense": 100000,
        "othernonoperatingincomeexpense": -700000,
        "incomelossfromcontinuingoperationsbeforeincometaxesminorityinterestandincomelossfromequitymethodinvestments": 188600000,
        "incometaxexpensebenefit": 2500000,
        "earningsbeforeequityearnings": 131000000,
        "incomelossfromequitymethodinvestments": 300000,
        "profitloss": 131300000,
        "netincomelossattributabletononcontrollinginterest": 3000000,
        "netincomeloss": 128300000,
        "earningspersharebasic": 2.21,
        "earningspersharediluted": 2.16,
        "weightedaveragenumberofsharesoutstandingbasic": 58112510,
        "incrementalcommonsharesattributabletosharebasedpaymentarrangements": 1339764,
        "weightedaveragenumberofdilutedsharesoutstanding": 59452274,
        "commonstockdividendspersharedeclared": 0.61,
        "othercomprehensiveincomeforeigncurrencytransactionandtranslationgainlossarisingduringperiodnetoftax": 19900000,
        "othercomprehensiveincomelossreclassificationadjustmentfromaocionderivativesnetoftax": 100000,
        "othercomprehensiveincomelossreclassificationadjustmentfromaocipensionandotherpostretirementbenefitplansfornetgainlossbeforetax": -6800000,
        "othercomprehensiveincomelossreclassificationadjustmentfromaocipensionandotherpostretirementbenefitplansfornetgainlosstax": -2500000,
        "othercomprehensiveincomelossreclassificationadjustmentfromaocipensionandotherpostretirementbenefitplansfornetgainlossnetoftax": -4300000,
        "comprehensiveincomenetoftaxincludingportionattributabletononcontrollinginterest": 155400000,
        "comprehensiveincomenetoftaxattributabletononcontrollinginterest": 3000000,
        "comprehensiveincomenetoftax": 152400000
    },
    {
        "date": "2015-10-02",
        "symbol": "SNA",
        "period": "Q3",
        "salesrevenuenet": 952000000,
        "costofgoodsandservicessold": 414600000,
        "grossprofit": 406900000,
        "operatingexpenses": 263300000,
        "operatingearningsbeforefinancialservices": 143600000,
        "financialservicesrevenue": 61100000,
        "financialservicescosts": 17600000,
        "operatingearningsfromsegment": 43500000,
        "operatingincomeloss": 210800000,
        "interestexpense": 100000,
        "othernonoperatingincomeexpense": -500000,
        "incomelossfromcontinuingoperationsbeforeincometaxesminorityinterestandincomelossfromequitymethodinvestments": 173600000,
        "incometaxexpensebenefit": 3400000,
        "earningsbeforeequityearnings": 119700000,
        "incomelossfromequitymethodinvestments": 200000,
        "profitloss": 119900000,
        "netincomelossattributabletononcontrollinginterest": 3100000,
        "netincomeloss": 116800000,
        "earningspersharebasic": 2.01,
        "earningspersharediluted": 1.98,
        "weightedaveragenumberofsharesoutstandingbasic": 58084784,
        "incrementalcommonsharesattributabletosharebasedpaymentarrangements": 998920,
        "weightedaveragenumberofdilutedsharesoutstanding": 59083704,
        "commonstockdividendspersharedeclared": 0.53,
        "othercomprehensiveincomeforeigncurrencytransactionandtranslationgainlossarisingduringperiodnetoftax": -26100000,
        "othercomprehensiveincomelossreclassificationadjustmentfromaocionderivativesnetoftax": 100000,
        "othercomprehensiveincomelossreclassificationadjustmentfromaocipensionandotherpostretirementbenefitplansfornetgainlossbeforetax": -9400000,
        "othercomprehensiveincomelossreclassificationadjustmentfromaocipensionandotherpostretirementbenefitplansfornetgainlosstax": -3400000,
        "othercomprehensiveincomelossreclassificationadjustmentfromaocipensionandotherpostretirementbenefitplansfornetgainlossnetoftax": -6000000,
        "comprehensiveincomenetoftaxincludingportionattributabletononcontrollinginterest": 99700000,
        "comprehensiveincomenetoftaxattributabletononcontrollinginterest": 3100000,
        "comprehensiveincomenetoftax": 96600000
    },
    {
        "date": "2015-07-03",
        "symbol": "SNA",
        "period": "Q2",
        "salesrevenuenet": 971900000,
        "costofgoodsandservicessold": 432800000,
        "grossprofit": 419000000,
        "operatingexpenses": 268200000,
        "operatingearningsbeforefinancialservices": 150800000,
        "financialservicesrevenue": 58700000,
        "financialservicescosts": 17300000,
        "operatingearningsfromsegment": 41400000,
        "operatingincomeloss": 219300000,
        "interestexpense": 100000,
        "othernonoperatingincomeexpense": -700000,
        "incomelossfromcontinuingoperationsbeforeincometaxesminorityinterestandincomelossfromequitymethodinvestments": 178600000,
        "incometaxexpensebenefit": 3800000,
        "earningsbeforeequityearnings": 122400000,
        "incomelossfromequitymethodinvestments": 600000,
        "profitloss": 123000000,
        "netincomelossattributabletononcontrollinginterest": 3000000,
        "netincomeloss": 120000000,
        "earningspersharebasic": 2.07,
        "earningspersharediluted": 2.03,
        "weightedaveragenumberofsharesoutstandingbasic": 58114681,
        "incrementalcommonsharesattributabletosharebasedpaymentarrangements": 991763,
        "weightedaveragenumberofdilutedsharesoutstanding": 59106444,
        "commonstockdividendspersharedeclared": 0.53,
        "othercomprehensiveincomeforeigncurrencytransactionandtranslationgainlossarisingduringperiodnetoftax": 30700000,
        "othercomprehensiveincomelossreclassificationadjustmentfromaocionderivativesnetoftax": 100000,
        "othercomprehensiveincomelossreclassificationadjustmentfromaocipensionandotherpostretirementbenefitplansfornetgainlossbeforetax": -10400000,
        "othercomprehensiveincomelossreclassificationadjustmentfromaocipensionandotherpostretirementbenefitplansfornetgainlosstax": -3800000,
        "othercomprehensiveincomelossreclassificationadjustmentfromaocipensionandotherpostretirementbenefitplansfornetgainlossnetoftax": -6600000,
        "comprehensiveincomenetoftaxincludingportionattributabletononcontrollinginterest": 160200000,
        "comprehensiveincomenetoftaxattributabletononcontrollinginterest": 3000000,
        "comprehensiveincomenetoftax": 157200000
    },
    {
        "date": "2015-04-03",
        "symbol": "SNA",
        "period": "Q1",
        "salesrevenuenet": -120200000,
        "costofgoodsandservicessold": 417700000,
        "grossprofit": 410100000,
        "operatingexpenses": 272200000,
        "operatingearningsbeforefinancialservices": 137900000,
        "financialservicesrevenue": 57400000,
        "financialservicescosts": 17100000,
        "operatingearningsfromsegment": 40300000,
        "operatingincomeloss": -29800000,
        "interestexpense": 100000,
        "othernonoperatingincomeexpense": -700000,
        "incomelossfromcontinuingoperationsbeforeincometaxesminorityinterestandincomelossfromequitymethodinvestments": 164500000,
        "incometaxexpensebenefit": 3400000,
        "earningsbeforeequityearnings": 112700000,
        "incomelossfromequitymethodinvestments": 500000,
        "profitloss": 113200000,
        "netincomelossattributabletononcontrollinginterest": 2700000,
        "netincomeloss": 110500000,
        "earningspersharebasic": 1.9,
        "earningspersharediluted": 1.87,
        "weightedaveragenumberofsharesoutstandingbasic": 58132396,
        "incrementalcommonsharesattributabletosharebasedpaymentarrangements": 972913,
        "weightedaveragenumberofdilutedsharesoutstanding": 59105309,
        "commonstockdividendspersharedeclared": 0.53,
        "othercomprehensiveincomeforeigncurrencytransactionandtranslationgainlossarisingduringperiodnetoftax": -96300000,
        "othercomprehensiveincomelossreclassificationadjustmentfromaocionderivativesnetoftax": 100000,
        "othercomprehensiveincomelossreclassificationadjustmentfromaocipensionandotherpostretirementbenefitplansfornetgainlossbeforetax": -8800000,
        "othercomprehensiveincomelossreclassificationadjustmentfromaocipensionandotherpostretirementbenefitplansfornetgainlosstax": -3400000,
        "othercomprehensiveincomelossreclassificationadjustmentfromaocipensionandotherpostretirementbenefitplansfornetgainlossnetoftax": -5400000,
        "comprehensiveincomenetoftaxincludingportionattributabletononcontrollinginterest": 22200000,
        "comprehensiveincomenetoftaxattributabletononcontrollinginterest": 2700000,
        "comprehensiveincomenetoftax": 19500000
    },
    {
        "date": "2014-09-26",
        "symbol": "SNA",
        "period": "Q3",
        "salesrevenuenet": -118700000,
        "costofgoodsandservicessold": 412400000,
        "grossprofit": 393900000,
        "operatingexpenses": 263300000,
        "operatingearningsbeforefinancialservices": 130600000,
        "financialservicesrevenue": 53600000,
        "financialservicescosts": 15900000,
        "operatingearningsfromsegment": 37700000,
        "operatingincomeloss": -23000000,
        "interestexpense": 100000,
        "othernonoperatingincomeexpense": -900000,
        "incomelossfromcontinuingoperationsbeforeincometaxesminorityinterestandincomelossfromequitymethodinvestments": 154700000,
        "incometaxexpensebenefit": 2100000,
        "earningsbeforeequityearnings": 106300000,
        "incomelossfromequitymethodinvestments": 100000,
        "profitloss": 106400000,
        "netincomelossattributabletononcontrollinginterest": 2700000,
        "netincomeloss": 103700000,
        "earningspersharebasic": 1.78,
        "earningspersharediluted": 1.76,
        "weightedaveragenumberofsharesoutstandingbasic": 58110855,
        "incrementalcommonsharesattributabletosharebasedpaymentarrangements": 902197,
        "weightedaveragenumberofdilutedsharesoutstanding": 59013052,
        "commonstockdividendspersharedeclared": 0.44,
        "othercomprehensiveincomeforeigncurrencytransactionandtranslationgainlossarisingduringperiodnetoftax": -64800000,
        "othercomprehensiveincomelossreclassificationadjustmentfromaocionderivativesnetoftax": 100000,
        "othercomprehensiveincomelossreclassificationadjustmentfromaocipensionandotherpostretirementbenefitplansfornetgainlossbeforetax": -5600000,
        "othercomprehensiveincomelossreclassificationadjustmentfromaocipensionandotherpostretirementbenefitplansfornetgainlosstax": -2100000,
        "othercomprehensiveincomelossreclassificationadjustmentfromaocipensionandotherpostretirementbenefitplansfornetgainlossnetoftax": -3500000,
        "comprehensiveincomenetoftaxincludingportionattributabletononcontrollinginterest": 45000000,
        "comprehensiveincomenetoftaxattributabletononcontrollinginterest": 2700000,
        "comprehensiveincomenetoftax": 42300000
    },
    {
        "date": "2014-06-27",
        "symbol": "SNA",
        "period": "Q2",
        "salesrevenuenet": 934800000,
        "costofgoodsandservicessold": 426100000,
        "grossprofit": 400400000,
        "operatingexpenses": 262300000,
        "operatingearningsbeforefinancialservices": 138100000,
        "financialservicesrevenue": 51700000,
        "financialservicescosts": 16900000,
        "operatingearningsfromsegment": 34800000,
        "operatingincomeloss": -25200000,
        "interestexpense": 100000,
        "othernonoperatingincomeexpense": 300000,
        "incomelossfromcontinuingoperationsbeforeincometaxesminorityinterestandincomelossfromequitymethodinvestments": 160500000,
        "incometaxexpensebenefit": 2100000,
        "earningsbeforeequityearnings": 108600000,
        "incomelossfromequitymethodinvestments": 200000,
        "profitloss": 108800000,
        "netincomelossattributabletononcontrollinginterest": 2700000,
        "netincomeloss": 106100000,
        "earningspersharebasic": 1.83,
        "earningspersharediluted": 1.8,
        "weightedaveragenumberofsharesoutstandingbasic": 58127969,
        "incrementalcommonsharesattributabletosharebasedpaymentarrangements": 870507,
        "weightedaveragenumberofdilutedsharesoutstanding": 58998476,
        "commonstockdividendspersharedeclared": 0.44,
        "othercomprehensiveincomeforeigncurrencytransactionandtranslationgainlossarisingduringperiodnetoftax": -3200000,
        "othercomprehensiveincomelossreclassificationadjustmentfromaocionderivativesnetoftax": 100000,
        "othercomprehensiveincomelossreclassificationadjustmentfromaocipensionandotherpostretirementbenefitplansfornetgainlossbeforetax": -5800000,
        "othercomprehensiveincomelossreclassificationadjustmentfromaocipensionandotherpostretirementbenefitplansfornetgainlosstax": -2100000,
        "othercomprehensiveincomelossreclassificationadjustmentfromaocipensionandotherpostretirementbenefitplansfornetgainlossnetoftax": -3700000,
        "comprehensiveincomenetoftaxincludingportionattributabletononcontrollinginterest": 109200000,
        "comprehensiveincomenetoftaxattributabletononcontrollinginterest": 2700000,
        "comprehensiveincomenetoftax": 106500000
    },
    {
        "date": "2014-03-28",
        "symbol": "SNA",
        "period": "Q1",
        "salesrevenuenet": 896900000,
        "costofgoodsandservicessold": 408800000,
        "grossprofit": 378700000,
        "operatingexpenses": 257000000,
        "operatingearningsbeforefinancialservices": 121700000,
        "financialservicesrevenue": 50200000,
        "financialservicescosts": 15800000,
        "operatingearningsfromsegment": 34400000,
        "operatingincomeloss": -24700000,
        "interestexpense": 100000,
        "othernonoperatingincomeexpense": -100000,
        "incomelossfromcontinuingoperationsbeforeincometaxesminorityinterestandincomelossfromequitymethodinvestments": 142300000,
        "incometaxexpensebenefit": 1900000,
        "earningsbeforeequityearnings": 98000000,
        "incomelossfromequitymethodinvestments": 200000,
        "profitloss": 98200000,
        "netincomelossattributabletononcontrollinginterest": 2300000,
        "netincomeloss": 95900000,
        "earningspersharebasic": 1.65,
        "earningspersharediluted": 1.62,
        "weightedaveragenumberofsharesoutstandingbasic": 58206213,
        "incrementalcommonsharesattributabletosharebasedpaymentarrangements": 871042,
        "weightedaveragenumberofdilutedsharesoutstanding": 59077255,
        "commonstockdividendspersharedeclared": 0.44,
        "othercomprehensiveincomeforeigncurrencytransactionandtranslationgainlossarisingduringperiodnetoftax": 4700000,
        "othercomprehensiveincomelossreclassificationadjustmentfromaocionderivativesnetoftax": 100000,
        "othercomprehensiveincomelossreclassificationadjustmentfromaocipensionandotherpostretirementbenefitplansfornetgainlossbeforetax": -5200000,
        "othercomprehensiveincomelossreclassificationadjustmentfromaocipensionandotherpostretirementbenefitplansfornetgainlosstax": -1900000,
        "othercomprehensiveincomelossreclassificationadjustmentfromaocipensionandotherpostretirementbenefitplansfornetgainlossnetoftax": -3300000,
        "comprehensiveincomenetoftaxincludingportionattributabletononcontrollinginterest": 106100000,
        "comprehensiveincomenetoftaxattributabletononcontrollinginterest": 2300000,
        "comprehensiveincomenetoftax": 103800000
    },
    {
        "date": "2013-12-27",
        "symbol": "SNA",
        "period": "Q4",
        "salesrevenuenet": -718700000,
        "costofgoodsandservicessold": 419000000,
        "grossprofit": 378500000,
        "operatingexpenses": 254900000,
        "operatingearningsbeforefinancialservices": 123600000,
        "financialservicesrevenue": 47400000,
        "financialservicescosts": 14400000,
        "operatingearningsfromsegment": 33000000,
        "operatingincomeloss": -190100000,
        "interestexpense": -41400000,
        "othernonoperatingincomeexpense": -800000,
        "incomelossfromcontinuingoperationsbeforeincometaxesminorityinterestandincomelossfromequitymethodinvestments": -265200000,
        "incometaxexpensebenefit": -32300000,
        "earningsbeforeequityearnings": 96900000,
        "incomelossfromequitymethodinvestments": 0,
        "profitloss": 96900000,
        "netincomelossattributabletononcontrollinginterest": 2400000,
        "netincomeloss": 94500000,
        "earningspersharebasic": 1.6299999999999994,
        "earningspersharediluted": 1.6,
        "weightedaveragenumberofsharesoutstandingbasic": -116463142,
        "incrementalcommonsharesattributabletosharebasedpaymentarrangements": -1646813,
        "weightedaveragenumberofdilutedsharesoutstanding": -118109955,
        "othercomprehensiveincomeforeigncurrencytransactionandtranslationgainlossarisingduringperiodnetoftax": -3700000,
        "comprehensiveincomenetoftaxincludingportionattributabletononcontrollinginterest": 163200000,
        "comprehensiveincomenetoftaxattributabletononcontrollinginterest": 2400000,
        "comprehensiveincomenetoftax": 160800000
    },
    {
        "date": "2013-09-27",
        "symbol": "SNA",
        "period": "Q3",
        "salesrevenuenet": 861700000,
        "costofgoodsandservicessold": 388900000,
        "grossprofit": 364300000,
        "operatingexpenses": 253000000,
        "operatingearningsbeforefinancialservices": 111300000,
        "financialservicesrevenue": 45100000,
        "financialservicescosts": 13500000,
        "operatingearningsfromsegment": 31600000,
        "operatingincomeloss": -24500000,
        "interestexpense": 14400000,
        "othernonoperatingincomeexpense": -800000,
        "incomelossfromcontinuingoperationsbeforeincometaxesminorityinterestandincomelossfromequitymethodinvestments": 127700000,
        "incometaxexpensebenefit": 4600000,
        "earningsbeforeequityearnings": 86900000,
        "incomelossfromequitymethodinvestments": 100000,
        "profitloss": 87000000,
        "netincomelossattributabletononcontrollinginterest": 2400000,
        "netincomeloss": 84600000,
        "earningspersharebasic": 1.45,
        "earningspersharediluted": 1.43,
        "weightedaveragenumberofsharesoutstandingbasic": 58163261,
        "incrementalcommonsharesattributabletosharebasedpaymentarrangements": 837840,
        "weightedaveragenumberofdilutedsharesoutstanding": 59001101,
        "commonstockdividendspersharedeclared": 0.38,
        "othercomprehensiveincomeforeigncurrencytransactionandtranslationgainlossarisingduringperiodnetoftax": 39300000,
        "othercomprehensiveincomelossreclassificationadjustmentfromaocionderivativesnetoftax": 100000,
        "othercomprehensiveincomelossreclassificationadjustmentfromaocipensionandotherpostretirementbenefitplansfornetgainlossbeforetax": -10200000,
        "othercomprehensiveincomelossreclassificationadjustmentfromaocipensionandotherpostretirementbenefitplansfornetgainlosstax": -4600000,
        "othercomprehensiveincomelossreclassificationadjustmentfromaocipensionandotherpostretirementbenefitplansfornetgainlossnetoftax": -5600000,
        "comprehensiveincomenetoftaxincludingportionattributabletononcontrollinginterest": 131800000,
        "comprehensiveincomenetoftaxattributabletononcontrollinginterest": 2400000,
        "comprehensiveincomenetoftax": 129400000
    },
    {
        "date": "2013-06-28",
        "symbol": "SNA",
        "period": "Q2",
        "salesrevenuenet": 858600000,
        "costofgoodsandservicessold": 390900000,
        "grossprofit": 373200000,
        "operatingexpenses": 255400000,
        "operatingearningsbeforefinancialservices": 117800000,
        "financialservicesrevenue": 44500000,
        "financialservicescosts": 13900000,
        "operatingearningsfromsegment": 30600000,
        "operatingincomeloss": -27000000,
        "interestexpense": 13800000,
        "othernonoperatingincomeexpense": -1700000,
        "incomelossfromcontinuingoperationsbeforeincometaxesminorityinterestandincomelossfromequitymethodinvestments": 132900000,
        "incometaxexpensebenefit": 4100000,
        "earningsbeforeequityearnings": 90400000,
        "incomelossfromequitymethodinvestments": 300000,
        "profitloss": 90700000,
        "netincomelossattributabletononcontrollinginterest": 2300000,
        "netincomeloss": 88400000,
        "earningspersharebasic": 1.52,
        "earningspersharediluted": 1.5,
        "weightedaveragenumberofsharesoutstandingbasic": 58221317,
        "incrementalcommonsharesattributabletosharebasedpaymentarrangements": 743006,
        "weightedaveragenumberofdilutedsharesoutstanding": 58964323,
        "commonstockdividendspersharedeclared": 0.38,
        "othercomprehensiveincomeforeigncurrencytransactionandtranslationgainlossarisingduringperiodnetoftax": -16000000,
        "othercomprehensiveincomelossreclassificationadjustmentfromaocionderivativesnetoftax": 100000,
        "othercomprehensiveincomelossreclassificationadjustmentfromaocipensionandotherpostretirementbenefitplansfornetgainlossbeforetax": -10800000,
        "othercomprehensiveincomelossreclassificationadjustmentfromaocipensionandotherpostretirementbenefitplansfornetgainlosstax": -4100000,
        "othercomprehensiveincomelossreclassificationadjustmentfromaocipensionandotherpostretirementbenefitplansfornetgainlossnetoftax": -6700000,
        "comprehensiveincomenetoftaxincludingportionattributabletononcontrollinginterest": 81300000,
        "comprehensiveincomenetoftaxattributabletononcontrollinginterest": 2300000,
        "comprehensiveincomenetoftax": 79000000
    },
    {
        "date": "2013-03-29",
        "symbol": "SNA",
        "period": "Q1",
        "salesrevenuenet": 741700000,
        "costofgoodsandservicessold": 384800000,
        "grossprofit": 356900000,
        "operatingexpenses": 249100000,
        "operatingearningsbeforefinancialservices": 107800000,
        "financialservicesrevenue": 44000000,
        "financialservicescosts": 13500000,
        "operatingearningsfromsegment": 30500000,
        "operatingincomeloss": 138300000,
        "interestexpense": 13600000,
        "othernonoperatingincomeexpense": -600000,
        "incomelossfromcontinuingoperationsbeforeincometaxesminorityinterestandincomelossfromequitymethodinvestments": 124100000,
        "incometaxexpensebenefit": 38800000,
        "earningsbeforeequityearnings": 85300000,
        "incomelossfromequitymethodinvestments": -200000,
        "profitloss": 85100000,
        "netincomelossattributabletononcontrollinginterest": 2300000,
        "netincomeloss": 82800000,
        "earningspersharebasic": 1.42,
        "earningspersharediluted": 1.4,
        "weightedaveragenumberofsharesoutstandingbasic": 58278564,
        "incrementalcommonsharesattributabletosharebasedpaymentarrangements": 965967,
        "weightedaveragenumberofdilutedsharesoutstanding": 59244531,
        "commonstockdividendspersharedeclared": 0.38,
        "othercomprehensiveincomeforeigncurrencytransactionandtranslationgainlossarisingduringperiodnetoftax": -28200000,
        "othercomprehensiveincomelossreclassificationadjustmentonderivativesincludedinnetincomenetoftax": 100000,
        "othercomprehensiveincomereclassificationofdefinedbenefitplansnetgainlossrecognizedinnetperiodicbenefitcostnetoftax": 6000000,
        "comprehensiveincomenetoftaxincludingportionattributabletononcontrollinginterest": 62800000,
        "comprehensiveincomenetoftaxattributabletononcontrollinginterest": 2300000,
        "comprehensiveincomenetoftax": 60500000,
        "othercomprehensiveincomedefinedbenefitplanamortizationofnetpriorservicecostandunrecognizedgainlosstaxamount": 3500000
    },
    {
        "date": "2012-12-28",
        "symbol": "SNA",
        "period": "Q4",
        "salesrevenuenet": -455300000,
        "costofgoodsandservicessold": 401200000,
        "grossprofit": 352000000,
        "operatingexpenses": 240600000,
        "operatingearningsbeforefinancialservices": 111400000,
        "financialservicesrevenue": 42900000,
        "financialservicescosts": 13600000,
        "operatingearningsfromsegment": 29300000,
        "operatingincomeloss": 140700000,
        "interestexpense": 14400000,
        "othernonoperatingincomeexpense": 100000,
        "incomelossfromcontinuingoperationsbeforeincometaxesminorityinterestandincomelossfromequitymethodinvestments": 31400000,
        "incometaxexpensebenefit": 39800000,
        "earningsbeforeequityearnings": 86600000,
        "incomelossfromequitymethodinvestments": 100000,
        "profitloss": 86700000,
        "netincomelossattributabletononcontrollinginterest": 2100000,
        "netincomeloss": 84600000,
        "earningspersharebasic": 1.4599999999999997,
        "earningspersharediluted": 1.4300000000000006,
        "weightedaveragenumberofsharesoutstandingbasic": -116385486,
        "incrementalcommonsharesattributabletosharebasedpaymentarrangements": -1158423,
        "weightedaveragenumberofdilutedsharesoutstanding": -117543909,
        "othercomprehensiveincomeforeigncurrencytransactionandtranslationgainlossarisingduringperiodnetoftax": 14700000,
        "comprehensiveincomenetoftaxincludingportionattributabletononcontrollinginterest": 93500000,
        "comprehensiveincomenetoftaxattributabletononcontrollinginterest": 2100000
    },
    {
        "date": "2012-09-28",
        "symbol": "SNA",
        "period": "Q3",
        "salesrevenuenet": 711600000,
        "costofgoodsandservicessold": 371200000,
        "grossprofit": 340400000,
        "operatingexpenses": 244200000,
        "operatingearningsbeforefinancialservices": 96200000,
        "financialservicesrevenue": 40500000,
        "financialservicescosts": 12600000,
        "operatingearningsfromfinancialbeforearbitrationsettlement": 27900000,
        "operatingearningsfromsegment": 27900000,
        "operatingincomeloss": 124100000,
        "interestexpense": 13600000,
        "othernonoperatingincomeexpense": -200000,
        "incomelossfromcontinuingoperationsbeforeincometaxesminorityinterestandincomelossfromequitymethodinvestments": 110300000,
        "incometaxexpensebenefit": 34900000,
        "earningsbeforeequityearnings": 75400000,
        "incomelossfromequitymethodinvestments": 1000000,
        "profitloss": 76400000,
        "netincomelossattributabletononcontrollinginterest": 2300000,
        "netincomeloss": 74100000,
        "earningspersharebasic": 1.27,
        "earningspersharediluted": 1.26,
        "weightedaveragenumberofsharesoutstandingbasic": 58257569,
        "incrementalcommonsharesattributabletosharebasedpaymentarrangements": 600067,
        "weightedaveragenumberofdilutedsharesoutstanding": 58857636,
        "commonstockdividendspersharedeclared": 0.34,
        "othercomprehensiveincomeforeigncurrencytransactionandtranslationgainlossarisingduringperiodnetoftax": 43300000,
        "cashflowhedgegainlossreclassifiedtointerestexpensenet": -100000,
        "othercomprehensiveincomelosspensionandotherpostretirementbenefitplansadjustmentnetoftax": -6600000,
        "comprehensiveincomenetoftaxincludingportionattributabletononcontrollinginterest": 126200000,
        "comprehensiveincomenetoftaxattributabletononcontrollinginterest": 2300000,
        "othercomprehensiveincomelossnetoftaxportionattributabletoparent": 123900000,
        "othercomprehensiveincomelosspensionandotherpostretirementbenefitplanstaxadjustment": 4000000
    },
    {
        "date": "2012-06-29",
        "symbol": "SNA",
        "period": "Q2",
        "salesrevenuenet": 737900000,
        "costofgoodsandservicessold": 388000000,
        "grossprofit": 349900000,
        "operatingexpenses": 245300000,
        "operatingearningsbeforefinancialservices": 104600000,
        "financialservicesrevenue": 39900000,
        "financialservicescosts": 14300000,
        "operatingearningsfromfinancialbeforearbitrationsettlement": 25600000,
        "operatingearningsfromsegment": 25600000,
        "operatingincomeloss": 130200000,
        "interestexpense": 13900000,
        "othernonoperatingincomeexpense": 100000,
        "incomelossfromcontinuingoperationsbeforeincometaxesminorityinterestandincomelossfromequitymethodinvestments": 116400000,
        "incometaxexpensebenefit": 38300000,
        "earningsbeforeequityearnings": 78100000,
        "incomelossfromequitymethodinvestments": 400000,
        "profitloss": 78500000,
        "netincomelossattributabletononcontrollinginterest": 2100000,
        "netincomeloss": 76400000,
        "earningspersharebasic": 1.31,
        "earningspersharediluted": 1.3,
        "weightedaveragenumberofsharesoutstandingbasic": 58155790,
        "incrementalcommonsharesattributabletosharebasedpaymentarrangements": 657872,
        "weightedaveragenumberofdilutedsharesoutstanding": 58813662,
        "commonstockdividendspersharedeclared": 0.34,
        "othercomprehensiveincomeforeigncurrencytransactionandtranslationgainlossarisingduringperiodnetoftax": -51600000,
        "othercomprehensiveincomeunrealizedgainlossonderivativesarisingduringperiodnetoftax": -100000,
        "othercomprehensiveincomedefinedbenefitplansadjustmentnetoftaxperiodincreasedecrease": 17000000,
        "comprehensiveincomenetoftaxincludingportionattributabletononcontrollinginterest": 43800000,
        "comprehensiveincomenetoftaxattributabletononcontrollinginterest": 2100000,
        "othercomprehensiveincomelossnetoftaxportionattributabletoparent": 41700000,
        "othercomprehensiveincomelosspensionandotherpostretirementbenefitplanstaxadjustment": 9300000
    },
    {
        "date": "2012-03-30",
        "symbol": "SNA",
        "period": "Q1",
        "salesrevenuenet": 735200000,
        "costofgoodsandservicessold": 387500000,
        "grossprofit": 347700000,
        "operatingexpenses": 250200000,
        "operatingearningsbeforefinancialservices": 97500000,
        "financialservicesrevenue": 38000000,
        "financialservicescosts": 14100000,
        "operatingearningsfromsegment": 23900000,
        "operatingincomeloss": 121400000,
        "interestexpense": 13900000,
        "othernonoperatingincomeexpense": -400000,
        "incomelossfromcontinuingoperationsbeforeincometaxesminorityinterestandincomelossfromequitymethodinvestments": 107100000,
        "incometaxexpensebenefit": 35200000,
        "earningsbeforeequityearnings": 71900000,
        "incomelossfromequitymethodinvestments": 1100000,
        "profitloss": 73000000,
        "netincomelossattributabletononcontrollinginterest": 2000000,
        "netincomeloss": 71000000,
        "earningspersharebasic": 1.22,
        "earningspersharediluted": 1.21,
        "weightedaveragenumberofsharesoutstandingbasic": 58172127,
        "incrementalcommonsharesattributabletosharebasedpaymentarrangements": 600484,
        "weightedaveragenumberofdilutedsharesoutstanding": 58772611,
        "commonstockdividendspersharedeclared": 0.34,
        "othercomprehensiveincomeforeigncurrencytransactionandtranslationgainlossarisingduringperiodnetoftax": 28600000,
        "othercomprehensiveincomeunrealizedgainlossonderivativesarisingduringperiodnetoftax": -100000,
        "comprehensiveincomenetoftaxincludingportionattributabletononcontrollinginterest": 101500000,
        "comprehensiveincomenetoftaxattributabletononcontrollinginterest": 2000000,
        "othercomprehensiveincomelossnetoftaxportionattributabletoparent": 99500000
    },
    {
        "date": "2011-12-30",
        "symbol": "SNA",
        "period": "Q4",
        "salesrevenuenet": -1544400000,
        "costofgoodsandservicessold": 400800000,
        "grossprofit": 335800000,
        "operatingexpenses": 232000000,
        "operatingearningsbeforefinancialservices": 103800000,
        "financialservicesrevenue": 35500000,
        "financialservicescosts": 13400000,
        "operatingincomeloss": 125900000,
        "interestexpense": 13500000,
        "othernonoperatingincomeexpense": -1000000,
        "incomelossfromcontinuingoperationsbeforeincometaxesminorityinterestandincomelossfromequitymethodinvestments": -224100000,
        "incometaxexpensebenefit": 36200000,
        "earningsbeforeequityearnings": 75200000,
        "incomelossfromequitymethodinvestments": 900000,
        "profitloss": 76100000,
        "netincomelossattributabletononcontrollinginterest": 1800000,
        "netincomeloss": 74300000,
        "earningspersharebasic": 1.28,
        "earningspersharediluted": 1.2599999999999998,
        "weightedaveragenumberofsharesoutstandingbasic": -116351199,
        "incrementalcommonsharesattributabletosharebasedpaymentarrangements": -1108464,
        "weightedaveragenumberofdilutedsharesoutstanding": -117459663,
        "othercomprehensiveincomeforeigncurrencytransactionandtranslationgainlossarisingduringperiodnetoftax": -29600000,
        "comprehensiveincomenetoftaxincludingportionattributabletononcontrollinginterest": -11500000,
        "comprehensiveincomeattributabletononredeemablenoncontrollinginterest": 1800000,
        "othercomprehensiveincomelossnetoftaxportionattributabletoparent": -13300000
    },
    {
        "date": "2011-09-30",
        "symbol": "SNA",
        "period": "Q3",
        "salesrevenuenet": 697200000,
        "costofgoodsandservicessold": 367900000,
        "grossprofit": 329300000,
        "operatingexpenses": 235000000,
        "operatingearningsbeforefinancialservices": 94300000,
        "financialservicesrevenue": 32700000,
        "financialservicescosts": 11900000,
        "operatingearningsfromfinancialbeforearbitrationsettlement": 20800000,
        "operatingearningsfromsegment": 20800000,
        "operatingincomeloss": 115100000,
        "interestexpense": 15100000,
        "othernonoperatingincomeexpense": -1700000,
        "incomelossfromcontinuingoperationsbeforeincometaxesminorityinterestandincomelossfromequitymethodinvestments": 98300000,
        "incometaxexpensebenefit": 30500000,
        "earningsbeforeequityearnings": 67800000,
        "incomelossfromequitymethodinvestments": 2000000,
        "profitloss": 69800000,
        "netincomelossattributabletononcontrollinginterest": 2000000,
        "netincomeloss": 67800000,
        "earningspersharebasic": 1.16,
        "earningspersharediluted": 1.16,
        "weightedaveragenumberofsharesoutstandingbasic": 58165001,
        "incrementalcommonsharesattributabletosharebasedpaymentarrangements": 514874,
        "weightedaveragenumberofdilutedsharesoutstanding": 58679875,
        "commonstockdividendspersharedeclared": 0.32,
        "othercomprehensiveincomeforeigncurrencytransactionandtranslationgainlossarisingduringperiodnetoftax": -60800000,
        "cashflowhedgegainlossreclassifiedtointerestexpensenet": -100000,
        "comprehensiveincomenetoftaxincludingportionattributabletononcontrollinginterest": 8900000,
        "comprehensiveincomeattributabletononredeemablenoncontrollinginterest": 2000000,
        "othercomprehensiveincomelossnetoftaxportionattributabletoparent": 6900000
    },
    {
        "date": "2011-07-01",
        "symbol": "SNA",
        "period": "Q2",
        "salesrevenuenet": 726700000,
        "costofgoodsandservicessold": 384500000,
        "grossprofit": 342200000,
        "operatingexpenses": 243400000,
        "operatingearningsbeforefinancialservices": 98800000,
        "financialservicesrevenue": 30300000,
        "financialservicescosts": 12800000,
        "operatingearningsfromfinancialbeforearbitrationsettlement": 17500000,
        "arbitrationsettlement": 18000000,
        "operatingearningsfromsegment": 35500000,
        "operatingincomeloss": 134300000,
        "interestexpense": 16300000,
        "othernonoperatingincomeexpense": 900000,
        "incomelossfromcontinuingoperationsbeforeincometaxesminorityinterestandincomelossfromequitymethodinvestments": 118900000,
        "incometaxexpensebenefit": 39800000,
        "earningsbeforeequityearnings": 79100000,
        "incomelossfromequitymethodinvestments": 800000,
        "profitloss": 79900000,
        "netincomelossattributabletononcontrollinginterest": 1900000,
        "netincomeloss": 78000000,
        "earningspersharebasic": 1.34,
        "earningspersharediluted": 1.33,
        "weightedaveragenumberofsharesoutstandingbasic": 58186198,
        "incrementalcommonsharesattributabletosharebasedpaymentarrangements": 593590,
        "weightedaveragenumberofdilutedsharesoutstanding": 58779788,
        "commonstockdividendspersharedeclared": 0.32,
        "othercomprehensiveincomeforeigncurrencytransactionandtranslationgainlossarisingduringperiodnetoftax": 14400000,
        "cashflowhedgegainlossreclassifiedtointerestexpensenet": -100000,
        "comprehensiveincomenetoftaxincludingportionattributabletononcontrollinginterest": 94200000,
        "comprehensiveincomeattributabletononredeemablenoncontrollinginterest": 1900000,
        "othercomprehensiveincomelossnetoftaxportionattributabletoparent": 92300000
    },
    {
        "date": "2011-04-01",
        "symbol": "SNA",
        "period": "Q1",
        "salesrevenuenet": 693700000,
        "costofgoodsandservicessold": 363100000,
        "grossprofit": 330600000,
        "operatingexpenses": 243300000,
        "operatingearningsbeforefinancialservices": 87300000,
        "financialservicesrevenue": 25800000,
        "financialservicescosts": 13300000,
        "operatingearningsfromfinancialservices": -12500000,
        "operatingincomeloss": 99800000,
        "interestexpense": 16300000,
        "othernonoperatingincomeexpense": 800000,
        "incomelossfromcontinuingoperationsbeforeincometaxesminorityinterestandincomelossfromequitymethodinvestments": 84300000,
        "incometaxexpensebenefit": 27200000,
        "earningsbeforeequityearnings": 57100000,
        "incomelossfromequitymethodinvestments": 900000,
        "profitloss": 58000000,
        "netincomelossattributabletononcontrollinginterest": 1800000,
        "netincomeloss": 56200000,
        "earningspersharebasic": 0.97,
        "earningspersharediluted": 0.96,
        "weightedaveragenumberofsharesoutstandingbasic": 58200000,
        "incrementalcommonsharesattributabletosharebasedpaymentarrangements": 500000,
        "weightedaveragenumberofdilutedsharesoutstanding": 58700000,
        "commonstockdividendspersharedeclared": 0.32,
        "othercomprehensiveincomeforeigncurrencytransactionandtranslationgainlossarisingduringperiodnetoftax": 64500000,
        "othercomprehensiveincomeunrealizedgainlossonderivativesarisingduringperiodnetoftax": -100000,
        "comprehensiveincomenetoftaxincludingportionattributabletononcontrollinginterest": 122400000,
        "comprehensiveincomeattributabletononredeemablenoncontrollinginterest": 1800000,
        "othercomprehensiveincomelossnetoftaxportionattributabletoparent": 120600000
    },
    {
        "date": "2010-07-02",
        "symbol": "SNA",
        "period": "Q2",
        "salesrevenuenet": 647600000,
        "costofgoodsandservicessold": 343800000,
        "grossprofit": 303800000,
        "operatingexpenses": 224800000,
        "operatingearningsbeforefinancialservices": 79000000,
        "financialservicesrevenue": 13900000,
        "financialservicescosts": 12200000,
        "operatingearningsfromfinancialservices": -1700000,
        "operatingincomeloss": 80700000,
        "interestexpense": 13200000,
        "othernonoperatingincomeexpense": -800000,
        "incomelossfromcontinuingoperationsbeforeincometaxesminorityinterestandincomelossfromequitymethodinvestments": 66700000,
        "incometaxexpensebenefit": 20300000,
        "earningsbeforeequityearnings": 46400000,
        "incomelossfromequitymethodinvestments": 500000,
        "profitloss": 46900000,
        "netincomelossattributabletononcontrollinginterest": 1600000,
        "netincomeloss": 45300000,
        "earningspersharebasic": 0.78,
        "earningspersharediluted": 0.78,
        "weightedaveragenumberofsharesoutstandingbasic": 58000000,
        "incrementalcommonsharesattributabletosharebasedpaymentarrangements": 300000,
        "weightedaveragenumberofdilutedsharesoutstanding": 58300000,
        "commonstockdividendspersharedeclared": 0.3,
        "othercomprehensiveincomeforeigncurrencytransactionandtranslationgainlossarisingduringperiodnetoftax": -59800000,
        "comprehensiveincomenetoftaxincludingportionattributabletononcontrollinginterest": -12900000,
        "comprehensiveincomeattributabletononredeemablenoncontrollinginterest": 1600000,
        "othercomprehensiveincomelossnetoftaxportionattributabletoparent": -14500000
    }
]