[
    {
        "date": "2024-10-31",
        "symbol": "DELL",
        "period": "Q3",
        "revenues": 12131000000,
        "costofrevenue": -3000000,
        "grossprofit": 5307000000,
        "sellinggeneralandadministrativeexpense": 2894000000,
        "researchanddevelopmentexpense": 745000000,
        "operatingexpenses": 0,
        "operatingincomeloss": 1668000000,
        "nonoperatingincomeexpense": -276000000,
        "incomelossfromcontinuingoperationsbeforeincometaxesextraordinaryitemsnoncontrollinginterest": 1392000000,
        "incometaxexpensebenefit": 265000000,
        "profitloss": -54000000,
        "netincomelossattributabletononcontrollinginterest": -5000000,
        "netincomeloss": 1132000000,
        "earningspersharebasic": 1.6100000000000005,
        "earningspersharediluted": 1.5800000000000003,
        "othercomprehensiveincomelossforeigncurrencytransactionandtranslationadjustmentnetoftax": -1000000,
        "othercomprehensiveincomelosscashflowhedgegainlossbeforereclassificationaftertax": -9000000,
        "othercomprehensiveincomelosscashflowhedgegainlossreclassificationaftertax": -54000000,
        "othercomprehensiveincomelosscashflowhedgegainlossafterreclassificationandtax": 45000000,
        "othercomprehensiveincomedefinedbenefitplansnetunamortizedgainlossarisingduringperiodnetoftax": 0,
        "othercomprehensiveincomelossnetoftax": 44000000,
        "comprehensiveincomenetoftaxincludingportionattributabletononcontrollinginterest": 1171000000,
        "comprehensiveincomenetoftax": 1176000000
    },
    {
        "date": "2024-08-01",
        "symbol": "DELL",
        "period": "Q2",
        "revenues": 8254000000,
        "costofrevenue": -13771000000,
        "grossprofit": 5311000000,
        "sellinggeneralandadministrativeexpense": 3189000000,
        "researchanddevelopmentexpense": 780000000,
        "operatingexpenses": -3887000000,
        "operatingincomeloss": 1342000000,
        "nonoperatingincomeexpense": -353000000,
        "incomelossfromcontinuingoperationsbeforeincometaxesextraordinaryitemsnoncontrollinginterest": 989000000,
        "incometaxexpensebenefit": 148000000,
        "profitloss": -917000000,
        "netincomelossattributabletononcontrollinginterest": -5000000,
        "netincomeloss": 846000000,
        "earningspersharebasic": 1.1899999999999997,
        "earningspersharediluted": 1.1700000000000002,
        "othercomprehensiveincomelossforeigncurrencytransactionandtranslationadjustmentnetoftax": -20000000,
        "othercomprehensiveincomelosscashflowhedgegainlossbeforereclassificationaftertax": -20000000,
        "othercomprehensiveincomelosscashflowhedgegainlossreclassificationaftertax": 18000000,
        "othercomprehensiveincomelosscashflowhedgegainlossafterreclassificationandtax": -38000000,
        "othercomprehensiveincomedefinedbenefitplansnetunamortizedgainlossarisingduringperiodnetoftax": -1000000,
        "othercomprehensiveincomelossreclassificationadjustmentfromaocipensionandotherpostretirementbenefitplansfornetgainlossnetoftax": 0,
        "othercomprehensiveincomelossnetoftax": -59000000,
        "comprehensiveincomenetoftaxincludingportionattributabletononcontrollinginterest": 782000000,
        "comprehensiveincomenetoftax": 787000000,
        "othercomprehensiveincomelosstax": 0
    },
    {
        "date": "2024-05-02",
        "symbol": "DELL",
        "period": "Q1",
        "revenues": 16127000000,
        "costofrevenue": 13766000000,
        "grossprofit": 4806000000,
        "sellinggeneralandadministrativeexpense": 3123000000,
        "researchanddevelopmentexpense": 763000000,
        "operatingexpenses": 3886000000,
        "operatingincomeloss": 920000000,
        "nonoperatingincomeexpense": -373000000,
        "incomelossfromcontinuingoperationsbeforeincometaxesextraordinaryitemsnoncontrollinginterest": 547000000,
        "incometaxexpensebenefit": -408000000,
        "profitloss": 955000000,
        "netincomelossattributabletononcontrollinginterest": -5000000,
        "netincomeloss": 960000000,
        "earningspersharebasic": 1.36,
        "earningspersharediluted": 1.32,
        "othercomprehensiveincomelossforeigncurrencytransactionandtranslationadjustmentnetoftax": -74000000,
        "othercomprehensiveincomelosscashflowhedgegainlossbeforereclassificationaftertax": 87000000,
        "othercomprehensiveincomelosscashflowhedgegainlossreclassificationaftertax": 19000000,
        "othercomprehensiveincomelosscashflowhedgegainlossafterreclassificationandtax": 68000000,
        "othercomprehensiveincomedefinedbenefitplansnetunamortizedgainlossarisingduringperiodnetoftax": 2000000,
        "othercomprehensiveincomelossreclassificationadjustmentfromaocipensionandotherpostretirementbenefitplansfornetgainlossnetoftax": 1000000,
        "othercomprehensiveincomelosspensionandotherpostretirementbenefitplansadjustmentnetoftax": -1000000,
        "othercomprehensiveincomelossnetoftax": -5000000,
        "comprehensiveincomenetoftaxincludingportionattributabletononcontrollinginterest": 950000000,
        "comprehensiveincomenetoftax": 955000000,
        "othercomprehensiveincomelosstax": 7000000
    },
    {
        "date": "2023-11-02",
        "symbol": "DELL",
        "period": "Q3",
        "revenues": 16233000000,
        "costofrevenue": 13546000000,
        "grossprofit": 5148000000,
        "sellinggeneralandadministrativeexpense": 2970000000,
        "researchanddevelopmentexpense": 692000000,
        "operatingexpenses": 3662000000,
        "operatingincomeloss": 1486000000,
        "nonoperatingincomeexpense": -306000000,
        "incomelossfromcontinuingoperationsbeforeincometaxesextraordinaryitemsnoncontrollinginterest": 1180000000,
        "incometaxexpensebenefit": 176000000,
        "profitloss": 1004000000,
        "incomelossfromcontinuingoperationsattributabletononcontrollingentity": -2000000,
        "netincomeloss": 1006000000,
        "earningspersharebasic": 1.39,
        "earningspersharediluted": 1.36,
        "relatedpartiesamountincostofsales": 379000000,
        "othercomprehensiveincomelossforeigncurrencytransactionandtranslationadjustmentnetoftax": -155000000,
        "othercomprehensiveincomelosscashflowhedgegainlossbeforereclassificationaftertax": 171000000,
        "othercomprehensiveincomelosscashflowhedgegainlossreclassificationaftertax": 84000000,
        "othercomprehensiveincomelosscashflowhedgegainlossafterreclassificationandtax": 87000000,
        "othercomprehensiveincomedefinedbenefitplansnetunamortizedgainlossarisingduringperiodnetoftax": 2000000,
        "othercomprehensiveincomelosspensionandotherpostretirementbenefitplansadjustmentnetoftax": -2000000,
        "othercomprehensiveincomelossnetoftax": -66000000,
        "comprehensiveincomenetoftaxincludingportionattributabletononcontrollinginterest": 938000000,
        "netincomelossattributabletononcontrollinginterest": -2000000,
        "comprehensiveincomenetoftax": 940000000,
        "othercomprehensiveincomelosstax": 6000000
    },
    {
        "date": "2023-05-04",
        "symbol": "DELL",
        "period": "Q1",
        "revenues": 2121000000,
        "costofrevenue": 3000000,
        "grossprofit": 5018000000,
        "sellinggeneralandadministrativeexpense": 3261000000,
        "researchanddevelopmentexpense": 688000000,
        "operatingexpenses": 3949000000,
        "operatingincomeloss": 2000000,
        "nonoperatingincomeexpense": -364000000,
        "incomelossfromcontinuingoperationsbeforeincometaxesextraordinaryitemsnoncontrollinginterest": 705000000,
        "incometaxexpensebenefit": 127000000,
        "profitloss": -91000000,
        "incomelossfromcontinuingoperationsattributabletononcontrollingentity": -5000000,
        "netincomeloss": 583000000,
        "earningspersharebasic": 0.81,
        "earningspersharediluted": 0.79,
        "relatedpartiesamountincostofsales": 876000000,
        "othercomprehensiveincomelossforeigncurrencytransactionandtranslationadjustmentnetoftax": 31000000,
        "othercomprehensiveincomelosscashflowhedgegainlossbeforereclassificationaftertax": 10000000,
        "othercomprehensiveincomelosscashflowhedgegainlossreclassificationaftertax": -91000000,
        "othercomprehensiveincomelosscashflowhedgegainlossafterreclassificationandtax": 101000000,
        "othercomprehensiveincomedefinedbenefitplansnetunamortizedgainlossarisingduringperiodnetoftax": 1000000,
        "othercomprehensiveincomelosspensionandotherpostretirementbenefitplansadjustmentnetoftax": -1000000,
        "othercomprehensiveincomelossnetoftax": 133000000,
        "comprehensiveincomenetoftaxincludingportionattributabletononcontrollinginterest": 711000000,
        "netincomelossattributabletononcontrollinginterest": -5000000,
        "comprehensiveincomenetoftax": 716000000,
        "othercomprehensiveincomelosstax": 5000000
    },
    {
        "date": "2023-02-02",
        "symbol": "DELL",
        "period": "Q4",
        "revenues": -9839000000,
        "grossprofit": 5756000000,
        "sellinggeneralandadministrativeexpense": 3772000000,
        "researchanddevelopmentexpense": 795000000,
        "operatingexpenses": 0,
        "operatingincomeloss": 4000000,
        "nonoperatingincomeexpense": -266000000,
        "incomelossfromcontinuingoperationsbeforeincometaxesextraordinaryitemsnoncontrollinginterest": 923000000,
        "incometaxexpensebenefit": 317000000,
        "incomelossfromcontinuingoperationsincludingportionattributabletononcontrollinginterest": 606000000,
        "profitloss": -21000000,
        "incomelossfromcontinuingoperationsattributabletononcontrollingentity": -8000000,
        "netincomeloss": 614000000,
        "incomelossfromcontinuingoperationsperbasicshare": 0.8599999999999999,
        "incomelossfromcontinuingoperationsperdilutedshare": 0.8300000000000001,
        "relatedpartiesamountincostofsales": 861000000,
        "othercomprehensiveincomelossforeigncurrencytransactionandtranslationadjustmentnetoftax": 0,
        "othercomprehensiveincomelosscashflowhedgegainlossbeforereclassificationaftertax": -490000000,
        "othercomprehensiveincomelosscashflowhedgegainlossreclassificationaftertax": -21000000,
        "othercomprehensiveincomelosscashflowhedgegainlossafterreclassificationandtax": -469000000,
        "othercomprehensiveincomedefinedbenefitplansnetunamortizedgainlossarisingduringperiodnetoftax": -10000000,
        "othercomprehensiveincomelosspensionandotherpostretirementbenefitplansadjustmentnetoftax": 10000000,
        "othercomprehensiveincomelossnetoftax": -81000000,
        "comprehensiveincomenetoftaxincludingportionattributabletononcontrollinginterest": 525000000,
        "netincomelossattributabletononcontrollinginterest": -8000000,
        "comprehensiveincomenetoftax": 533000000,
        "othercomprehensiveincomelosstax": -31000000
    },
    {
        "date": "2022-10-27",
        "symbol": "DELL",
        "period": "Q3",
        "revenues": 3028000000,
        "costofrevenue": 0,
        "grossprofit": 5707000000,
        "sellinggeneralandadministrativeexpense": 3268000000,
        "researchanddevelopmentexpense": 677000000,
        "operatingexpenses": -8402000000,
        "operatingincomeloss": 3000000,
        "nonoperatingincomeexpense": -1308000000,
        "incomelossfromcontinuingoperationsbeforeincometaxesextraordinaryitemsnoncontrollinginterest": 454000000,
        "incometaxexpensebenefit": 213000000,
        "incomelossfromcontinuingoperationsincludingportionattributabletononcontrollinginterest": 241000000,
        "profitloss": 323000000,
        "incomelossfromcontinuingoperationsattributabletononcontrollingentity": -4000000,
        "netincomeloss": 245000000,
        "incomelossfromcontinuingoperationsperbasicshare": 0.3600000000000003,
        "incomelossfromcontinuingoperationsperdilutedshare": 0.3599999999999999,
        "relatedpartiesamountincostofsales": 733000000,
        "othercomprehensiveincomelossforeigncurrencytransactionandtranslationadjustmentnetoftax": 286000000,
        "othercomprehensiveincomelosscashflowhedgegainlossbeforereclassificationaftertax": 306000000,
        "othercomprehensiveincomelosscashflowhedgegainlossreclassificationaftertax": 324000000,
        "othercomprehensiveincomelosscashflowhedgegainlossafterreclassificationandtax": -18000000,
        "othercomprehensiveincomedefinedbenefitplansnetunamortizedgainlossarisingduringperiodnetoftax": -2000000,
        "othercomprehensiveincomelosspensionandotherpostretirementbenefitplansadjustmentnetoftax": 1000000,
        "othercomprehensiveincomelossnetoftax": -215000000,
        "comprehensiveincomenetoftaxincludingportionattributabletononcontrollinginterest": 26000000,
        "netincomelossattributabletononcontrollinginterest": -4000000,
        "comprehensiveincomenetoftax": 30000000,
        "othercomprehensiveincomelosstax": 6000000
    },
    {
        "date": "2022-07-28",
        "symbol": "DELL",
        "period": "Q2",
        "revenues": 3349000000,
        "costofrevenue": 1000000,
        "grossprofit": 5439000000,
        "sellinggeneralandadministrativeexpense": 3543000000,
        "researchanddevelopmentexpense": 626000000,
        "operatingexpenses": 4169000000,
        "operatingincomeloss": -1000000,
        "nonoperatingincomeexpense": -635000000,
        "incomelossfromcontinuingoperationsbeforeincometaxesextraordinaryitemsnoncontrollinginterest": 635000000,
        "incometaxexpensebenefit": 129000000,
        "incomelossfromcontinuingoperationsincludingportionattributabletononcontrollinginterest": 506000000,
        "profitloss": 306000000,
        "incomelossfromcontinuingoperationsattributabletononcontrollingentity": -5000000,
        "netincomeloss": 511000000,
        "incomelossfromcontinuingoperationsperbasicshare": 0.69,
        "incomelossfromcontinuingoperationsperdilutedshare": 0.68,
        "relatedpartiesamountincostofsales": 762000000,
        "othercomprehensiveincomelossforeigncurrencytransactionandtranslationadjustmentnetoftax": -1000000,
        "othercomprehensiveincomelosscashflowhedgegainlossbeforereclassificationaftertax": 166000000,
        "othercomprehensiveincomelosscashflowhedgegainlossreclassificationaftertax": 306000000,
        "othercomprehensiveincomelosscashflowhedgegainlossafterreclassificationandtax": -140000000,
        "othercomprehensiveincomedefinedbenefitplansnetunamortizedgainlossarisingduringperiodnetoftax": -4000000,
        "othercomprehensiveincomelosspensionandotherpostretirementbenefitplansadjustmentnetoftax": 4000000,
        "othercomprehensiveincomelossnetoftax": -282000000,
        "comprehensiveincomenetoftaxincludingportionattributabletononcontrollinginterest": 224000000,
        "netincomelossattributabletononcontrollinginterest": -5000000,
        "othercomprehensiveincomelossnetoftaxportionattributabletononcontrollinginterest": -1000000,
        "comprehensiveincomenetoftax": 230000000,
        "othercomprehensiveincomelosstax": -8000000
    },
    {
        "date": "2022-04-28",
        "symbol": "DELL",
        "period": "Q1",
        "revenues": 20464000000,
        "costofrevenue": 17009000000,
        "grossprofit": 5784000000,
        "sellinggeneralandadministrativeexpense": 3553000000,
        "researchanddevelopmentexpense": 681000000,
        "operatingexpenses": 4234000000,
        "operatingincomeloss": 1550000000,
        "nonoperatingincomeexpense": -337000000,
        "incomelossfromcontinuingoperationsbeforeincometaxesextraordinaryitemsnoncontrollinginterest": 1213000000,
        "incometaxexpensebenefit": 144000000,
        "incomelossfromcontinuingoperationsincludingportionattributabletononcontrollinginterest": 1069000000,
        "profitloss": 1069000000,
        "incomelossfromcontinuingoperationsattributabletononcontrollingentity": -3000000,
        "netincomeloss": 1072000000,
        "incomelossfromcontinuingoperationsperbasicshare": 1.42,
        "incomelossfromcontinuingoperationsperdilutedshare": 1.37,
        "relatedpartiesamountincostofsales": 255000000,
        "othercomprehensiveincomelossforeigncurrencytransactionandtranslationadjustmentnetoftax": -286000000,
        "othercomprehensiveincomelosscashflowhedgegainlossbeforereclassificationaftertax": 372000000,
        "othercomprehensiveincomelosscashflowhedgegainlossreclassificationaftertax": 96000000,
        "othercomprehensiveincomelosscashflowhedgegainlossafterreclassificationandtax": 276000000,
        "othercomprehensiveincomedefinedbenefitplansnetunamortizedgainlossarisingduringperiodnetoftax": 17000000,
        "othercomprehensiveincomelosspensionandotherpostretirementbenefitplansadjustmentnetoftax": -17000000,
        "othercomprehensiveincomelossnetoftax": 7000000,
        "comprehensiveincomenetoftaxincludingportionattributabletononcontrollinginterest": 1076000000,
        "netincomelossattributabletononcontrollinginterest": -3000000,
        "comprehensiveincomenetoftax": 1079000000,
        "othercomprehensiveincomelosstax": 16000000
    },
    {
        "date": "2022-01-27",
        "symbol": "DELL",
        "period": "Q4",
        "revenues": 68384000000,
        "costofrevenue": 67227000000,
        "grossprofit": -1811000000,
        "sellinggeneralandadministrativeexpense": -743000000,
        "researchanddevelopmentexpense": -1631000000,
        "operatingexpenses": 17235000000,
        "operatingincomeloss": 4666000000,
        "nonoperatingincomeexpense": -1425000000,
        "incometaxexpensebenefit": -98000000,
        "profitloss": 5676000000,
        "netincomeloss": 2000000,
        "othercomprehensiveincomelossforeigncurrencytransactionandtranslationadjustmentnetoftax": -184000000,
        "othercomprehensiveincomelosscashflowhedgegainlossbeforereclassificationaftertax": 224000000,
        "othercomprehensiveincomelosscashflowhedgegainlossreclassificationaftertax": 124000000,
        "othercomprehensiveincomelosscashflowhedgegainlossafterreclassificationandtax": 100000000,
        "othercomprehensiveincomelosspensionandotherpostretirementbenefitplansadjustmentnetoftax": -39000000,
        "othercomprehensiveincomelossnetoftax": -45000000,
        "comprehensiveincomenetoftaxincludingportionattributabletononcontrollinginterest": -44000000,
        "netincomelossattributabletononcontrollinginterest": -1000000,
        "comprehensiveincomenetoftax": -43000000,
        "othercomprehensiveincomelosstax": 24000000
    },
    {
        "date": "2021-10-28",
        "symbol": "DELL",
        "period": "Q3",
        "revenues": 4254000000,
        "costofrevenue": -8000000,
        "grossprofit": 8059000000,
        "sellinggeneralandadministrativeexpense": 5293000000,
        "researchanddevelopmentexpense": 1417000000,
        "operatingexpenses": -1000000,
        "operatingincomeloss": 1000000,
        "nonoperatingincomeexpense": 3436000000,
        "incomelossincludingportionattributabletononcontrollinginterest": 4785000000,
        "incometaxexpensebenefit": 897000000,
        "profitloss": 73000000,
        "netincomelossattributabletononcontrollinginterest": 45000000,
        "netincomeloss": 3843000000,
        "earningspersharebasic": 5.02,
        "earningspersharediluted": 4.87,
        "othercomprehensiveincomelossforeigncurrencytransactionandtranslationadjustmentnetoftax": -61000000,
        "othercomprehensiveincomelosscashflowhedgegainlossbeforereclassificationaftertax": 86000000,
        "othercomprehensiveincomelosscashflowhedgegainlossreclassificationaftertax": 74000000,
        "othercomprehensiveincomelosscashflowhedgegainlossafterreclassificationandtax": 12000000,
        "othercomprehensiveincomedefinedbenefitplansnetunamortizedgainlossarisingduringperiodnetoftax": 1000000,
        "othercomprehensiveincomelossreclassificationadjustmentfromaocipensionandotherpostretirementbenefitplansfornetgainlossnetoftax": -1000000,
        "othercomprehensiveincomelosspensionandotherpostretirementbenefitplansadjustmentnetoftax": -2000000,
        "othercomprehensiveincomelossnetoftax": -47000000,
        "comprehensiveincomenetoftaxincludingportionattributabletononcontrollinginterest": 3841000000,
        "comprehensiveincomenetoftax": 3796000000,
        "othercomprehensiveincomelosstax": 1000000
    },
    {
        "date": "2021-07-29",
        "symbol": "DELL",
        "period": "Q2",
        "revenues": 3690000000,
        "costofrevenue": 7000000,
        "grossprofit": 7985000000,
        "sellinggeneralandadministrativeexpense": 5145000000,
        "researchanddevelopmentexpense": 1468000000,
        "operatingexpenses": -6285000000,
        "operatingincomeloss": -3000000,
        "nonoperatingincomeexpense": -359000000,
        "incomelossincludingportionattributabletononcontrollinginterest": 1013000000,
        "incometaxexpensebenefit": 133000000,
        "profitloss": -15000000,
        "netincomelossattributabletononcontrollinginterest": 49000000,
        "netincomeloss": 831000000,
        "earningspersharebasic": 1.0899999999999999,
        "earningspersharediluted": 1.0500000000000003,
        "othercomprehensiveincomelossforeigncurrencytransactionandtranslationadjustmentnetoftax": -133000000,
        "othercomprehensiveincomelosscashflowhedgegainlossbeforereclassificationaftertax": 65000000,
        "othercomprehensiveincomelosscashflowhedgegainlossreclassificationaftertax": -13000000,
        "othercomprehensiveincomelosscashflowhedgegainlossafterreclassificationandtax": 78000000,
        "othercomprehensiveincomedefinedbenefitplansnetunamortizedgainlossarisingduringperiodnetoftax": 0,
        "othercomprehensiveincomelosspensionandotherpostretirementbenefitplansadjustmentnetoftax": -2000000,
        "othercomprehensiveincomelossnetoftax": -53000000,
        "comprehensiveincomenetoftaxincludingportionattributabletononcontrollinginterest": 827000000,
        "comprehensiveincomenetoftax": 778000000,
        "othercomprehensiveincomelosstax": 7000000
    },
    {
        "date": "2021-04-29",
        "symbol": "DELL",
        "period": "Q1",
        "revenues": 3502000000,
        "costofrevenue": -2000000,
        "grossprofit": 7658000000,
        "sellinggeneralandadministrativeexpense": 4960000000,
        "researchanddevelopmentexpense": 1323000000,
        "operatingexpenses": 6283000000,
        "operatingincomeloss": -5000000,
        "nonoperatingincomeexpense": -388000000,
        "incomelossincludingportionattributabletononcontrollinginterest": 987000000,
        "incometaxexpensebenefit": 49000000,
        "profitloss": -27000000,
        "netincomelossattributabletononcontrollinginterest": 51000000,
        "netincomeloss": 887000000,
        "earningspersharebasic": 1.17,
        "earningspersharediluted": 1.13,
        "othercomprehensiveincomelossforeigncurrencytransactionandtranslationadjustmentnetoftax": -7000000,
        "othercomprehensiveincomelosscashflowhedgegainlossbeforereclassificationaftertax": -1000000,
        "othercomprehensiveincomelosscashflowhedgegainlossreclassificationaftertax": -27000000,
        "othercomprehensiveincomelosscashflowhedgegainlossafterreclassificationandtax": 26000000,
        "othercomprehensiveincomedefinedbenefitplansnetunamortizedgainlossarisingduringperiodnetoftax": 1000000,
        "othercomprehensiveincomelosspensionandotherpostretirementbenefitplansadjustmentnetoftax": -1000000,
        "othercomprehensiveincomelossnetoftax": 20000000,
        "comprehensiveincomenetoftaxincludingportionattributabletononcontrollinginterest": 958000000,
        "comprehensiveincomenetoftax": 907000000,
        "othercomprehensiveincomelosstax": -2000000
    },
    {
        "date": "2021-01-28",
        "symbol": "DELL",
        "period": "Q4",
        "revenues": 47206000000,
        "costofrevenue": 42546000000,
        "grossprofit": 8147000000,
        "sellinggeneralandadministrativeexpense": 4579000000,
        "researchanddevelopmentexpense": 1391000000,
        "operatingexpenses": 18123000000,
        "operatingincomeloss": 4442000000,
        "nonoperatingincomeexpense": -545000000,
        "incomelossincludingportionattributabletononcontrollinginterest": 1632000000,
        "incometaxexpensebenefit": 289000000,
        "profitloss": 3400000000,
        "netincomelossattributabletononcontrollinginterest": 116000000,
        "netincomeloss": 1227000000,
        "earningspersharebasic": 1.66,
        "earningspersharediluted": 1.5799999999999996,
        "othercomprehensiveincomelossforeigncurrencytransactionandtranslationadjustmentnetoftax": 285000000,
        "othercomprehensiveincomelosscashflowhedgegainlossbeforereclassificationaftertax": -155000000,
        "othercomprehensiveincomelosscashflowhedgegainlossreclassificationaftertax": -124000000,
        "othercomprehensiveincomelosscashflowhedgegainlossafterreclassificationandtax": -170000000,
        "othercomprehensiveincomedefinedbenefitplansnetunamortizedgainlossarisingduringperiodnetoftax": -17000000,
        "othercomprehensiveincomelossreclassificationadjustmentfromaocipensionandotherpostretirementbenefitplansfornetgainlossnetoftax": -2000000,
        "othercomprehensiveincomelossnetoftax": 239000000,
        "comprehensiveincomenetoftaxincludingportionattributabletononcontrollinginterest": 1582000000,
        "comprehensiveincomenetoftax": 1466000000,
        "othercomprehensiveincomelosstax": -15000000
    },
    {
        "date": "2020-10-29",
        "symbol": "DELL",
        "period": "Q3",
        "revenues": 3503000000,
        "costofrevenue": -4000000,
        "grossprofit": 7261000000,
        "sellinggeneralandadministrativeexpense": 4772000000,
        "researchanddevelopmentexpense": 1360000000,
        "operatingexpenses": 1000000,
        "operatingincomeloss": 1000000,
        "nonoperatingincomeexpense": 273000000,
        "incomelossincludingportionattributabletononcontrollinginterest": 1402000000,
        "incometaxexpensebenefit": 521000000,
        "profitloss": -83000000,
        "netincomelossattributabletononcontrollinginterest": 49000000,
        "netincomeloss": 832000000,
        "earningspersharebasic": 1.11,
        "earningspersharediluted": 1.08,
        "othercomprehensiveincomelossforeigncurrencytransactionandtranslationadjustmentnetoftax": -21000000,
        "othercomprehensiveincomelosscashflowhedgegainlossbeforereclassificationaftertax": 45000000,
        "othercomprehensiveincomelosscashflowhedgegainlossreclassificationaftertax": -84000000,
        "othercomprehensiveincomelosscashflowhedgegainlossafterreclassificationandtax": 1000000,
        "othercomprehensiveincomedefinedbenefitplansnetunamortizedgainlossarisingduringperiodnetoftax": 1000000,
        "othercomprehensiveincomelossreclassificationadjustmentfromaocipensionandotherpostretirementbenefitplansfornetgainlossnetoftax": 1000000,
        "othercomprehensiveincomelossnetoftax": 108000000,
        "comprehensiveincomenetoftaxincludingportionattributabletononcontrollinginterest": 989000000,
        "othercomprehensiveincomelossnetoftaxportionattributabletononcontrollinginterest": 1000000,
        "comprehensiveincomenetoftax": 939000000,
        "othercomprehensiveincomelosstax": 9000000
    },
    {
        "date": "2020-07-30",
        "symbol": "DELL",
        "period": "Q2",
        "revenues": 3164000000,
        "costofrevenue": 1000000,
        "grossprofit": 7156000000,
        "sellinggeneralandadministrativeexpense": 4761000000,
        "researchanddevelopmentexpense": 1259000000,
        "operatingexpenses": -2000000,
        "operatingincomeloss": -1000000,
        "nonoperatingincomeexpense": -636000000,
        "incomelossincludingportionattributabletononcontrollinginterest": 500000000,
        "incometaxexpensebenefit": -599000000,
        "profitloss": 6000000,
        "netincomelossattributabletononcontrollinginterest": 51000000,
        "netincomeloss": 1048000000,
        "earningspersharebasic": 1.41,
        "earningspersharediluted": 1.37,
        "othercomprehensiveincomelossforeigncurrencytransactionandtranslationadjustmentnetoftax": 410000000,
        "othercomprehensiveincomelosscashflowhedgegainlossbeforereclassificationaftertax": -257000000,
        "othercomprehensiveincomelosscashflowhedgegainlossreclassificationaftertax": 8000000,
        "othercomprehensiveincomelosscashflowhedgegainlossafterreclassificationandtax": 2000000,
        "othercomprehensiveincomedefinedbenefitplansnetunamortizedgainlossarisingduringperiodnetoftax": -15000000,
        "othercomprehensiveincomelossreclassificationadjustmentfromaocipensionandotherpostretirementbenefitplansfornetgainlossnetoftax": -2000000,
        "othercomprehensiveincomelosspensionandotherpostretirementbenefitplansadjustmentnetoftax": 13000000,
        "othercomprehensiveincomelossnetoftax": 132000000,
        "comprehensiveincomenetoftaxincludingportionattributabletononcontrollinginterest": 1231000000,
        "othercomprehensiveincomelossnetoftaxportionattributabletononcontrollinginterest": 2000000,
        "comprehensiveincomenetoftax": 1178000000,
        "othercomprehensiveincomelosstax": -22000000
    },
    {
        "date": "2020-04-30",
        "symbol": "DELL",
        "period": "Q1",
        "profitloss": 182000000,
        "othercomprehensiveincomelossforeigncurrencytransactionandtranslationadjustmentnetoftax": -146000000,
        "othercomprehensiveincomelosscashflowhedgegainlossbeforereclassificationaftertax": 167000000,
        "othercomprehensiveincomelosscashflowhedgegainlossreclassificationaftertax": 100000000,
        "othercomprehensiveincomelosscashflowhedgegainlossafterreclassificationandtax": 67000000,
        "othercomprehensiveincomedefinedbenefitplansnetunamortizedgainlossarisingduringperiodnetoftax": -7000000,
        "othercomprehensiveincomelossreclassificationadjustmentfromaocipensionandotherpostretirementbenefitplansfornetgainlossnetoftax": -2000000,
        "othercomprehensiveincomelosspensionandotherpostretirementbenefitplansadjustmentnetoftax": 5000000,
        "othercomprehensiveincomelossnetoftax": -84000000,
        "comprehensiveincomenetoftaxincludingportionattributabletononcontrollinginterest": 98000000,
        "netincomelossattributabletononcontrollinginterest": 39000000,
        "othercomprehensiveincomelossnetoftaxportionattributabletononcontrollinginterest": -3000000,
        "comprehensiveincomenetoftax": 62000000,
        "othercomprehensiveincomelosstax": 10000000,
        "revenues": 16038000000,
        "costofrevenue": 12804000000,
        "grossprofit": 6853000000,
        "sellinggeneralandadministrativeexpense": 4886000000,
        "researchanddevelopmentexpense": 1265000000,
        "operatingexpenses": 6151000000,
        "operatingincomeloss": 702000000,
        "nonoperatingincomeexpense": -566000000,
        "incomelossincludingportionattributabletononcontrollinginterest": 136000000,
        "incometaxexpensebenefit": -46000000,
        "netincomeloss": 143000000,
        "earningspersharebasic": 0.19,
        "earningspersharediluted": 0.19
    },
    {
        "date": "2020-01-30",
        "symbol": "DELL",
        "period": "Q4",
        "profitloss": 145000000,
        "othercomprehensiveincomelossforeigncurrencytransactionandtranslationadjustmentnetoftax": -40000000,
        "othercomprehensiveincomelosscashflowhedgegainlossbeforereclassificationaftertax": 59000000,
        "othercomprehensiveincomelosscashflowhedgegainlossreclassificationaftertax": 29000000,
        "othercomprehensiveincomelosscashflowhedgegainlossafterreclassificationandtax": -63000000,
        "othercomprehensiveincomelossnetoftax": -77000000,
        "comprehensiveincomenetoftaxincludingportionattributabletononcontrollinginterest": 339000000,
        "netincomelossattributabletononcontrollinginterest": 8000000,
        "comprehensiveincomenetoftax": 331000000,
        "revenues": 3097000000,
        "costofrevenue": 16031000000,
        "grossprofit": 7684000000,
        "sellinggeneralandadministrativeexpense": 5642000000,
        "researchanddevelopmentexpense": 1325000000,
        "operatingexpenses": 6967000000,
        "operatingincomeloss": 166000000,
        "nonoperatingincomeexpense": -626000000,
        "incomelossincludingportionattributabletononcontrollinginterest": 91000000,
        "incometaxexpensebenefit": -325000000,
        "netincomeloss": 408000000,
        "earningspersharebasic": 0.5400000000000003,
        "earningspersharediluted": 0.5300000000000001
    },
    {
        "date": "2019-10-31",
        "symbol": "DELL",
        "period": "Q3",
        "profitloss": 552000000,
        "othercomprehensiveincomelossforeigncurrencytransactionandtranslationadjustmentnetoftax": 50000000,
        "othercomprehensiveincomelosscashflowhedgegainlossbeforereclassificationaftertax": -47000000,
        "othercomprehensiveincomelosscashflowhedgegainlossreclassificationaftertax": 71000000,
        "othercomprehensiveincomelosscashflowhedgegainlossafterreclassificationandtax": -118000000,
        "othercomprehensiveincomedefinedbenefitplansnetunamortizedgainlossarisingduringperiodnetoftax": 0,
        "othercomprehensiveincomelosspensionandotherpostretirementbenefitplansadjustmentnetoftax": 0,
        "othercomprehensiveincomelossnetoftax": -68000000,
        "comprehensiveincomenetoftaxincludingportionattributabletononcontrollinginterest": 484000000,
        "netincomelossattributabletononcontrollinginterest": 53000000,
        "comprehensiveincomenetoftax": 432000000,
        "revenues": 17485000000,
        "costofrevenue": 13558000000,
        "grossprofit": 7126000000,
        "sellinggeneralandadministrativeexpense": 5028000000,
        "researchanddevelopmentexpense": 1262000000,
        "operatingexpenses": 6290000000,
        "operatingincomeloss": 836000000,
        "nonoperatingincomeexpense": -677000000,
        "incomelossincludingportionattributabletononcontrollinginterest": 159000000,
        "incometaxexpensebenefit": -393000000,
        "netincomeloss": 499000000,
        "earningspersharebasic": 0.6700000000000002,
        "earningspersharediluted": 0.66
    },
    {
        "date": "2019-08-01",
        "symbol": "DELL",
        "period": "Q2",
        "profitloss": 4503000000,
        "othercomprehensiveincomelossforeigncurrencytransactionandtranslationadjustmentnetoftax": -78000000,
        "othercomprehensiveincomelosscashflowhedgegainlossbeforereclassificationaftertax": 105000000,
        "othercomprehensiveincomelosscashflowhedgegainlossreclassificationaftertax": 68000000,
        "othercomprehensiveincomelosscashflowhedgegainlossafterreclassificationandtax": 130000000,
        "othercomprehensiveincomedefinedbenefitplansnetunamortizedgainlossarisingduringperiodnetoftax": 1000000,
        "othercomprehensiveincomelosspensionandotherpostretirementbenefitplansadjustmentnetoftax": -1000000,
        "othercomprehensiveincomelossnetoftax": -40000000,
        "comprehensiveincomenetoftaxincludingportionattributabletononcontrollinginterest": 4192000000,
        "netincomelossattributabletononcontrollinginterest": 816000000,
        "othercomprehensiveincomelossnetoftaxportionattributabletononcontrollinginterest": 0,
        "comprehensiveincomenetoftax": 3376000000,
        "othercomprehensiveincomelosstax": 0,
        "revenues": 32582000000,
        "costofrevenue": 11857000000,
        "grossprofit": 7326000000,
        "sellinggeneralandadministrativeexpense": 5578000000,
        "researchanddevelopmentexpense": 1229000000,
        "operatingexpenses": 6807000000,
        "operatingincomeloss": 1070000000,
        "nonoperatingincomeexpense": -630000000,
        "incomelossincludingportionattributabletononcontrollinginterest": -111000000,
        "incometaxexpensebenefit": -4343000000,
        "netincomeloss": 3416000000,
        "earningspersharebasic": 4.76,
        "earningspersharediluted": 4.46
    },
    {
        "date": "2019-05-02",
        "symbol": "DELL",
        "period": "Q1",
        "profitloss": 329000000,
        "othercomprehensiveincomelossforeigncurrencytransactionandtranslationadjustmentnetoftax": -158000000,
        "othercomprehensiveincomelosscashflowhedgegainlossbeforereclassificationaftertax": 152000000,
        "othercomprehensiveincomelosscashflowhedgegainlossreclassificationaftertax": 58000000,
        "othercomprehensiveincomelosscashflowhedgegainlossafterreclassificationandtax": 94000000,
        "othercomprehensiveincomedefinedbenefitplansnetunamortizedgainlossarisingduringperiodnetoftax": 7000000,
        "othercomprehensiveincomelosspensionandotherpostretirementbenefitplansadjustmentnetoftax": -7000000,
        "othercomprehensiveincomelossnetoftax": -57000000,
        "comprehensiveincomenetoftaxincludingportionattributabletononcontrollinginterest": 272000000,
        "netincomelossattributabletononcontrollinginterest": 36000000,
        "othercomprehensiveincomelossnetoftaxportionattributabletononcontrollinginterest": 1000000,
        "comprehensiveincomenetoftax": 235000000,
        "othercomprehensiveincomelosstax": 7000000,
        "revenues": 16754000000,
        "costofrevenue": 13079000000,
        "grossprofit": 6797000000,
        "sellinggeneralandadministrativeexpense": 5071000000,
        "researchanddevelopmentexpense": 1176000000,
        "operatingexpenses": 6247000000,
        "operatingincomeloss": 550000000,
        "nonoperatingincomeexpense": -693000000,
        "incomelossincludingportionattributabletononcontrollinginterest": -143000000,
        "incometaxexpensebenefit": -472000000,
        "netincomeloss": 293000000,
        "earningspersharebasic": 0.41,
        "earningspersharediluted": 0.38
    },
    {
        "date": "2019-01-31",
        "symbol": "DELL",
        "period": "Q4",
        "profitloss": -287000000,
        "othercomprehensiveincomelossforeigncurrencytransactionandtranslationadjustmentnetoftax": 90000000,
        "othercomprehensiveincomelossavailableforsalesecuritiesadjustmentbeforereclassificationadjustmentsnetoftax": 4000000,
        "othercomprehensiveincomelossavailableforsalesecuritiesadjustmentnetoftax": 48000000,
        "othercomprehensiveincomelossnetoftax": -1000000,
        "comprehensiveincomenetoftaxincludingportionattributabletononcontrollinginterest": -288000000,
        "netincomelossattributabletononcontrollinginterest": 12000000,
        "othercomprehensiveincomelossnetoftaxportionattributabletononcontrollinginterest": 10000000,
        "comprehensiveincomenetoftax": -310000000,
        "costofrevenue": 14775000000,
        "grossprofit": 7109000000,
        "sellinggeneralandadministrativeexpense": 5576000000,
        "researchanddevelopmentexpense": 1202000000,
        "operatingexpenses": 6778000000,
        "operatingincomeloss": 331000000,
        "incomelossfromcontinuingoperationsbeforeincometaxesextraordinaryitemsnoncontrollinginterest": -275000000,
        "incometaxexpensebenefit": 12000000,
        "netincomeloss": -299000000,
        "incomelossfromcontinuingoperationsperbasicshare": 1.2099999999999995,
        "incomelossfromcontinuingoperationsperdilutedshare": 1.1900000000000004
    },
    {
        "date": "2018-11-01",
        "symbol": "DELL",
        "period": "Q3",
        "profitloss": -759000000,
        "othercomprehensiveincomelossforeigncurrencytransactionandtranslationadjustmentnetoftax": -118000000,
        "othercomprehensiveincomelossavailableforsalesecuritiesadjustmentbeforereclassificationadjustmentsnetoftax": -1000000,
        "othercomprehensiveincomelossavailableforsalesecuritiesadjustmentnetoftax": -1000000,
        "othercomprehensiveincomelossnetoftax": -122000000,
        "comprehensiveincomenetoftaxincludingportionattributabletononcontrollinginterest": -1017000000,
        "netincomelossattributabletononcontrollinginterest": -19000000,
        "othercomprehensiveincomelossnetoftaxportionattributabletononcontrollinginterest": -2000000,
        "comprehensiveincomenetoftax": -998000000,
        "othercomprehensiveincomelosstax": 0,
        "costofrevenue": 39366000000,
        "grossprofit": 5943000000,
        "sellinggeneralandadministrativeexpense": 5159000000,
        "researchanddevelopmentexpense": 1140000000,
        "operatingexpenses": 6299000000,
        "operatingincomeloss": -423000000,
        "incomelossfromcontinuingoperationsbeforeincometaxesextraordinaryitemsnoncontrollinginterest": -986000000,
        "incometaxexpensebenefit": -100000000,
        "netincomeloss": -876000000,
        "incomelossfromcontinuingoperationsperbasicshare": 0.8299999999999996,
        "incomelossfromcontinuingoperationsperdilutedshare": 0.8099999999999996
    },
    {
        "date": "2018-08-02",
        "symbol": "DELL",
        "period": "Q2",
        "profitloss": -499000000,
        "othercomprehensiveincomelossforeigncurrencytransactionandtranslationadjustmentnetoftax": -261000000,
        "othercomprehensiveincomelossavailableforsalesecuritiesadjustmentbeforereclassificationadjustmentsnetoftax": 6000000,
        "othercomprehensiveincomelossreclassificationadjustmentfromaociforsaleofsecuritiesnetoftax": 0,
        "othercomprehensiveincomelossavailableforsalesecuritiesadjustmentnetoftax": 3000000,
        "othercomprehensiveincomelossnetoftax": -212000000,
        "comprehensiveincomenetoftaxincludingportionattributabletononcontrollinginterest": -673000000,
        "netincomelossattributabletononcontrollinginterest": 38000000,
        "othercomprehensiveincomelossnetoftaxportionattributabletononcontrollinginterest": 1000000,
        "comprehensiveincomenetoftax": -712000000,
        "othercomprehensiveincomelosstax": 9000000,
        "costofrevenue": -9858000000,
        "grossprofit": 6123000000,
        "sellinggeneralandadministrativeexpense": 4961000000,
        "researchanddevelopmentexpense": 1175000000,
        "operatingexpenses": 6136000000,
        "operatingincomeloss": -49000000,
        "nonoperatingincomeexpense": 0,
        "incomelossfromcontinuingoperationsbeforeincometaxesextraordinaryitemsnoncontrollinginterest": -477000000,
        "incometaxexpensebenefit": -7000000,
        "netincomeloss": -499000000,
        "incomelossfromcontinuingoperationsperbasicshare": 1.6100000000000003,
        "incomelossfromcontinuingoperationsperdilutedshare": 1.58
    },
    {
        "date": "2018-05-03",
        "symbol": "DELL",
        "period": "Q1",
        "profitloss": -636000000,
        "othercomprehensiveincomelossforeigncurrencytransactionandtranslationadjustmentnetoftax": -342000000,
        "othercomprehensiveincomelossavailableforsalesecuritiesadjustmentbeforereclassificationadjustmentsnetoftax": -7000000,
        "othercomprehensiveincomelossreclassificationadjustmentfromaociforsaleofsecuritiesnetoftax": 1000000,
        "othercomprehensiveincomelossavailableforsalesecuritiesadjustmentnetoftax": -5000000,
        "othercomprehensiveincomeunrealizedgainlossonderivativesarisingduringperiodnetoftax": 121000000,
        "othercomprehensiveincomelossreclassificationadjustmentfromaocionderivativesnetoftax": -31000000,
        "othercomprehensiveincomelossderivativesqualifyingashedgesnetoftax": 154000000,
        "othercomprehensiveincomelossnetoftax": -198000000,
        "comprehensiveincomenetoftaxincludingportionattributabletononcontrollinginterest": -736000000,
        "netincomelossattributabletononcontrollinginterest": 98000000,
        "othercomprehensiveincomelossnetoftaxportionattributabletononcontrollinginterest": -3000000,
        "comprehensiveincomenetoftax": -829000000,
        "othercomprehensiveincomelosstax": -2000000,
        "salesrevenuenet": 16671000000,
        "costofrevenue": 13606000000,
        "grossprofit": 5878000000,
        "sellinggeneralandadministrativeexpense": 4944000000,
        "researchanddevelopmentexpense": 1087000000,
        "operatingexpenses": 6031000000,
        "operatingincomeloss": -50000000,
        "nonoperatingincomeexpense": 1000000,
        "incomelossfromcontinuingoperationsbeforeincometaxesextraordinaryitemsnoncontrollinginterest": -623000000,
        "incometaxexpensebenefit": -85000000,
        "netincomeloss": -636000000,
        "incomelossfromcontinuingoperationsperbasicshare": 2.36,
        "incomelossfromcontinuingoperationsperdilutedshare": 2.33
    },
    {
        "date": "2017-11-02",
        "symbol": "DELL",
        "period": "Q3",
        "profitloss": -937000000,
        "othercomprehensiveincomelossforeigncurrencytransactionandtranslationadjustmentnetoftax": -125000000,
        "othercomprehensiveincomelossavailableforsalesecuritiesadjustmentbeforereclassificationadjustmentsnetoftax": -3000000,
        "othercomprehensiveincomelossreclassificationadjustmentfromaociforsaleofsecuritiesnetoftax": 0,
        "othercomprehensiveincomelossavailableforsalesecuritiesadjustmentnetoftax": -1000000,
        "othercomprehensiveincomeunrealizedgainlossonderivativesarisingduringperiodnetoftax": 76000000,
        "othercomprehensiveincomelossreclassificationadjustmentfromaocionderivativesnetoftax": -31000000,
        "othercomprehensiveincomelossderivativesqualifyingashedgesnetoftax": 107000000,
        "othercomprehensiveincomelossnetoftax": -2000000,
        "comprehensiveincomenetoftaxincludingportionattributabletononcontrollinginterest": -962000000,
        "netincomelossattributabletononcontrollinginterest": -4000000,
        "othercomprehensiveincomelossnetoftaxportionattributabletononcontrollinginterest": -2000000,
        "comprehensiveincomenetoftax": -956000000,
        "salesrevenuegoodsnet": 14680000000,
        "salesrevenueservicesnet": 4930000000,
        "salesrevenuenet": 475000000,
        "costofgoodssold": 12369000000,
        "costofservices": 2078000000,
        "costofrevenue": 13000000,
        "grossprofit": 5163000000,
        "sellinggeneralandadministrativeexpense": 4625000000,
        "researchanddevelopmentexpense": 1071000000,
        "operatingexpenses": 5696000000,
        "operatingincomeloss": 6000000,
        "nonoperatingincomeexpense": 0,
        "incomelossfromcontinuingoperationsbeforeincometaxesextraordinaryitemsnoncontrollinginterest": -1215000000,
        "incometaxexpensebenefit": -274000000,
        "incomelossfromcontinuingoperationsincludingportionattributabletononcontrollinginterest": -941000000,
        "netincomeloss": -937000000,
        "incomelossfromcontinuingoperationsperbasicshare": 1.1,
        "incomelossfromcontinuingoperationsperdilutedshare": 1.08
    },
    {
        "date": "2017-08-03",
        "symbol": "DELL",
        "period": "Q2",
        "profitloss": -946000000,
        "othercomprehensiveincomelossforeigncurrencytransactionandtranslationadjustmentnetoftax": 397000000,
        "othercomprehensiveincomelossavailableforsalesecuritiesadjustmentbeforereclassificationadjustmentsnetoftax": 19000000,
        "othercomprehensiveincomelossreclassificationadjustmentfromaociforsaleofsecuritiesnetoftax": -2000000,
        "othercomprehensiveincomelossavailableforsalesecuritiesadjustmentnetoftax": 19000000,
        "othercomprehensiveincomeunrealizedgainlossonderivativesarisingduringperiodnetoftax": -141000000,
        "othercomprehensiveincomelossreclassificationadjustmentfromaocionderivativesnetoftax": -70000000,
        "othercomprehensiveincomelossderivativesqualifyingashedgesnetoftax": -70000000,
        "othercomprehensiveincomelossnetoftax": 1000000,
        "comprehensiveincomenetoftaxincludingportionattributabletononcontrollinginterest": -631000000,
        "netincomelossattributabletononcontrollinginterest": -32000000,
        "othercomprehensiveincomelossnetoftaxportionattributabletononcontrollinginterest": 1000000,
        "comprehensiveincomenetoftax": -600000000,
        "othercomprehensiveincomelosstax": 0,
        "salesrevenuegoodsnet": 14355000000,
        "salesrevenueservicesnet": 4944000000,
        "salesrevenuenet": 472000000,
        "costofgoodssold": 12378000000,
        "costofservices": 2112000000,
        "costofrevenue": 21000000,
        "grossprofit": 4809000000,
        "sellinggeneralandadministrativeexpense": 4695000000,
        "researchanddevelopmentexpense": 1093000000,
        "operatingexpenses": 5788000000,
        "operatingincomeloss": 1000000,
        "nonoperatingincomeexpense": -2000000,
        "incomelossfromcontinuingoperationsbeforeincometaxesextraordinaryitemsnoncontrollinginterest": -1524000000,
        "incometaxexpensebenefit": -546000000,
        "incomelossfromcontinuingoperationsincludingportionattributabletononcontrollinginterest": -978000000,
        "netincomeloss": -946000000,
        "incomelossfromcontinuingoperationsperbasicshare": 0.83,
        "incomelossfromcontinuingoperationsperdilutedshare": 0.8199999999999998
    },
    {
        "date": "2017-05-04",
        "symbol": "DELL",
        "period": "Q1",
        "profitloss": -1334000000,
        "othercomprehensiveincomelossforeigncurrencytransactionandtranslationadjustmentnetoftax": 53000000,
        "othercomprehensiveincomelossavailableforsalesecuritiesadjustmentbeforereclassificationadjustmentsnetoftax": 28000000,
        "othercomprehensiveincomelossreclassificationadjustmentfromaociforsaleofsecuritiesnetoftax": -1000000,
        "othercomprehensiveincomelossavailableforsalesecuritiesadjustmentnetoftax": 27000000,
        "othercomprehensiveincomeunrealizedgainlossonderivativesarisingduringperiodnetoftax": -16000000,
        "othercomprehensiveincomelossreclassificationadjustmentfromaocionderivativesnetoftax": 21000000,
        "othercomprehensiveincomelossderivativesqualifyingashedgesnetoftax": -38000000,
        "othercomprehensiveincomelossnetoftax": 3000000,
        "comprehensiveincomenetoftaxincludingportionattributabletononcontrollinginterest": -1338000000,
        "netincomelossattributabletononcontrollinginterest": -49000000,
        "othercomprehensiveincomelossnetoftaxportionattributabletononcontrollinginterest": 3000000,
        "comprehensiveincomenetoftax": -1292000000,
        "othercomprehensiveincomelosstax": 15000000,
        "salesrevenuegoodsnet": 12968000000,
        "salesrevenueservicesnet": 4848000000,
        "salesrevenuenet": 462000000,
        "costofgoodssold": 11459000000,
        "costofservices": 2055000000,
        "costofrevenue": -4000000,
        "grossprofit": 4302000000,
        "sellinggeneralandadministrativeexpense": 4669000000,
        "researchanddevelopmentexpense": 1133000000,
        "operatingexpenses": 5802000000,
        "operatingincomeloss": 3000000,
        "nonoperatingincomeexpense": -1000000,
        "incomelossfromcontinuingoperationsbeforeincometaxesextraordinaryitemsnoncontrollinginterest": -2073000000,
        "incometaxexpensebenefit": -690000000,
        "incomelossfromcontinuingoperationsincludingportionattributabletononcontrollinginterest": -1383000000,
        "netincomeloss": -1334000000,
        "incomelossfromcontinuingoperationsperbasicshare": 0.57,
        "incomelossfromcontinuingoperationsperdilutedshare": 0.56
    },
    {
        "date": "2017-02-02",
        "symbol": "DELL",
        "period": "Q4",
        "othercomprehensiveincomeunrealizedgainlossonderivativesarisingduringperiodnetoftax": 45000000,
        "othercomprehensiveincomelossreclassificationadjustmentfromaocionderivativesnetoftax": 107000000,
        "comprehensiveincomenetoftax": -327000000,
        "salesrevenuegoodsnet": 15057000000,
        "salesrevenueservicesnet": 4754000000,
        "salesrevenuenet": 23239000000,
        "costofgoodssold": 13225000000,
        "costofservices": 2273000000,
        "costofrevenue": 33000000,
        "grossprofit": 4313000000,
        "sellinggeneralandadministrativeexpense": 4753000000,
        "researchanddevelopmentexpense": 1202000000,
        "operatingexpenses": 5955000000,
        "operatingincomeloss": -518000000,
        "nonoperatingincomeexpense": 1143000000,
        "incomelossfromcontinuingoperationsbeforeincometaxesextraordinaryitemsnoncontrollinginterest": -2398000000,
        "incometaxexpensebenefit": 627000000,
        "netincomeloss": -236000000,
        "incomelossfromcontinuingoperationsperbasicshare": 2.3499999999999996,
        "incomelossfromdiscontinuedoperationsnetoftaxperbasicshare": 1.9299999999999997,
        "incomelossfromcontinuingoperationsperdilutedshare": 2.3499999999999996,
        "incomelossfromdiscontinuedoperationsnetoftaxperdilutedshare": 1.9299999999999997
    },
    {
        "date": "2016-10-27",
        "symbol": "DELL",
        "period": "Q3",
        "profitloss": -2075000000,
        "othercomprehensiveincomelossforeigncurrencytransactionandtranslationadjustmentnetoftax": -256000000,
        "othercomprehensiveincomelossavailableforsalesecuritiesadjustmentbeforereclassificationadjustmentsnetoftax": -5000000,
        "othercomprehensiveincomelossavailableforsalesecuritiesadjustmentnetoftax": -5000000,
        "othercomprehensiveincomeunrealizedgainlossonderivativesarisingduringperiodnetoftax": 82000000,
        "othercomprehensiveincomelossreclassificationadjustmentfromaocionderivativesnetoftax": 17000000,
        "othercomprehensiveincomelossderivativesqualifyingashedgesnetoftax": 65000000,
        "othercomprehensiveincomelossnetoftax": -196000000,
        "comprehensiveincomenetoftaxincludingportionattributabletononcontrollinginterest": -2271000000,
        "netincomelossattributabletononcontrollinginterest": -11000000,
        "comprehensiveincomenetoftax": -2260000000,
        "othercomprehensiveincomelosstax": 3000000,
        "salesrevenuegoodsnet": 12366000000,
        "salesrevenueservicesnet": 3881000000,
        "salesrevenuenet": 312000000,
        "costofgoodssold": 10562000000,
        "costofservices": 1786000000,
        "costofrevenue": -6000000,
        "grossprofit": 3899000000,
        "sellinggeneralandadministrativeexpense": 4556000000,
        "researchanddevelopmentexpense": 855000000,
        "operatingexpenses": 5411000000,
        "operatingincomeloss": -13000000,
        "nonoperatingincomeexpense": -794000000,
        "incomelossfromcontinuingoperationsbeforeincometaxesextraordinaryitemsnoncontrollinginterest": -2306000000,
        "incometaxexpensebenefit": -669000000,
        "incomelossfromcontinuingoperationsincludingportionattributabletononcontrollinginterest": -1637000000,
        "incomelossfromdiscontinuedoperationsnetoftaxattributabletoreportingentity": -478000000,
        "netincomeloss": -2064000000,
        "incomelossfromcontinuingoperationsperbasicshare": 0.79,
        "incomelossfromdiscontinuedoperationsnetoftaxperbasicshare": -0.88,
        "incomelossfromcontinuingoperationsperdilutedshare": 0.78,
        "incomelossfromdiscontinuedoperationsnetoftaxperdilutedshare": -0.88
    },
    {
        "date": "2016-07-28",
        "symbol": "DELL",
        "period": "Q2",
        "profitloss": 572000000,
        "othercomprehensiveincomelossforeigncurrencytransactionandtranslationadjustmentnetoftax": -37000000,
        "othercomprehensiveincomeunrealizedgainlossonderivativesarisingduringperiodnetoftax": 58000000,
        "othercomprehensiveincomelossreclassificationadjustmentfromaocionderivativesnetoftax": -27000000,
        "othercomprehensiveincomelossderivativesqualifyingashedgesnetoftax": 85000000,
        "othercomprehensiveincomelossnetoftax": 48000000,
        "comprehensiveincomenetoftaxincludingportionattributabletononcontrollinginterest": 620000000,
        "netincomelossattributabletononcontrollinginterest": -1000000,
        "comprehensiveincomenetoftax": 621000000,
        "othercomprehensiveincomelosstax": 6000000,
        "salesrevenuegoodsnet": 10961000000,
        "salesrevenueservicesnet": 2089000000,
        "salesrevenuenet": 3779000000,
        "costofgoodssold": 9495000000,
        "costofservices": 1226000000,
        "costofrevenue": -6000000,
        "grossprofit": 2329000000,
        "sellinggeneralandadministrativeexpense": 2020000000,
        "researchanddevelopmentexpense": 246000000,
        "operatingexpenses": 2266000000,
        "operatingincomeloss": 300000000,
        "nonoperatingincomeexpense": -349000000,
        "incomelossfromcontinuingoperationsbeforeincometaxesextraordinaryitemsnoncontrollinginterest": -286000000,
        "incometaxexpensebenefit": -22000000,
        "incomelossfromcontinuingoperationsincludingportionattributabletononcontrollinginterest": -264000000,
        "incomelossfromdiscontinuedoperationsnetoftaxattributabletoreportingentity": 323000000,
        "netincomeloss": 573000000,
        "incomelossfromcontinuingoperationsperbasicshare": -0.65,
        "incomelossfromdiscontinuedoperationsnetoftaxperbasicshare": 2.06,
        "earningspersharebasic": 1.41,
        "incomelossfromcontinuingoperationsperdilutedshare": -0.65,
        "incomelossfromdiscontinuedoperationsnetoftaxperdilutedshare": 2.06,
        "earningspersharediluted": 1.41,
        "weightedaveragenumberofsharesoutstandingbasic": 405000000,
        "weightedaveragenumberofdilutedsharesoutstanding": 405000000
    },
    {
        "date": "2016-04-28",
        "symbol": "DELL",
        "period": "Q1",
        "netincomeloss": 55000000,
        "othercomprehensiveincomeforeigncurrencytransactionandtranslationadjustmentnetoftaxportionattributabletoparent": 79000000,
        "othercomprehensiveincomeunrealizedgainlossonderivativesarisingduringperiodnetoftax": -165000000,
        "othercomprehensiveincomelossreclassificationadjustmentfromaocionderivativesnetoftax": -54000000,
        "othercomprehensiveincomederivativesqualifyingashedgesnetoftaxportionattributabletoparent": -111000000,
        "othercomprehensiveincomelossnetoftaxportionattributabletoparent": 79000000,
        "comprehensiveincomenetoftax": 23000000,
        "othercomprehensiveincomelosstaxportionattributabletoparent1": -11000000,
        "salesrevenuegoodsnet": 10322000000,
        "salesrevenueservicesnet": 2212000000,
        "salesrevenuenet": 3613000000,
        "costofgoodssold": 8887000000,
        "costofservices": 1229000000,
        "costofrevenue": -8000000,
        "grossprofit": 2418000000,
        "sellinggeneralandadministrativeexpense": 2246000000,
        "researchanddevelopmentexpense": 333000000,
        "operatingexpenses": 2579000000,
        "operatingincomeloss": 192000000,
        "nonoperatingincomeexpense": -1000000,
        "incomelossfromcontinuingoperationsbeforeincometaxesextraordinaryitemsnoncontrollinginterest": -366000000,
        "incometaxexpensebenefit": 60000000,
        "incomelossfromcontinuingoperations": -426000000,
        "incomelossfromdiscontinuedoperationsnetoftaxattributabletoreportingentity": 481000000,
        "incomelossfromcontinuingoperationsperbasicshare": -1.05,
        "incomelossfromdiscontinuedoperationsnetoftaxperbasicshare": 1.19,
        "earningspersharebasic": 0.14,
        "incomelossfromcontinuingoperationsperdilutedshare": -1.05,
        "incomelossfromdiscontinuedoperationsnetoftaxperdilutedshare": 1.19,
        "earningspersharediluted": 0.14,
        "weightedaveragenumberofsharesoutstandingbasic": 405000000,
        "weightedaveragenumberofdilutedsharesoutstanding": 405000000
    }
]