[
    {
        "date": "2024-03-30",
        "symbol": "DVN",
        "period": "Q1",
        "revenuefromcontractwithcustomerexcludingassessedtax": 2629000000,
        "gainlossonoilandgashedgingactivity": -145000000,
        "revenues": 3596000000,
        "resultsofoperationsproductionorliftingcosts": 751000000,
        "explorationexpense": 9000000,
        "costofgoodsandservicessold": 1133000000,
        "depreciationdepletionandamortization": 722000000,
        "gainlossondispositionofassets1": -1000000,
        "generalandadministrativeexpense": 114000000,
        "interestincomeexpensenonoperatingnet": -76000000,
        "operatingandnonoperatingotherincomeexpense": -22000000,
        "totalexpenses": 2828000000,
        "incomelossfromcontinuingoperationsbeforenoncontrollinginterest": 768000000,
        "incometaxexpensebenefit": 159000000,
        "profitloss": 609000000,
        "netincomelossattributabletononcontrollinginterest": 13000000,
        "netincomeloss": 596000000,
        "earningspersharebasic": 0.95,
        "earningspersharediluted": 0.94,
        "othercomprehensiveincomelosspensionandotherpostretirementbenefitplansadjustmentnetoftax": -1000000,
        "othercomprehensiveincomelossnetoftax": 1000000,
        "comprehensiveincomenetoftaxincludingportionattributabletononcontrollinginterest": 610000000,
        "comprehensiveincomenetoftaxattributabletononcontrollinginterest": 13000000,
        "comprehensiveincomenetoftax": 597000000
    },
    {
        "date": "2023-12-30",
        "symbol": "DVN",
        "period": "Q4",
        "revenuefromcontractwithcustomerexcludingassessedtax": 2737000000,
        "gainlossonoilandgashedgingactivity": 324000000,
        "revenues": 4145000000,
        "resultsofoperationsproductionorliftingcosts": 759000000,
        "explorationexpense": 4000000,
        "costofgoodsandservicessold": 1093000000,
        "depreciationdepletionandamortization": 650000000,
        "generalandadministrativeexpense": 111000000,
        "interestincomeexpensenonoperatingnet": -77000000,
        "operatingandnonoperatingotherincomeexpense": -10000000,
        "totalexpenses": 2715000000,
        "incomelossfromcontinuingoperationsbeforenoncontrollinginterest": 1430000000,
        "incometaxexpensebenefit": 269000000,
        "profitloss": 1161000000,
        "netincomelossattributabletononcontrollinginterest": 9000000,
        "netincomeloss": 1152000000,
        "earningspersharebasic": 1.8100000000000007,
        "earningspersharediluted": 1.8099999999999998,
        "othercomprehensiveincomelosspensionandotherpostretirementbenefitplansadjustmentnetoftax": 11000000,
        "othercomprehensiveincomelossnetoftax": -11000000,
        "comprehensiveincomenetoftaxincludingportionattributabletononcontrollinginterest": 1150000000,
        "comprehensiveincomenetoftaxattributabletononcontrollinginterest": 9000000,
        "comprehensiveincomenetoftax": 1141000000
    },
    {
        "date": "2023-09-29",
        "symbol": "DVN",
        "period": "Q3",
        "revenuefromcontractwithcustomerexcludingassessedtax": 1802000000,
        "gainlossonoilandgashedgingactivity": -194000000,
        "revenues": 3836000000,
        "resultsofoperationsproductionorliftingcosts": 757000000,
        "explorationexpense": 3000000,
        "costofgoodsandservicessold": 1160000000,
        "depreciationdepletionandamortization": 651000000,
        "generalandadministrativeexpense": 99000000,
        "interestincomeexpensenonoperatingnet": -81000000,
        "operatingandnonoperatingotherincomeexpense": -13000000,
        "totalexpenses": 2764000000,
        "incomelossfromcontinuingoperationsbeforenoncontrollinginterest": 1072000000,
        "incometaxexpensebenefit": 152000000,
        "profitloss": 1915000000,
        "netincomelossattributabletononcontrollinginterest": 10000000,
        "netincomeloss": 910000000,
        "earningspersharebasic": 1.4399999999999997,
        "earningspersharediluted": 1.43,
        "othercomprehensiveincomelosspensionandotherpostretirementbenefitplansadjustmentnetoftax": -1000000,
        "othercomprehensiveincomelossnetoftax": 1000000,
        "comprehensiveincomenetoftaxincludingportionattributabletononcontrollinginterest": 921000000,
        "comprehensiveincomenetoftaxattributabletononcontrollinginterest": 10000000,
        "comprehensiveincomenetoftax": 911000000
    },
    {
        "date": "2023-06-29",
        "symbol": "DVN",
        "period": "Q2",
        "revenuefromcontractwithcustomerexcludingassessedtax": 2493000000,
        "gainlossonoilandgashedgingactivity": -76000000,
        "revenues": 3454000000,
        "resultsofoperationsproductionorliftingcosts": 719000000,
        "explorationexpense": 10000000,
        "costofgoodsandservicessold": 1051000000,
        "depreciationdepletionandamortization": 638000000,
        "gainlossondispositionofassets1": 41000000,
        "generalandadministrativeexpense": 92000000,
        "interestincomeexpensenonoperatingnet": -78000000,
        "operatingandnonoperatingotherincomeexpense": -10000000,
        "totalexpenses": 2557000000,
        "incomelossfromcontinuingoperationsbeforenoncontrollinginterest": 897000000,
        "incometaxexpensebenefit": 199000000,
        "profitloss": 698000000,
        "netincomelossattributabletononcontrollinginterest": 8000000,
        "netincomeloss": 690000000,
        "earningspersharebasic": 1.08,
        "earningspersharediluted": 1.07,
        "othercomprehensiveincomelosspensionandotherpostretirementbenefitplansadjustmentnetoftax": -1000000,
        "othercomprehensiveincomelossnetoftax": 1000000,
        "comprehensiveincomenetoftaxincludingportionattributabletononcontrollinginterest": 699000000,
        "comprehensiveincomenetoftaxattributabletononcontrollinginterest": 8000000,
        "comprehensiveincomenetoftax": 691000000
    },
    {
        "date": "2023-03-30",
        "symbol": "DVN",
        "period": "Q1",
        "revenuefromcontractwithcustomerexcludingassessedtax": 3759000000,
        "gainlossonoilandgashedgingactivity": 64000000,
        "revenues": 3823000000,
        "resultsofoperationsproductionorliftingcosts": 693000000,
        "explorationexpense": 3000000,
        "costofgoodsandservicessold": 1105000000,
        "depreciationdepletionandamortization": 615000000,
        "generalandadministrativeexpense": 106000000,
        "interestincomeexpensenonoperatingnet": -72000000,
        "operatingandnonoperatingotherincomeexpense": -5000000,
        "totalexpenses": 2599000000,
        "incomelossfromcontinuingoperationsbeforenoncontrollinginterest": 1224000000,
        "incometaxexpensebenefit": 221000000,
        "profitloss": 8000000,
        "netincomelossattributabletononcontrollinginterest": 8000000,
        "netincomeloss": 995000000,
        "earningspersharebasic": 1.53,
        "earningspersharediluted": 1.53,
        "othercomprehensiveincomelosspensionandotherpostretirementbenefitplansadjustmentnetoftax": -1000000,
        "othercomprehensiveincomelossnetoftax": 1000000,
        "comprehensiveincomenetoftaxincludingportionattributabletononcontrollinginterest": 1004000000,
        "comprehensiveincomenetoftaxattributabletononcontrollinginterest": 8000000,
        "comprehensiveincomenetoftax": 996000000
    },
    {
        "date": "2022-09-29",
        "symbol": "DVN",
        "period": "Q3",
        "revenuefromcontractwithcustomerexcludingassessedtax": 2348000000,
        "gainlossonoilandgashedgingactivity": 248000000,
        "revenues": 5432000000,
        "resultsofoperationsproductionorliftingcosts": 735000000,
        "explorationexpense": 4000000,
        "costofgoodsandservicessold": 1525000000,
        "depreciationdepletionandamortization": 581000000,
        "gainlossondispositionofassets1": 0,
        "generalandadministrativeexpense": 95000000,
        "interestincomeexpensenonoperatingnet": -67000000,
        "operatingandnonoperatingotherincomeexpense": 40000000,
        "totalexpenses": 2967000000,
        "incomelossfromcontinuingoperationsbeforenoncontrollinginterest": 2465000000,
        "incometaxexpensebenefit": 565000000,
        "profitloss": 2889000000,
        "netincomelossattributabletononcontrollinginterest": 7000000,
        "netincomeloss": 1893000000,
        "earningspersharebasic": 2.8799999999999994,
        "earningspersharediluted": 2.8699999999999997,
        "othercomprehensiveincomelosspensionandotherpostretirementbenefitplansadjustmentnetoftax": -1000000,
        "othercomprehensiveincomelossnetoftax": 1000000,
        "comprehensiveincomenetoftaxincludingportionattributabletononcontrollinginterest": 1901000000,
        "comprehensiveincomenetoftaxattributabletononcontrollinginterest": 7000000,
        "comprehensiveincomenetoftax": 1894000000
    },
    {
        "date": "2022-06-29",
        "symbol": "DVN",
        "period": "Q2",
        "revenuefromcontractwithcustomerexcludingassessedtax": 4100000000,
        "gainlossonoilandgashedgingactivity": -170000000,
        "revenues": 5626000000,
        "resultsofoperationsproductionorliftingcosts": 729000000,
        "explorationexpense": 10000000,
        "costofgoodsandservicessold": 1700000000,
        "depreciationdepletionandamortization": 528000000,
        "gainlossondispositionofassets1": 14000000,
        "generalandadministrativeexpense": 84000000,
        "interestincomeexpensenonoperatingnet": -84000000,
        "operatingandnonoperatingotherincomeexpense": -10000000,
        "totalexpenses": 3131000000,
        "incomelossfromcontinuingoperationsbeforenoncontrollinginterest": 2495000000,
        "incometaxexpensebenefit": 557000000,
        "profitloss": 1938000000,
        "netincomelossattributabletononcontrollinginterest": 6000000,
        "netincomeloss": 1932000000,
        "earningspersharebasic": 2.94,
        "earningspersharediluted": 2.93,
        "othercomprehensiveincomelosspensionandotherpostretirementbenefitplansadjustmentnetoftax": -1000000,
        "othercomprehensiveincomelossnetoftax": 1000000,
        "comprehensiveincomenetoftaxincludingportionattributabletononcontrollinginterest": 1939000000,
        "comprehensiveincomenetoftaxattributabletononcontrollinginterest": 6000000,
        "comprehensiveincomenetoftax": 1933000000
    },
    {
        "date": "2022-03-30",
        "symbol": "DVN",
        "period": "Q1",
        "revenuefromcontractwithcustomerexcludingassessedtax": 4495000000,
        "gainlossonoilandgashedgingactivity": -683000000,
        "revenues": 3812000000,
        "resultsofoperationsproductionorliftingcosts": 618000000,
        "explorationexpense": 2000000,
        "costofgoodsandservicessold": 1324000000,
        "depreciationdepletionandamortization": 489000000,
        "gainlossondispositionofassets1": 1000000,
        "generalandadministrativeexpense": 94000000,
        "interestincomeexpensenonoperatingnet": -85000000,
        "operatingandnonoperatingotherincomeexpense": 61000000,
        "totalexpenses": 2550000000,
        "incomelossfromcontinuingoperationsbeforenoncontrollinginterest": 1262000000,
        "incometaxexpensebenefit": 267000000,
        "profitloss": 6000000,
        "netincomelossattributabletononcontrollinginterest": 6000000,
        "netincomeloss": 989000000,
        "earningspersharebasic": 1.48,
        "earningspersharediluted": 1.48,
        "othercomprehensiveincomelosspensionandotherpostretirementbenefitplansadjustmentnetoftax": -1000000,
        "othercomprehensiveincomelossnetoftax": 1000000,
        "comprehensiveincomenetoftaxincludingportionattributabletononcontrollinginterest": 996000000,
        "comprehensiveincomenetoftaxattributabletononcontrollinginterest": 6000000,
        "comprehensiveincomenetoftax": 990000000
    },
    {
        "date": "2021-09-29",
        "symbol": "DVN",
        "period": "Q3",
        "revenuefromcontractwithcustomerexcludingassessedtax": 2102000000,
        "gainlossonoilandgashedgingactivity": -335000000,
        "revenues": 4744000000,
        "resultsofoperationsproductionorliftingcosts": 524000000,
        "explorationexpense": 5000000,
        "costofgoodsandservicessold": 1484000000,
        "depreciationdepletionandamortization": 578000000,
        "gainlossondispositionofassets1": 0,
        "generalandadministrativeexpense": 95000000,
        "interestincomeexpensenonoperatingnet": -86000000,
        "restructuringcharges": 170000000,
        "operatingandnonoperatingotherincomeexpense": -2000000,
        "totalexpenses": 2790000000,
        "incomelossfromcontinuingoperationsbeforeincometaxesminorityinterestandincomelossfromequitymethodinvestments": 964000000,
        "incometaxexpensebenefit": 120000000,
        "incomelossfromcontinuingoperations": 844000000,
        "profitloss": 894000000,
        "netincomelossattributabletononcontrollinginterest": 6000000,
        "netincomeloss": 838000000,
        "incomelossfromcontinuingoperationsperbasicshare": 1.2399999999999998,
        "earningspersharebasic": 1.2399999999999998,
        "incomelossfromcontinuingoperationsperdilutedshare": 1.2499999999999998,
        "earningspersharediluted": 1.2499999999999998,
        "othercomprehensiveincomelosspensionandotherpostretirementbenefitplansadjustmentnetoftax": -1000000,
        "othercomprehensiveincomelossnetoftax": 1000000,
        "comprehensiveincomenetoftaxincludingportionattributabletononcontrollinginterest": 845000000,
        "comprehensiveincomenetoftaxattributabletononcontrollinginterest": 6000000,
        "comprehensiveincomenetoftax": 839000000
    },
    {
        "date": "2021-06-29",
        "symbol": "DVN",
        "period": "Q2",
        "revenuefromcontractwithcustomerexcludingassessedtax": 2154000000,
        "gainlossonoilandgashedgingactivity": -703000000,
        "revenues": 2417000000,
        "resultsofoperationsproductionorliftingcosts": 513000000,
        "explorationexpense": 3000000,
        "costofgoodsandservicessold": 965000000,
        "depreciationdepletionandamortization": 536000000,
        "gainlossondispositionofassets1": 87000000,
        "generalandadministrativeexpense": 94000000,
        "interestincomeexpensenonoperatingnet": -80000000,
        "restructuringcharges": 23000000,
        "operatingandnonoperatingotherincomeexpense": 14000000,
        "totalexpenses": 2113000000,
        "incomelossfromcontinuingoperationsbeforeincometaxesminorityinterestandincomelossfromequitymethodinvestments": 304000000,
        "incometaxexpensebenefit": 43000000,
        "incomelossfromcontinuingoperations": 261000000,
        "profitloss": 261000000,
        "netincomelossattributabletononcontrollinginterest": 5000000,
        "netincomeloss": 256000000,
        "incomelossfromcontinuingoperationsperbasicshare": 0.38,
        "earningspersharebasic": 0.38,
        "incomelossfromcontinuingoperationsperdilutedshare": 0.38,
        "earningspersharediluted": 0.38,
        "othercomprehensiveincomelosspensionandotherpostretirementbenefitplansadjustmentnetoftax": -3000000,
        "othercomprehensiveincomelossnetoftax": 3000000,
        "comprehensiveincomenetoftaxincludingportionattributabletononcontrollinginterest": 264000000,
        "comprehensiveincomenetoftaxattributabletononcontrollinginterest": 5000000,
        "comprehensiveincomenetoftax": 259000000
    },
    {
        "date": "2021-03-30",
        "symbol": "DVN",
        "period": "Q1",
        "revenuefromcontractwithcustomerexcludingassessedtax": 2290000000,
        "gainlossonoilandgashedgingactivity": -528000000,
        "revenues": 772000000,
        "resultsofoperationsproductionorliftingcosts": 489000000,
        "explorationexpense": 1000000,
        "costofgoodsandservicessold": 523000000,
        "depreciationdepletionandamortization": 467000000,
        "gainlossondispositionofassets1": 32000000,
        "generalandadministrativeexpense": 107000000,
        "interestincomeexpensenonoperatingnet": -77000000,
        "restructuringcharges": 37000000,
        "operatingandnonoperatingotherincomeexpense": 29000000,
        "totalexpenses": 1794000000,
        "incomelossfromcontinuingoperationsbeforeincometaxesminorityinterestandincomelossfromequitymethodinvestments": -32000000,
        "incometaxexpensebenefit": -248000000,
        "incomelossfromcontinuingoperations": 216000000,
        "profitloss": 166000000,
        "netincomelossattributabletononcontrollinginterest": 3000000,
        "netincomeloss": 213000000,
        "incomelossfromcontinuingoperationsperbasicshare": 0.33,
        "earningspersharebasic": 0.33,
        "incomelossfromcontinuingoperationsperdilutedshare": 0.32,
        "earningspersharediluted": 0.32,
        "othercomprehensiveincomelosspensionandotherpostretirementbenefitplansadjustmentnetoftax": -23000000,
        "othercomprehensiveincomelossnetoftax": 23000000,
        "comprehensiveincomenetoftaxincludingportionattributabletononcontrollinginterest": 239000000,
        "comprehensiveincomenetoftaxattributabletononcontrollinginterest": 3000000,
        "comprehensiveincomenetoftax": 236000000
    },
    {
        "date": "2020-09-29",
        "symbol": "DVN",
        "period": "Q3",
        "revenuefromcontractwithcustomerexcludingassessedtax": 678000000,
        "revenues": 1067000000,
        "resultsofoperationsproductionorliftingcosts": 271000000,
        "explorationexpense": 39000000,
        "costofgoodsandservicessold": 478000000,
        "depreciationdepletionandamortization": 299000000,
        "assetimpairmentcharges": 0,
        "generalandadministrativeexpense": 75000000,
        "interestincomeexpensenonoperatingnet": -66000000,
        "operatingandnonoperatingotherincomeexpense": 0,
        "totalexpenses": 1260000000,
        "incomelossfromcontinuingoperationsbeforeincometaxesminorityinterestandincomelossfromequitymethodinvestments": -193000000,
        "incometaxexpensebenefit": -90000000,
        "incomelossfromcontinuingoperations": -103000000,
        "incomelossfromdiscontinuedoperationsnetoftax": 13000000,
        "profitloss": -90000000,
        "netincomelossattributabletononcontrollinginterest": 2000000,
        "netincomeloss": -92000000,
        "incomelossfromcontinuingoperationsperbasicshare": -0.29000000000000004,
        "incomelossfromdiscontinuedoperationsnetoftaxperbasicshare": 0.03999999999999998,
        "earningspersharebasic": -0.25,
        "incomelossfromcontinuingoperationsperdilutedshare": -0.29000000000000004,
        "incomelossfromdiscontinuedoperationsnetoftaxperdilutedshare": 0.03999999999999998,
        "earningspersharediluted": -0.25,
        "othercomprehensiveincomelosspensionandotherpostretirementbenefitplansadjustmentnetoftax": -1000000,
        "othercomprehensiveincomelossnetoftax": 1000000,
        "comprehensiveincomenetoftaxincludingportionattributabletononcontrollinginterest": -89000000,
        "comprehensiveincomenetoftaxattributabletononcontrollinginterest": 2000000,
        "comprehensiveincomenetoftax": -91000000
    },
    {
        "date": "2020-06-29",
        "symbol": "DVN",
        "period": "Q2",
        "revenuefromcontractwithcustomerexcludingassessedtax": 671000000,
        "revenues": 394000000,
        "resultsofoperationsproductionorliftingcosts": 263000000,
        "explorationexpense": 14000000,
        "costofgoodsandservicessold": 339000000,
        "depreciationdepletionandamortization": 299000000,
        "assetimpairmentcharges": 2664000000,
        "generalandadministrativeexpense": 79000000,
        "interestincomeexpensenonoperatingnet": -69000000,
        "operatingandnonoperatingotherincomeexpense": -13000000,
        "totalexpenses": 1074000000,
        "incomelossfromcontinuingoperationsbeforeincometaxesminorityinterestandincomelossfromequitymethodinvestments": -680000000,
        "incometaxexpensebenefit": -324000000,
        "incomelossfromcontinuingoperations": -677000000,
        "incomelossfromdiscontinuedoperationsnetoftax": -107000000,
        "profitloss": -2484000000,
        "netincomelossattributabletononcontrollinginterest": 2000000,
        "netincomeloss": -670000000,
        "incomelossfromcontinuingoperationsperbasicshare": -1.8099999999999996,
        "incomelossfromdiscontinuedoperationsnetoftaxperbasicshare": 0.030000000000000027,
        "earningspersharebasic": -1.7799999999999994,
        "incomelossfromcontinuingoperationsperdilutedshare": -1.8099999999999996,
        "incomelossfromdiscontinuedoperationsnetoftaxperdilutedshare": 0.030000000000000027,
        "earningspersharediluted": -1.7799999999999994,
        "othercomprehensiveincomelosspensionandotherpostretirementbenefitplansadjustmentnetoftax": -1000000,
        "othercomprehensiveincomelossnetoftax": 1000000,
        "comprehensiveincomenetoftaxincludingportionattributabletononcontrollinginterest": -667000000,
        "comprehensiveincomenetoftaxattributabletononcontrollinginterest": 2000000,
        "comprehensiveincomenetoftax": -669000000
    },
    {
        "date": "2020-03-30",
        "symbol": "DVN",
        "period": "Q1",
        "upstreamrevenues": 1527000000,
        "revenuefromcontractwithcustomerexcludingassessedtax": 560000000,
        "typeofrevenueextensiblelist": "us-gaap:NaturalGasGatheringTransportationMarketingAndProcessingMember",
        "revenues": 2087000000,
        "resultsofoperationsproductionorliftingcosts": 318000000,
        "explorationexpense": 110000000,
        "costofgoodsandservicessold": 578000000,
        "typeofcostgoodorserviceextensiblelist": "us-gaap:NaturalGasGatheringTransportationMarketingAndProcessingMember",
        "depreciationdepletionandamortization": 401000000,
        "assetimpairmentcharges": 2000000,
        "generalandadministrativeexpense": 102000000,
        "interestincomeexpensenonoperatingnet": -65000000,
        "operatingandnonoperatingotherincomeexpense": 48000000,
        "totalexpenses": 4194000000,
        "incomelossfromcontinuingoperationsbeforeincometaxesminorityinterestandincomelossfromequitymethodinvestments": -2107000000,
        "incometaxexpensebenefit": -96000000,
        "incomelossfromcontinuingoperations": -1690000000,
        "incomelossfromdiscontinuedoperationsnetoftax": -9000000,
        "profitloss": 1000000,
        "netincomelossattributabletononcontrollinginterest": 1000000,
        "netincomeloss": -1816000000,
        "incomelossfromcontinuingoperationsperbasicshare": -4.48,
        "incomelossfromdiscontinuedoperationsnetoftaxperbasicshare": -0.34,
        "earningspersharebasic": -4.82,
        "incomelossfromcontinuingoperationsperdilutedshare": -4.48,
        "incomelossfromdiscontinuedoperationsnetoftaxperdilutedshare": -0.34,
        "earningspersharediluted": -4.82,
        "othercomprehensiveincomelosspensionandotherpostretirementbenefitplansadjustmentnetoftax": -1000000,
        "othercomprehensiveincomelossnetoftax": 1000000,
        "comprehensiveincomenetoftaxincludingportionattributabletononcontrollinginterest": -1814000000,
        "comprehensiveincomenetoftaxattributabletononcontrollinginterest": 1000000,
        "comprehensiveincomenetoftax": -1815000000
    },
    {
        "date": "2019-09-29",
        "symbol": "DVN",
        "period": "Q3",
        "upstreamrevenues": 1363000000,
        "revenuefromcontractwithcustomerexcludingassessedtax": 674000000,
        "typeofrevenueextensiblelist": "us-gaap:NaturalGasGatheringTransportationMarketingAndProcessingMember",
        "revenues": 2802000000,
        "resultsofoperationsproductionorliftingcosts": 227000000,
        "explorationexpense": 9000000,
        "costofgoodsandservicessold": 675000000,
        "typeofcostgoodorserviceextensiblelist": "us-gaap:NaturalGasGatheringTransportationMarketingAndProcessingMember",
        "depreciationdepletionandamortization": 703000000,
        "gainlossondispositionofassets1": 2000000,
        "generalandadministrativeexpense": 89000000,
        "interestincomeexpensenonoperatingnet": -47000000,
        "restructuringcharges": 58000000,
        "operatingandnonoperatingotherincomeexpense": -34000000,
        "totalexpenses": 1409000000,
        "incomelossfromcontinuingoperationsbeforeincometaxesminorityinterestandincomelossfromequitymethodinvestments": -285000000,
        "incometaxexpensebenefit": -51000000,
        "incomelossfromcontinuingoperations": -234000000,
        "profitloss": 109000000,
        "netincomeloss": 109000000,
        "incomelossfromcontinuingoperationsperbasicshare": 0.24,
        "earningspersharebasic": 0.22999999999999998,
        "incomelossfromcontinuingoperationsperdilutedshare": 0.24,
        "earningspersharediluted": 0.24,
        "othercomprehensiveincomelossforeigncurrencytransactionandtranslationadjustmentnetoftax": 0,
        "othercomprehensiveincomelosspensionandotherpostretirementbenefitplansadjustmentnetoftax": -1000000,
        "othercomprehensiveincomelossnetoftax": 1000000,
        "comprehensiveincomenetoftaxincludingportionattributabletononcontrollinginterest": 110000000,
        "comprehensiveincomenetoftax": 110000000
    },
    {
        "date": "2019-06-29",
        "symbol": "DVN",
        "period": "Q2",
        "upstreamrevenues": 1191000000,
        "revenuefromcontractwithcustomerexcludingassessedtax": 730000000,
        "typeofrevenueextensiblelist": "us-gaap:NaturalGasGatheringTransportationMarketingAndProcessingMember",
        "revenues": 1921000000,
        "resultsofoperationsproductionorliftingcosts": 371000000,
        "explorationexpense": 7000000,
        "costofgoodsandservicessold": 713000000,
        "typeofcostgoodorserviceextensiblelist": "us-gaap:NaturalGasGatheringTransportationMarketingAndProcessingMember",
        "depreciationdepletionandamortization": 394000000,
        "gainlossondispositionofassets1": 1000000,
        "generalandadministrativeexpense": 114000000,
        "interestincomeexpensenonoperatingnet": -66000000,
        "restructuringcharges": 12000000,
        "operatingandnonoperatingotherincomeexpense": -8000000,
        "totalexpenses": 1684000000,
        "incomelossfromcontinuingoperationsbeforeincometaxesminorityinterestandincomelossfromequitymethodinvestments": 237000000,
        "incometaxexpensebenefit": 71000000,
        "incomelossfromcontinuingoperations": 166000000,
        "incomelossfromdiscontinuedoperationsnetoftax": 329000000,
        "profitloss": 495000000,
        "netincomeloss": 495000000,
        "incomelossfromcontinuingoperationsperbasicshare": 0.4,
        "incomelossfromdiscontinuedoperationsnetoftaxperbasicshare": 0.8,
        "earningspersharebasic": 1.2,
        "incomelossfromcontinuingoperationsperdilutedshare": 0.4,
        "incomelossfromdiscontinuedoperationsnetoftaxperdilutedshare": 0.79,
        "earningspersharediluted": 1.19,
        "othercomprehensiveincomelossforeigncurrencytransactionandtranslationadjustmentnetoftax": 43000000,
        "othercomprehensiveincomelossforeigncurrencytransactionandtranslationreclassificationadjustmentfromaocirealizeduponsaleorliquidationnetoftax": 1237000000,
        "othercomprehensiveincomelosspensionandotherpostretirementbenefitplansadjustmentnetoftax": -13000000,
        "othercomprehensiveincomelossnetoftax": -1181000000,
        "comprehensiveincomenetoftaxincludingportionattributabletononcontrollinginterest": -686000000,
        "comprehensiveincomenetoftax": -686000000
    },
    {
        "date": "2019-03-30",
        "symbol": "DVN",
        "period": "Q1",
        "upstreamrevenues": 247000000,
        "revenuefromcontractwithcustomerexcludingassessedtax": 791000000,
        "typeofrevenueextensiblelist": "us-gaap:NaturalGasGatheringTransportationMarketingAndProcessingMember",
        "revenues": 273000000,
        "resultsofoperationsproductionorliftingcosts": 506000000,
        "explorationexpense": 13000000,
        "costofgoodsandservicessold": 759000000,
        "typeofcostgoodorserviceextensiblelist": "us-gaap:NaturalGasGatheringTransportationMarketingAndProcessingMember",
        "depreciationdepletionandamortization": 79000000,
        "gainlossondispositionofassets1": 44000000,
        "generalandadministrativeexpense": 153000000,
        "interestincomeexpensenonoperatingnet": -73000000,
        "restructuringcharges": 3000000,
        "operatingandnonoperatingotherincomeexpense": 45000000,
        "totalexpenses": 1928000000,
        "incomelossfromcontinuingoperationsbeforeincometaxesminorityinterestandincomelossfromequitymethodinvestments": 23000000,
        "incometaxexpensebenefit": -4000000,
        "incomelossfromcontinuingoperations": 27000000,
        "profitloss": -317000000,
        "netincomeloss": -317000000,
        "incomelossfromcontinuingoperationsperbasicshare": -0.74,
        "earningspersharebasic": -0.74,
        "incomelossfromcontinuingoperationsperdilutedshare": -0.74,
        "earningspersharediluted": -0.74,
        "othercomprehensiveincomelossforeigncurrencytransactionandtranslationadjustmentnetoftax": 35000000,
        "othercomprehensiveincomelosspensionandotherpostretirementbenefitplansadjustmentnetoftax": -2000000,
        "othercomprehensiveincomelossnetoftax": 37000000,
        "comprehensiveincomenetoftaxincludingportionattributabletononcontrollinginterest": -280000000,
        "comprehensiveincomenetoftax": -280000000
    },
    {
        "date": "2018-09-29",
        "symbol": "DVN",
        "period": "Q3",
        "upstreamrevenues": 1332000000,
        "revenuefromcontractwithcustomerexcludingassessedtax": 1247000000,
        "revenues": 2579000000,
        "resultsofoperationsproductionorliftingcosts": 554000000,
        "explorationexpense": 32000000,
        "costofgoodsandservicessold": 1217000000,
        "depreciationdepletionandamortization": 416000000,
        "assetimpairmentcharges": 2000000,
        "gainlossondispositionofassets1": 6000000,
        "generalandadministrativeexpense": 147000000,
        "interestincomeexpensenonoperatingnet": -75000000,
        "restructuringcharges": 11000000,
        "operatingandnonoperatingotherincomeexpense": 31000000,
        "totalexpenses": 2417000000,
        "incomelossfromcontinuingoperationsbeforeincometaxesminorityinterestandincomelossfromequitymethodinvestments": 162000000,
        "incometaxexpensebenefit": -138000000,
        "incomelossfromcontinuingoperations": 300000000,
        "incomelossfromdiscontinuedoperationsnetoftax": 2263000000,
        "profitloss": 2563000000,
        "netincomelossattributabletononcontrollinginterest": 26000000,
        "netincomeloss": 2537000000,
        "incomelossfromcontinuingoperationsperbasicshare": 0.61,
        "incomelossfromdiscontinuedoperationsnetoftaxperbasicshare": 4.56,
        "earningspersharebasic": 5.17,
        "incomelossfromcontinuingoperationsperdilutedshare": 0.61,
        "incomelossfromdiscontinuedoperationsnetoftaxperdilutedshare": 4.53,
        "earningspersharediluted": 5.14,
        "othercomprehensiveincomelossforeigncurrencytransactionandtranslationadjustmentnetoftax": 35000000,
        "othercomprehensiveincomelosspensionandotherpostretirementbenefitplansadjustmentnetoftax": -36000000,
        "othercomprehensiveincomelossnetoftax": 71000000,
        "comprehensiveincomenetoftaxincludingportionattributabletononcontrollinginterest": 2634000000,
        "comprehensiveincomenetoftaxattributabletononcontrollinginterest": 26000000,
        "comprehensiveincomenetoftax": 2608000000
    },
    {
        "date": "2018-06-29",
        "symbol": "DVN",
        "period": "Q2",
        "upstreamrevenues": 65000000,
        "gasgatheringtransportationmarketingandprocessingrevenue": 1180000000,
        "revenues": 327000000,
        "resultsofoperationsproductionorliftingcosts": 65000000,
        "explorationexpense": 68000000,
        "gasgatheringtransportationmarketingandprocessingcosts": 1160000000,
        "depreciationdepletionandamortization": 78000000,
        "assetimpairmentcharges": 154000000,
        "gainlossondispositionofassets1": -23000000,
        "generalandadministrativeexpense": 153000000,
        "interestincomeexpensenonoperatingnet": -62000000,
        "restructuringcharges": 9000000,
        "operatingandnonoperatingotherincomeexpense": -24000000,
        "totalexpenses": 2730000000,
        "incomelossfromcontinuingoperationsbeforeincometaxesminorityinterestandincomelossfromequitymethodinvestments": -10000000,
        "incometaxexpensebenefit": -20000000,
        "incomelossfromcontinuingoperations": 10000000,
        "incomelossfromdiscontinuedoperationsnetoftax": 139000000,
        "profitloss": -335000000,
        "netincomelossattributabletononcontrollinginterest": 90000000,
        "netincomeloss": -425000000,
        "incomelossfromcontinuingoperationsperbasicshare": -0.92,
        "incomelossfromdiscontinuedoperationsnetoftaxperbasicshare": 0.09,
        "earningspersharebasic": -0.83,
        "incomelossfromcontinuingoperationsperdilutedshare": -0.92,
        "incomelossfromdiscontinuedoperationsnetoftaxperdilutedshare": 0.09,
        "earningspersharediluted": -0.83,
        "othercomprehensiveincomelossforeigncurrencytransactionandtranslationadjustmentnetoftax": -34000000,
        "othercomprehensiveincomelosspensionandotherpostretirementbenefitplansadjustmentnetoftax": -3000000,
        "othercomprehensiveincomelossnetoftax": -31000000,
        "comprehensiveincomenetoftaxincludingportionattributabletononcontrollinginterest": -366000000,
        "comprehensiveincomenetoftaxattributabletononcontrollinginterest": 90000000,
        "comprehensiveincomenetoftax": -456000000
    },
    {
        "date": "2018-03-30",
        "symbol": "DVN",
        "period": "Q1",
        "upstreamrevenues": 302000000,
        "gasgatheringtransportationmarketingandprocessingrevenue": 2491000000,
        "revenues": -149000000,
        "resultsofoperationsproductionorliftingcosts": 62000000,
        "explorationexpense": 33000000,
        "gasgatheringtransportationmarketingandprocessingcosts": -138000000,
        "depreciationdepletionandamortization": 138000000,
        "assetimpairmentcharges": 8000000,
        "gainlossondispositionofassets1": 12000000,
        "generalandadministrativeexpense": 226000000,
        "interestincomeexpensenonoperatingnet": -44000000,
        "operatingandnonoperatingotherincomeexpense": -19000000,
        "totalexpenses": 3991000000,
        "incomelossfromcontinuingoperationsbeforeincometaxesminorityinterestandincomelossfromequitymethodinvestments": 64000000,
        "incometaxexpensebenefit": 6000000,
        "profitloss": 58000000,
        "netincomelossattributabletononcontrollinginterest": 44000000,
        "netincomeloss": 14000000,
        "earningspersharebasic": -0.38,
        "earningspersharediluted": -0.38,
        "othercomprehensiveincomelossforeigncurrencytransactionandtranslationadjustmentnetoftax": -48000000,
        "othercomprehensiveincomelosspensionandotherpostretirementbenefitplansadjustmentnetoftax": -4000000,
        "othercomprehensiveincomelossnetoftax": -44000000,
        "comprehensiveincomenetoftaxincludingportionattributabletononcontrollinginterest": -197000000,
        "comprehensiveincomenetoftaxattributabletononcontrollinginterest": 44000000,
        "comprehensiveincomenetoftax": -241000000
    },
    {
        "date": "2017-12-30",
        "symbol": "DVN",
        "period": "Q4",
        "upstreamrevenues": 1333000000,
        "gasgatheringtransportationmarketingandprocessingrevenue": 2650000000,
        "revenues": 3983000000,
        "resultsofoperationsproductionorliftingcosts": 463000000,
        "explorationexpense": 171000000,
        "gasgatheringtransportationmarketingandprocessingcosts": 2378000000,
        "depreciationdepletionandamortization": 111000000,
        "assetimpairmentcharges": 8000000,
        "gainlossondispositionofassets1": 19000000,
        "generalandadministrativeexpense": 48000000,
        "interestincomeexpensenonoperatingnet": -2000000,
        "operatingandnonoperatingotherincomeexpense": 10000000,
        "totalexpenses": 3883000000,
        "incomelossfromcontinuingoperationsbeforeincometaxesminorityinterestandincomelossfromequitymethodinvestments": -303000000,
        "incometaxexpensebenefit": -13000000,
        "profitloss": -290000000,
        "netincomelossattributabletononcontrollinginterest": 121000000,
        "netincomeloss": -290000000,
        "earningspersharebasic": -0.55,
        "earningspersharediluted": -0.54,
        "othercomprehensiveincomelossforeigncurrencytransactionandtranslationadjustmentnetoftax": -1000000,
        "othercomprehensiveincomelosspensionandotherpostretirementbenefitplansadjustmentnetoftax": -15000000,
        "othercomprehensiveincomelossnetoftax": 20000000,
        "comprehensiveincomenetoftaxincludingportionattributabletononcontrollinginterest": -291000000,
        "comprehensiveincomenetoftaxattributabletononcontrollinginterest": 121000000,
        "comprehensiveincomenetoftax": -291000000
    },
    {
        "date": "2017-09-29",
        "symbol": "DVN",
        "period": "Q3",
        "oilandgassalesrevenue": 1245000000,
        "gainlossonoilandgashedgingactivity": -144000000,
        "gasgatheringtransportationmarketingandprocessingrevenue": 2055000000,
        "gainlossondispositionofassets1": -11000000,
        "revenues": 3156000000,
        "leaseoperatingexpense": 391000000,
        "gasgatheringtransportationmarketingandprocessingcosts": 1813000000,
        "generalandadministrativeexpense": 153000000,
        "taxesexcludingincomeandexcisetaxes": 71000000,
        "depreciationdepletionandamortization": 142000000,
        "otheroperatingincomeexpensenet": 0,
        "costsandexpenses": 2830000000,
        "operatingincomeloss": 326000000,
        "othernonoperatingincomeexpense": 73000000,
        "incomelossfromcontinuingoperationsbeforeincometaxesminorityinterestandincomelossfromequitymethodinvestments": 20000000,
        "incometaxexpensebenefit": 2000000,
        "profitloss": 18000000,
        "netincomelossattributabletononcontrollinginterest": 19000000,
        "netincomeloss": -1000000,
        "earningspersharebasic": 0.4299999999999997,
        "earningspersharediluted": 0.43999999999999995,
        "othercomprehensiveincomelossforeigncurrencytransactionandtranslationadjustmentnetoftax": 1000000,
        "othercomprehensiveincomelosspensionandotherpostretirementbenefitplansadjustmentnetoftax": -5000000,
        "othercomprehensiveincomelossnetoftax": 6000000,
        "comprehensiveincomenetoftaxincludingportionattributabletononcontrollinginterest": 253000000,
        "comprehensiveincomenetoftaxattributabletononcontrollinginterest": 19000000,
        "comprehensiveincomenetoftax": 234000000
    },
    {
        "date": "2017-06-29",
        "symbol": "DVN",
        "period": "Q2",
        "oilandgassalesrevenue": 1206000000,
        "gainlossonoilandgashedgingactivity": 126000000,
        "gasgatheringtransportationmarketingandprocessingrevenue": 1927000000,
        "gainlossondispositionofassets1": 14000000,
        "revenues": 3273000000,
        "leaseoperatingexpense": 399000000,
        "gasgatheringtransportationmarketingandprocessingcosts": 1703000000,
        "generalandadministrativeexpense": 164000000,
        "taxesexcludingincomeandexcisetaxes": 71000000,
        "depreciationdepletionandamortization": 137000000,
        "otheroperatingincomeexpensenet": -13000000,
        "costsandexpenses": 2731000000,
        "operatingincomeloss": 542000000,
        "interestincomeexpensenonoperatingnet": -116000000,
        "othernonoperatingincomeexpense": 32000000,
        "incomelossfromcontinuingoperationsbeforeincometaxesminorityinterestandincomelossfromequitymethodinvestments": 37000000,
        "incometaxexpensebenefit": 4000000,
        "profitloss": 33000000,
        "netincomelossattributabletononcontrollinginterest": 26000000,
        "netincomeloss": 7000000,
        "earningspersharebasic": 0.81,
        "earningspersharediluted": 0.8,
        "othercomprehensiveincomelossforeigncurrencytransactionandtranslationadjustmentnetoftax": 2000000,
        "othercomprehensiveincomelosspensionandotherpostretirementbenefitplansadjustmentnetoftax": -4000000,
        "othercomprehensiveincomeothernetoftax": -2000000,
        "othercomprehensiveincomelossnetoftax": 4000000,
        "comprehensiveincomenetoftaxincludingportionattributabletononcontrollinginterest": 455000000,
        "comprehensiveincomenetoftaxattributabletononcontrollinginterest": 26000000,
        "comprehensiveincomenetoftax": 429000000
    },
    {
        "date": "2017-03-30",
        "symbol": "DVN",
        "period": "Q1",
        "oilandgassalesrevenue": 1309000000,
        "gainlossonoilandgashedgingactivity": 232000000,
        "gasgatheringtransportationmarketingandprocessingrevenue": 2010000000,
        "gainlossondispositionofassets1": -4000000,
        "revenues": 3547000000,
        "leaseoperatingexpense": 386000000,
        "gasgatheringtransportationmarketingandprocessingcosts": 1803000000,
        "generalandadministrativeexpense": 181000000,
        "taxesexcludingincomeandexcisetaxes": 85000000,
        "depreciationdepletionandamortization": 128000000,
        "assetimpairmentcharges": 7000000,
        "otheroperatingincomeexpensenet": 2000000,
        "costsandexpenses": 2841000000,
        "operatingincomeloss": 706000000,
        "financingcostsnet": 127000000,
        "othernonoperatingincomeexpense": 19000000,
        "incomelossfromcontinuingoperationsbeforeincometaxesminorityinterestandincomelossfromequitymethodinvestments": 12000000,
        "incometaxexpensebenefit": 3000000,
        "profitloss": 9000000,
        "netincomelossattributabletononcontrollinginterest": 14000000,
        "netincomeloss": -5000000,
        "earningspersharebasic": 1.08,
        "earningspersharediluted": 1.07,
        "othercomprehensiveincomelossforeigncurrencytransactionandtranslationadjustmentnetoftax": -2000000,
        "othercomprehensiveincomelosspensionandotherpostretirementbenefitplansadjustmentnetoftax": -5000000,
        "othercomprehensiveincomelossnetoftax": 3000000,
        "comprehensiveincomenetoftaxincludingportionattributabletononcontrollinginterest": 582000000,
        "comprehensiveincomenetoftaxattributabletononcontrollinginterest": 14000000,
        "comprehensiveincomenetoftax": 568000000
    },
    {
        "date": "2016-09-29",
        "symbol": "DVN",
        "period": "Q3",
        "oilandgassalesrevenue": 1113000000,
        "gainlossonoilandgashedgingactivity": 79000000,
        "gasgatheringtransportationmarketingandprocessingrevenue": 1690000000,
        "gainlossondispositionofassets1": 1351000000,
        "revenues": 4233000000,
        "leaseoperatingexpense": 355000000,
        "gasgatheringtransportationmarketingandprocessingcosts": 1480000000,
        "generalandadministrativeexpense": 141000000,
        "taxesexcludingincomeandexcisetaxes": 67000000,
        "depreciationdepletionandamortization": 126000000,
        "assetimpairmentcharges": 2000000,
        "restructuringcharges": 5000000,
        "othercostandexpenseoperating": 17000000,
        "costsandexpenses": 2768000000,
        "operatingincomeloss": 1465000000,
        "financingcostsnet": 243000000,
        "othernonoperatingincomeexpense": -44000000,
        "incomelossfromcontinuingoperationsbeforeincometaxesminorityinterestandincomelossfromequitymethodinvestments": 19000000,
        "incometaxexpensebenefit": 7000000,
        "profitloss": 12000000,
        "netincomelossattributabletononcontrollinginterest": 14000000,
        "netincomeloss": -2000000,
        "earningspersharebasic": 1.9,
        "earningspersharediluted": 1.89,
        "othercomprehensiveincomelossforeigncurrencytransactionandtranslationadjustmentnetoftax": 2000000,
        "othercomprehensiveincomelosspensionandotherpostretirementbenefitplansadjustmentnetoftax": -11000000,
        "othercomprehensiveincomelossnetoftax": 13000000,
        "comprehensiveincomenetoftaxincludingportionattributabletononcontrollinginterest": 1020000000,
        "comprehensiveincomenetoftaxattributabletononcontrollinginterest": 14000000,
        "comprehensiveincomenetoftax": 1006000000
    },
    {
        "date": "2016-06-29",
        "symbol": "DVN",
        "period": "Q2",
        "oilandgassalesrevenue": 1085000000,
        "gainlossonoilandgashedgingactivity": -142000000,
        "gasgatheringtransportationmarketingandprocessingrevenue": 1545000000,
        "revenues": -176000000,
        "leaseoperatingexpense": 416000000,
        "gasgatheringtransportationmarketingandprocessingcosts": 1338000000,
        "generalandadministrativeexpense": 147000000,
        "taxesexcludingincomeandexcisetaxes": 75000000,
        "depreciationdepletionandamortization": 125000000,
        "assetimpairmentcharges": 612000000,
        "restructuringcharges": 1000000,
        "othercostandexpenseoperating": 4000000,
        "costsandexpenses": 3985000000,
        "operatingincomeloss": -1497000000,
        "financingcostsnet": 163000000,
        "othernonoperatingincomeexpense": -85000000,
        "incomelossfromcontinuingoperationsbeforeincometaxesminorityinterestandincomelossfromequitymethodinvestments": -1000000,
        "incometaxexpensebenefit": -2000000,
        "profitloss": 1000000,
        "netincomelossattributabletononcontrollinginterest": 6000000,
        "netincomeloss": -5000000,
        "earningspersharebasic": -3.04,
        "earningspersharediluted": -3.04,
        "othercomprehensiveincomelossforeigncurrencytransactionandtranslationadjustmentnetoftax": 3000000,
        "othercomprehensiveincomelosspensionandotherpostretirementbenefitplansadjustmentnetoftax": -5000000,
        "othercomprehensiveincomelossnetoftax": 8000000,
        "comprehensiveincomenetoftaxincludingportionattributabletononcontrollinginterest": -1555000000,
        "comprehensiveincomenetoftaxattributabletononcontrollinginterest": 7000000,
        "comprehensiveincomenetoftax": -1562000000
    },
    {
        "date": "2016-03-30",
        "symbol": "DVN",
        "period": "Q1",
        "oilandgassalesrevenue": 825000000,
        "gainlossonoilandgashedgingactivity": 33000000,
        "gasgatheringtransportationmarketingandprocessingrevenue": 1268000000,
        "revenues": 183000000,
        "leaseoperatingexpense": 444000000,
        "gasgatheringtransportationmarketingandprocessingcosts": 1066000000,
        "generalandadministrativeexpense": 194000000,
        "taxesexcludingincomeandexcisetaxes": 78000000,
        "depreciationdepletionandamortization": 311000000,
        "assetimpairmentcharges": 1608000000,
        "restructuringcharges": 236000000,
        "othercostandexpenseoperating": 20000000,
        "costsandexpenses": 5626000000,
        "operatingincomeloss": -3500000000,
        "financingcostsnet": 164000000,
        "othernonoperatingincomeexpense": -21000000,
        "incomelossfromcontinuingoperationsbeforeincometaxesminorityinterestandincomelossfromequitymethodinvestments": -2065000000,
        "incometaxexpensebenefit": -5000000,
        "profitloss": -3056000000,
        "netincomelossattributabletononcontrollinginterest": -412000000,
        "netincomeloss": -2060000000,
        "earningspersharebasic": -6.44,
        "earningspersharediluted": -6.44,
        "othercomprehensiveincomelossforeigncurrencytransactionandtranslationadjustmentnetoftax": 23000000,
        "othercomprehensiveincomelosspensionandotherpostretirementbenefitplansadjustmentnetoftax": -4000000,
        "othercomprehensiveincomelossnetoftax": 27000000,
        "comprehensiveincomenetoftaxincludingportionattributabletononcontrollinginterest": -3441000000,
        "comprehensiveincomenetoftaxattributabletononcontrollinginterest": -412000000,
        "comprehensiveincomenetoftax": -3029000000
    },
    {
        "date": "2015-09-29",
        "symbol": "DVN",
        "period": "Q3",
        "oilandgassalesrevenue": 1338000000,
        "gainlossonoilandgashedgingactivity": 414000000,
        "gasgatheringtransportationmarketingandprocessingrevenue": 1849000000,
        "revenues": 172000000,
        "leaseoperatingexpense": 510000000,
        "gasgatheringtransportationmarketingandprocessingcosts": 1637000000,
        "generalandadministrativeexpense": 198000000,
        "taxesexcludingincomeandexcisetaxes": 91000000,
        "depreciationdepletionandamortization": 100000000,
        "assetimpairmentcharges": 799000000,
        "gainlossondispositionofassets1": -3000000,
        "othercostandexpenseoperating": 11000000,
        "costsandexpenses": 9045000000,
        "operatingincomeloss": -5444000000,
        "financingcostsnet": 136000000,
        "othernonoperatingincomeexpense": -43000000,
        "incomelossfromcontinuingoperationsbeforeincometaxesminorityinterestandincomelossfromequitymethodinvestments": -758000000,
        "incometaxexpensebenefit": 7000000,
        "profitloss": -3909000000,
        "netincomelossattributabletononcontrollinginterest": -402000000,
        "netincomeloss": -363000000,
        "earningspersharebasic": -8.64,
        "earningspersharediluted": -8.64,
        "othercomprehensiveincomelossforeigncurrencytransactionandtranslationadjustmentnetoftax": -212000000,
        "othercomprehensiveincomelosspensionandotherpostretirementbenefitplansadjustmentnetoftax": -5000000,
        "othercomprehensiveincomelossnetoftax": -207000000,
        "comprehensiveincomenetoftaxincludingportionattributabletononcontrollinginterest": -4116000000,
        "comprehensiveincomenetoftaxattributabletononcontrollinginterest": -402000000,
        "comprehensiveincomenetoftax": -3714000000
    },
    {
        "date": "2015-06-29",
        "symbol": "DVN",
        "period": "Q2",
        "oilandgassalesrevenue": 1587000000,
        "gainlossonoilandgashedgingactivity": -282000000,
        "gasgatheringtransportationmarketingandprocessingrevenue": 2088000000,
        "revenues": 171000000,
        "leaseoperatingexpense": 562000000,
        "gasgatheringtransportationmarketingandprocessingcosts": 1863000000,
        "generalandadministrativeexpense": 212000000,
        "taxesexcludingincomeandexcisetaxes": 116000000,
        "depreciationdepletionandamortization": 98000000,
        "assetimpairmentcharges": 4168000000,
        "gainlossondispositionofassets1": 1000000,
        "othercostandexpenseoperating": 22000000,
        "costsandexpenses": 7756000000,
        "operatingincomeloss": -4363000000,
        "financingcostsnet": 125000000,
        "othernonoperatingincomeexpense": 9000000,
        "incomelossfromcontinuingoperationsbeforeincometaxesminorityinterestandincomelossfromequitymethodinvestments": 55000000,
        "incometaxexpensebenefit": 10000000,
        "profitloss": -2793000000,
        "netincomelossattributabletononcontrollinginterest": 22000000,
        "netincomeloss": 23000000,
        "earningspersharebasic": -6.94,
        "earningspersharediluted": -6.94,
        "othercomprehensiveincomelossforeigncurrencytransactionandtranslationadjustmentnetoftax": 44000000,
        "othercomprehensiveincomelosspensionandotherpostretirementbenefitplansadjustmentnetoftax": -3000000,
        "othercomprehensiveincomelossnetoftax": 47000000,
        "comprehensiveincomenetoftaxincludingportionattributabletononcontrollinginterest": -2746000000,
        "comprehensiveincomenetoftaxattributabletononcontrollinginterest": 23000000,
        "comprehensiveincomenetoftax": -2769000000
    },
    {
        "date": "2015-03-30",
        "symbol": "DVN",
        "period": "Q1",
        "oilandgassalesrevenue": 1339000000,
        "gainlossonoilandgashedgingactivity": 294000000,
        "gasgatheringtransportationmarketingandprocessingrevenue": 1632000000,
        "revenues": -156000000,
        "leaseoperatingexpense": 553000000,
        "gasgatheringtransportationmarketingandprocessingcosts": 1439000000,
        "generalandadministrativeexpense": 251000000,
        "taxesexcludingincomeandexcisetaxes": 108000000,
        "depreciationdepletionandamortization": 90000000,
        "assetimpairmentcharges": 2000000,
        "othercostandexpenseoperating": 19000000,
        "costsandexpenses": 8760000000,
        "operatingincomeloss": -5495000000,
        "financingcostsnet": 117000000,
        "othernonoperatingincomeexpense": -12000000,
        "incomelossfromcontinuingoperationsbeforeincometaxesminorityinterestandincomelossfromequitymethodinvestments": 35000000,
        "incometaxexpensebenefit": 11000000,
        "profitloss": -3599000000,
        "netincomelossattributabletononcontrollinginterest": 10000000,
        "netincomeloss": 14000000,
        "earningspersharebasic": -8.88,
        "earningspersharediluted": -8.88,
        "othercomprehensiveincomelossforeigncurrencytransactionandtranslationadjustmentnetoftax": -302000000,
        "othercomprehensiveincomelosspensionandotherpostretirementbenefitplansadjustmentnetoftax": -4000000,
        "othercomprehensiveincomelossnetoftax": -298000000,
        "comprehensiveincomenetoftaxincludingportionattributabletononcontrollinginterest": -3887000000,
        "comprehensiveincomenetoftaxattributabletononcontrollinginterest": 10000000,
        "comprehensiveincomenetoftax": -3897000000
    },
    {
        "date": "2014-09-29",
        "symbol": "DVN",
        "period": "Q3",
        "oilandgassalesrevenue": 2588000000,
        "gainlossonoilandgashedgingactivity": 748000000,
        "gasgatheringtransportationmarketingandprocessingrevenue": 2000000000,
        "revenues": -199000000,
        "leaseoperatingexpense": 584000000,
        "gasgatheringtransportationmarketingandprocessingcosts": 1781000000,
        "generalandadministrativeexpense": 195000000,
        "taxesexcludingincomeandexcisetaxes": 140000000,
        "depreciationdepletionandamortization": 74000000,
        "restructuringcharges": 2000000,
        "othercostandexpenseoperating": 33000000,
        "operatingincomeloss": 312000000,
        "financingcostsnet": 116000000,
        "othernonoperatingincomeexpense": -4000000,
        "incomelossfromcontinuingoperationsbeforeincometaxesminorityinterestandincomelossfromequitymethodinvestments": 84000000,
        "incometaxexpensebenefit": -211000000,
        "profitloss": 1626000000,
        "netincomelossattributabletononcontrollinginterest": 35000000,
        "netincomeloss": 41000000,
        "earningspersharebasic": 2.49,
        "earningspersharediluted": 2.4800000000000004,
        "comprehensiveincomenetoftax": 734000000
    },
    {
        "date": "2014-06-29",
        "symbol": "DVN",
        "period": "Q2",
        "oilandgassalesrevenue": 2679000000,
        "gainlossonoilandgashedgingactivity": -399000000,
        "gasgatheringtransportationmarketingandprocessingrevenue": 2230000000,
        "revenues": -175000000,
        "leaseoperatingexpense": 582000000,
        "gasgatheringtransportationmarketingandprocessingcosts": 2006000000,
        "generalandadministrativeexpense": 189000000,
        "taxesexcludingincomeandexcisetaxes": 150000000,
        "depreciationdepletionandamortization": 74000000,
        "restructuringcharges": 5000000,
        "gainlossondispositionofassets1": 1057000000,
        "othercostandexpenseoperating": 33000000,
        "operatingexpenses": 312000000,
        "operatingincomeloss": 274000000,
        "financingcostsnet": 131000000,
        "othernonoperatingincomeexpense": -89000000,
        "incomelossfromcontinuingoperationsbeforeincometaxesminorityinterestandincomelossfromequitymethodinvestments": 83000000,
        "incometaxexpensebenefit": 247000000,
        "profitloss": 65000000,
        "netincomelossattributabletononcontrollinginterest": 24000000,
        "netincomeloss": 41000000,
        "earningspersharebasic": 1.65,
        "earningspersharediluted": 1.64,
        "othercomprehensiveincomelossforeigncurrencytransactionandtranslationadjustmentnetoftax": 292000000,
        "othercomprehensiveincomelosspensionandotherpostretirementbenefitplansadjustmentnetoftax": -5000000,
        "othercomprehensiveincomelossnetoftax": 297000000,
        "comprehensiveincomenetoftaxincludingportionattributabletononcontrollinginterest": 997000000,
        "comprehensiveincomenetoftaxattributabletononcontrollinginterest": 25000000,
        "comprehensiveincomenetoftax": 972000000
    },
    {
        "date": "2014-03-30",
        "symbol": "DVN",
        "period": "Q1",
        "oilandgassalesrevenue": 2557000000,
        "gainlossonoilandgashedgingactivity": -320000000,
        "gasgatheringtransportationmarketingandprocessingrevenue": 1488000000,
        "revenues": -298000000,
        "leaseoperatingexpense": 598000000,
        "gasgatheringtransportationmarketingandprocessingcosts": 1305000000,
        "generalandadministrativeexpense": 211000000,
        "taxesexcludingincomeandexcisetaxes": 137000000,
        "depreciationdepletionandamortization": 48000000,
        "restructuringcharges": 37000000,
        "othercostandexpenseoperating": 8000000,
        "operatingexpenses": 74000000,
        "operatingincomeloss": 80000000,
        "financingcostsnet": 112000000,
        "othernonoperatingincomeexpense": -18000000,
        "incomelossfromcontinuingoperationsbeforeincometaxesminorityinterestandincomelossfromequitymethodinvestments": 72000000,
        "incometaxexpensebenefit": 24000000,
        "profitloss": 324000000,
        "netincomelossattributabletononcontrollinginterest": -5000000,
        "netincomeloss": 43000000,
        "earningspersharebasic": 0.8,
        "earningspersharediluted": 0.79,
        "othercomprehensiveincomeforeigncurrencytransactionandtranslationadjustmentnetoftaxportionattributabletoparent": -298000000,
        "othercomprehensiveincomedefinedbenefitplansadjustmentnetoftaxportionattributabletoparent": -3000000,
        "othercomprehensiveincomelossnetoftaxportionattributabletoparent": -295000000,
        "comprehensiveincomenetoftax": 34000000
    },
    {
        "date": "2013-09-29",
        "symbol": "DVN",
        "period": "Q3",
        "oilandgassalesrevenue": 1573000000,
        "gainlossonoilandgashedgingactivity": -153000000,
        "gasgatheringtransportationmarketingandprocessingrevenue": 509000000,
        "revenues": 2720000000,
        "leaseoperatingexpense": 600000000,
        "gasgatheringtransportationmarketingandprocessingcosts": 383000000,
        "depreciationdepletionandamortization": 492000000,
        "generalandadministrativeexpense": 143000000,
        "taxesexcludingincomeandexcisetaxes": 115000000,
        "interestexpense": 94000000,
        "restructuringcharges": 4000000,
        "assetimpairmentcharges": 7000000,
        "othernonoperatingincomeexpense": -34000000,
        "costsandexpenses": 2081000000,
        "incomelossfromcontinuingoperationsbeforeincometaxesminorityinterestandincomelossfromequitymethodinvestments": 410000000,
        "currentincometaxexpensebenefit": -50000000,
        "deferredincometaxexpensebenefit": 260000000,
        "incomelossfromcontinuingoperations": 250000000,
        "netincomeloss": 429000000,
        "incomelossfromcontinuingoperationsperbasicshare": 1.06,
        "earningspersharebasic": 1.06,
        "incomelossfromcontinuingoperationsperdilutedshare": 1.05,
        "earningspersharediluted": 1.05,
        "othercomprehensiveincomeforeigncurrencytransactionandtranslationadjustmentnetoftaxportionattributabletoparent": 173000000,
        "othercomprehensiveincomedefinedbenefitplansadjustmentnetoftaxportionattributabletoparent": -3000000,
        "othercomprehensiveincomelossnetoftaxportionattributabletoparent": 176000000,
        "comprehensiveincomenetoftax": 605000000
    },
    {
        "date": "2013-06-29",
        "symbol": "DVN",
        "period": "Q2",
        "oilandgassalesrevenue": 1514000000,
        "gainlossonoilandgashedgingactivity": 366000000,
        "gasgatheringtransportationmarketingandprocessingrevenue": 489000000,
        "revenues": 3091000000,
        "leaseoperatingexpense": 559000000,
        "gasgatheringtransportationmarketingandprocessingcosts": 382000000,
        "depreciationdepletionandamortization": 465000000,
        "generalandadministrativeexpense": 167000000,
        "taxesexcludingincomeandexcisetaxes": 125000000,
        "interestexpense": 94000000,
        "restructuringcharges": 8000000,
        "assetimpairmentcharges": 40000000,
        "othernonoperatingincomeexpense": -31000000,
        "costsandexpenses": 2094000000,
        "incomelossfromcontinuingoperationsbeforeincometaxesminorityinterestandincomelossfromequitymethodinvestments": 885000000,
        "currentincometaxexpensebenefit": 100000000,
        "deferredincometaxexpensebenefit": 182000000,
        "incomelossfromcontinuingoperations": 591000000,
        "netincomeloss": 683000000,
        "incomelossfromcontinuingoperationsperbasicshare": 1.69,
        "earningspersharebasic": 1.69,
        "incomelossfromcontinuingoperationsperdilutedshare": 1.68,
        "earningspersharediluted": 1.68,
        "othercomprehensiveincomeforeigncurrencytransactionandtranslationadjustmentnetoftaxportionattributabletoparent": -271000000,
        "othercomprehensiveincomedefinedbenefitplansadjustmentnetoftaxportionattributabletoparent": -5000000,
        "othercomprehensiveincomelossnetoftaxportionattributabletoparent": -266000000,
        "comprehensiveincomenetoftax": 417000000
    },
    {
        "date": "2013-03-30",
        "symbol": "DVN",
        "period": "Q1",
        "oilandgassalesrevenue": 1290000000,
        "gainlossonoilandgashedgingactivity": -295000000,
        "gasgatheringtransportationmarketingandprocessingrevenue": 438000000,
        "revenues": 1972000000,
        "leaseoperatingexpense": 525000000,
        "gasgatheringtransportationmarketingandprocessingcosts": 363000000,
        "depreciationdepletionandamortization": 469000000,
        "generalandadministrativeexpense": 150000000,
        "taxesexcludingincomeandexcisetaxes": 113000000,
        "interestexpense": 96000000,
        "restructuringcharges": 23000000,
        "assetimpairmentcharges": 1110000000,
        "othernonoperatingincomeexpense": -18000000,
        "costsandexpenses": 3934000000,
        "incomelossfromcontinuingoperationsbeforeincometaxesminorityinterestandincomelossfromequitymethodinvestments": -1087000000,
        "deferredincometaxexpensebenefit": -623000000,
        "incomelossfromcontinuingoperations": -692000000,
        "netincomeloss": -1339000000,
        "incomelossfromcontinuingoperationsperbasicshare": -3.34,
        "earningspersharebasic": -3.34,
        "incomelossfromcontinuingoperationsperdilutedshare": -3.34,
        "earningspersharediluted": -3.34,
        "othercomprehensiveincomeforeigncurrencytransactionandtranslationadjustmentnetoftaxportionattributabletoparent": -183000000,
        "othercomprehensiveincomedefinedbenefitplansadjustmentnetoftaxportionattributabletoparent": -4000000,
        "othercomprehensiveincomelossnetoftaxportionattributabletoparent": -179000000,
        "comprehensiveincomenetoftax": -1518000000
    },
    {
        "date": "2012-09-29",
        "symbol": "DVN",
        "period": "Q3",
        "oilandgassalesrevenue": 594000000,
        "gainlossonoilandgashedgingactivity": -815000000,
        "gasgatheringtransportationmarketingandprocessingrevenue": 7000000,
        "revenues": 1865000000,
        "leaseoperatingexpense": 513000000,
        "gasgatheringtransportationmarketingandprocessingcosts": 313000000,
        "depletionofoilandgasproperties": 238000000,
        "generalandadministrativeexpense": 150000000,
        "taxesexcludingincomeandexcisetaxes": 104000000,
        "interestexpense": 16000000,
        "othernonoperatingincomeexpense": 8000000,
        "costsandexpenses": 3026000000,
        "incomelossfromcontinuingoperationsbeforeincometaxesminorityinterestandincomelossfromequitymethodinvestments": 8000000,
        "currentincometaxexpensebenefit": -41000000,
        "deferredincometaxexpensebenefit": -401000000,
        "incomelossfromcontinuingoperations": -719000000,
        "netincomeloss": -719000000,
        "incomelossfromcontinuingoperationsperbasicshare": -1.7800000000000002,
        "incomelossfromdiscontinuedoperationsnetoftaxperbasicshare": 0,
        "earningspersharebasic": -1.7799999999999998,
        "incomelossfromcontinuingoperationsperdilutedshare": -1.7800000000000002,
        "incomelossfromdiscontinuedoperationsnetoftaxperdilutedshare": 0,
        "earningspersharediluted": -1.7799999999999998,
        "othercomprehensiveincomeforeigncurrencytransactionandtranslationadjustmentnetoftaxportionattributabletoparent": 311000000,
        "othercomprehensiveincomedefinedbenefitplansadjustmentnetoftaxportionattributabletoparent": -3000000,
        "othercomprehensiveincomelossnetoftaxportionattributabletoparent": 314000000,
        "comprehensiveincomenetoftax": -405000000
    },
    {
        "date": "2012-06-29",
        "symbol": "DVN",
        "period": "Q2",
        "oilandgassalesrevenue": 603000000,
        "gainlossonoilandgashedgingactivity": 665000000,
        "gasgatheringtransportationmarketingandprocessingrevenue": 27000000,
        "revenues": 2559000000,
        "leaseoperatingexpense": 513000000,
        "gasgatheringtransportationmarketingandprocessingcosts": 209000000,
        "depletionofoilandgasproperties": 245000000,
        "generalandadministrativeexpense": 176000000,
        "taxesexcludingincomeandexcisetaxes": 100000000,
        "interestexpense": 15000000,
        "othernonoperatingincomeexpense": -44000000,
        "costsandexpenses": 1825000000,
        "incomelossfromcontinuingoperationsbeforeincometaxesminorityinterestandincomelossfromequitymethodinvestments": 7000000,
        "currentincometaxexpensebenefit": 31000000,
        "deferredincometaxexpensebenefit": 226000000,
        "incomelossfromcontinuingoperations": 477000000,
        "incomelossfromdiscontinuedoperationsnetoftaxattributabletoreportingentity": 0,
        "netincomeloss": 477000000,
        "incomelossfromcontinuingoperationsperbasicshare": 1.1700000000000002,
        "incomelossfromdiscontinuedoperationsnetoftaxperbasicshare": 0.009999999999999995,
        "earningspersharebasic": 1.18,
        "incomelossfromcontinuingoperationsperdilutedshare": 1.1700000000000002,
        "incomelossfromdiscontinuedoperationsnetoftaxperdilutedshare": 0.009999999999999995,
        "earningspersharediluted": 1.18,
        "othercomprehensiveincomeforeigncurrencytransactionandtranslationadjustmentnetoftaxportionattributabletoparent": -171000000,
        "othercomprehensiveincomedefinedbenefitplansadjustmentnetoftaxportionattributabletoparent": -5000000,
        "othercomprehensiveincomelossnetoftaxportionattributabletoparent": -166000000,
        "comprehensiveincomenetoftax": 311000000
    },
    {
        "date": "2012-03-30",
        "symbol": "DVN",
        "period": "Q1",
        "oilandgassalesrevenue": 679000000,
        "gainlossonoilandgashedgingactivity": 145000000,
        "gasgatheringtransportationmarketingandprocessingrevenue": 38000000,
        "revenues": 2497000000,
        "leaseoperatingexpense": 514000000,
        "gasgatheringtransportationmarketingandprocessingcosts": 325000000,
        "depletionofoilandgasproperties": 249000000,
        "generalandadministrativeexpense": 168000000,
        "taxesexcludingincomeandexcisetaxes": 102000000,
        "interestexpense": 16000000,
        "othernonoperatingincomeexpense": -10000000,
        "costsandexpenses": 1886000000,
        "incomelossfromcontinuingoperationsbeforeincometaxesminorityinterestandincomelossfromequitymethodinvestments": 78000000,
        "currentincometaxexpensebenefit": 18000000,
        "deferredincometaxexpensebenefit": 179000000,
        "incomelossfromcontinuingoperations": 414000000,
        "incomelossfromdiscontinuedoperationsnetoftaxattributabletoreportingentity": -21000000,
        "netincomeloss": 393000000,
        "incomelossfromcontinuingoperationsperbasicshare": 1.03,
        "incomelossfromdiscontinuedoperationsnetoftaxperbasicshare": -0.06,
        "earningspersharebasic": 0.97,
        "incomelossfromcontinuingoperationsperdilutedshare": 1.03,
        "incomelossfromdiscontinuedoperationsnetoftaxperdilutedshare": -0.06,
        "earningspersharediluted": 0.97,
        "othercomprehensiveincomeforeigncurrencytransactionandtranslationadjustmentnetoftaxportionattributabletoparent": 152000000,
        "othercomprehensiveincomedefinedbenefitplansadjustmentnetoftaxportionattributabletoparent": -4000000,
        "othercomprehensiveincomelossnetoftaxportionattributabletoparent": 156000000,
        "comprehensiveincomenetoftax": 549000000
    },
    {
        "date": "2011-09-29",
        "symbol": "DVN",
        "period": "Q3",
        "oilandgassalesrevenue": 1406000000,
        "gasgatheringtransportationmarketingandprocessingrevenue": 586000000,
        "revenues": 2730000000,
        "leaseoperatingexpense": 236000000,
        "taxesexcludingincomeandexcisetaxes": 96000000,
        "gasgatheringtransportationmarketingandprocessingcosts": 457000000,
        "depletionofoilandgasproperties": 302000000,
        "otherdepreciationandamortization": 57000000,
        "assetretirementobligationaccretionexpense": 9000000,
        "generalandadministrativeexpense": 99000000,
        "restructuringcostscontinuingoperations": -3000000,
        "interestrateandotherfinancialinstruments": 23000000,
        "othernonoperatingincomeexpense": -15000000,
        "costsandexpenses": 1351000000,
        "incomelossfromcontinuingoperationsbeforeincometaxesminorityinterestandincomelossfromequitymethodinvestments": 1379000000,
        "currentincometaxexpensebenefit": -240000000,
        "deferredincometaxexpensebenefit": 698000000,
        "incometaxexpensebenefit": 458000000,
        "incomelossfromcontinuingoperations": 1040000000,
        "discontinuedoperationincomelossfromdiscontinuedoperationbeforeincometax": -4000000,
        "incomelossfromdiscontinuedoperationsnetoftaxattributabletoreportingentity": -2000000,
        "netincomeloss": 1038000000,
        "incomelossfromcontinuingoperationsperbasicshare": 2.48,
        "incomelossfromdiscontinuedoperationsnetoftaxperbasicshare": 0.020000000000000073,
        "earningspersharebasic": 2.500000000000001,
        "incomelossfromcontinuingoperationsperdilutedshare": 2.4799999999999995,
        "incomelossfromdiscontinuedoperationsnetoftaxperdilutedshare": 4.996003610813204e-16,
        "earningspersharediluted": 2.4799999999999995,
        "othercomprehensiveincomeforeigncurrencytransactionandtranslationadjustmentbeforetaxportionattributabletoparent": -644000000,
        "othercomprehensiveincomeforeigncurrencytranslationadjustmenttaxportionattributabletoparent": -29000000,
        "othercomprehensiveincomeforeigncurrencytransactionandtranslationadjustmentnetoftaxportionattributabletoparent": -615000000,
        "othercomprehensiveincomeamortizationofdefinedbenefitplannetpriorservicecostcreditrecognizedinnetperiodicbenefitcostbeforetax": 9000000,
        "othercomprehensiveincomedefinedbenefitplanstaxportionattributabletoparent": -3000000,
        "othercomprehensiveincomedefinedbenefitplansadjustmentnetoftaxportionattributabletoparent": -6000000,
        "othercomprehensiveincomelossnetoftaxportionattributabletoparent": -609000000,
        "comprehensiveincomenetoftax": 429000000
    },
    {
        "date": "2011-06-29",
        "symbol": "DVN",
        "period": "Q2",
        "oilandgassalesrevenue": 1438000000,
        "gainlossonoilandgashedgingactivity": 416000000,
        "gasgatheringtransportationmarketingandprocessingrevenue": 554000000,
        "revenues": 2408000000,
        "leaseoperatingexpense": 224000000,
        "taxesexcludingincomeandexcisetaxes": 107000000,
        "gasgatheringtransportationmarketingandprocessingcosts": 413000000,
        "depletionofoilandgasproperties": 291000000,
        "otherdepreciationandamortization": 59000000,
        "assetretirementobligationaccretionexpense": 8000000,
        "generalandadministrativeexpense": 94000000,
        "restructuringcostscontinuingoperations": 6000000,
        "interestexpense": 40000000,
        "interestrateandotherfinancialinstruments": 25000000,
        "othernonoperatingincomeexpense": 7000000,
        "costsandexpenses": 1260000000,
        "incomelossfromcontinuingoperationsbeforeincometaxesminorityinterestandincomelossfromequitymethodinvestments": 1148000000,
        "currentincometaxexpensebenefit": 35000000,
        "deferredincometaxexpensebenefit": 1100000000,
        "incometaxexpensebenefit": 1135000000,
        "incomelossfromcontinuingoperations": 184000000,
        "discontinuedoperationincomelossfromdiscontinuedoperationbeforeincometax": 2558000000,
        "discontinuedoperationtaxeffectofdiscontinuedoperation": -1000000,
        "incomelossfromdiscontinuedoperationsnetoftaxattributabletoreportingentity": 2559000000,
        "netincomeloss": 2743000000,
        "incomelossfromcontinuingoperationsperbasicshare": 0.44,
        "incomelossfromdiscontinuedoperationsnetoftaxperbasicshare": 6.06,
        "earningspersharebasic": 6.5,
        "incomelossfromcontinuingoperationsperdilutedshare": 0.43,
        "incomelossfromdiscontinuedoperationsnetoftaxperdilutedshare": 6.05,
        "earningspersharediluted": 6.48,
        "othercomprehensiveincomeforeigncurrencytransactionandtranslationadjustmentbeforetaxportionattributabletoparent": 67000000,
        "othercomprehensiveincomeforeigncurrencytranslationadjustmenttaxportionattributabletoparent": 2000000,
        "othercomprehensiveincomeforeigncurrencytransactionandtranslationadjustmentnetoftaxportionattributabletoparent": 65000000,
        "othercomprehensiveincomeamortizationofdefinedbenefitplannetpriorservicecostcreditrecognizedinnetperiodicbenefitcostbeforetax": 8000000,
        "othercomprehensiveincomedefinedbenefitplanstaxportionattributabletoparent": -3000000,
        "othercomprehensiveincomedefinedbenefitplansadjustmentnetoftaxportionattributabletoparent": -5000000,
        "othercomprehensiveincomelossnetoftaxportionattributabletoparent": 70000000,
        "comprehensiveincomenetoftax": 2813000000
    },
    {
        "date": "2011-03-30",
        "symbol": "DVN",
        "period": "Q1",
        "oilandgassalesrevenue": 1212000000,
        "oilgasandnglderivatives": -168000000,
        "gasgatheringtransportationmarketingandprocessingrevenue": 423000000,
        "revenues": 1467000000,
        "leaseoperatingexpense": 208000000,
        "taxesexcludingincomeandexcisetaxes": 94000000,
        "gasgatheringtransportationmarketingandprocessingcosts": 308000000,
        "depletionofoilandgasproperties": 260000000,
        "otherdepreciationandamortization": 58000000,
        "assetretirementobligationaccretionexpense": 9000000,
        "generalandadministrativeexpense": 91000000,
        "restructuringcostscontinuingoperations": -5000000,
        "interestanddebtexpense": 37000000,
        "interestrateandotherfinancialinstruments": -17000000,
        "othernonoperatingincomeexpense": 14000000,
        "costsandexpenses": 1029000000,
        "incomelossfromcontinuingoperationsbeforeincometaxesminorityinterestandincomelossfromequitymethodinvestments": 438000000,
        "currentincometaxexpensebenefit": -88000000,
        "deferredincometaxexpensebenefit": 243000000,
        "incometaxexpensebenefit": 155000000,
        "incomelossfromcontinuingoperations": 389000000,
        "discontinuedoperationincomelossfromdiscontinuedoperationbeforeincometax": 30000000,
        "discontinuedoperationtaxeffectofdiscontinuedoperation": 3000000,
        "incomelossfromdiscontinuedoperationsnetoftaxattributabletoreportingentity": 27000000,
        "netincomeloss": 416000000,
        "incomelossfromcontinuingoperationsperbasicshare": 0.91,
        "incomelossfromdiscontinuedoperationsnetoftaxperbasicshare": 0.06,
        "earningspersharebasic": 0.97,
        "incomelossfromcontinuingoperationsperdilutedshare": 0.91,
        "incomelossfromdiscontinuedoperationsnetoftaxperdilutedshare": 0.06,
        "earningspersharediluted": 0.97,
        "othercomprehensiveincomeforeigncurrencytransactionandtranslationadjustmentbeforetaxportionattributabletoparent": 195000000,
        "othercomprehensiveincomeforeigncurrencytranslationadjustmenttaxportionattributabletoparent": 10000000,
        "othercomprehensiveincomeforeigncurrencytransactionandtranslationadjustmentnetoftaxportionattributabletoparent": 185000000,
        "othercomprehensiveincomeamortizationofdefinedbenefitplannetpriorservicecostcreditrecognizedinnetperiodicbenefitcostbeforetax": 9000000,
        "othercomprehensiveincomedefinedbenefitplanstaxportionattributabletoparent": -3000000,
        "othercomprehensiveincomedefinedbenefitplansadjustmentnetoftaxportionattributabletoparent": -6000000,
        "othercomprehensiveincomelossnetoftaxportionattributabletoparent": 191000000,
        "comprehensiveincomenetoftax": 607000000
    },
    {
        "date": "2010-09-29",
        "symbol": "DVN",
        "period": "Q3",
        "oilandgassalesrevenue": 1104000000,
        "oilgasandnglderivatives": 214000000,
        "gasgatheringtransportationmarketingandprocessingrevenue": 432000000,
        "revenues": 1750000000,
        "leaseoperatingexpense": 208000000,
        "taxesexcludingincomeandexcisetaxes": 85000000,
        "gasgatheringtransportationmarketingandprocessingcosts": 314000000,
        "depletionofoilandgasproperties": 234000000,
        "otherdepreciationandamortization": 60000000,
        "assetretirementobligationaccretionexpense": 8000000,
        "generalandadministrativeexpense": 97000000,
        "restructuringcostscontinuingoperations": 63000000,
        "interestanddebtexpense": 36000000,
        "interestrateandotherfinancialinstruments": 55000000,
        "othernonoperatingincomeexpense": 7000000,
        "costsandexpenses": 1153000000,
        "incomelossfromcontinuingoperationsbeforeincometaxesminorityinterestandincomelossfromequitymethodinvestments": 597000000,
        "currentincometaxexpensebenefit": -349000000,
        "deferredincometaxexpensebenefit": 590000000,
        "incometaxexpensebenefit": 241000000,
        "incomelossfromcontinuingoperations": 429000000,
        "discontinuedoperationincomelossfromdiscontinuedoperationbeforeincometax": 1710000000,
        "discontinuedoperationtaxeffectofdiscontinuedoperation": 49000000,
        "incomelossfromdiscontinuedoperationsnetoftaxattributabletoreportingentity": 1661000000,
        "netincomeloss": 2090000000,
        "incomelossfromcontinuingoperationsperbasicshare": 0.99,
        "incomelossfromdiscontinuedoperationsnetoftaxperbasicshare": 3.82,
        "earningspersharebasic": 4.81,
        "incomelossfromcontinuingoperationsperdilutedshare": 0.98,
        "incomelossfromdiscontinuedoperationsnetoftaxperdilutedshare": 3.81,
        "earningspersharediluted": 4.79,
        "othercomprehensiveincomeforeigncurrencytransactionandtranslationadjustmentbeforetaxportionattributabletoparent": 223000000,
        "othercomprehensiveincomeforeigncurrencytranslationadjustmenttaxportionattributabletoparent": 12000000,
        "othercomprehensiveincomeforeigncurrencytransactionandtranslationadjustmentnetoftaxportionattributabletoparent": 211000000,
        "othercomprehensiveincomeamortizationofdefinedbenefitplannetpriorservicecostcreditrecognizedinnetperiodicbenefitcostbeforetax": 8000000,
        "othercomprehensiveincomedefinedbenefitplanstaxportionattributabletoparent": -3000000,
        "othercomprehensiveincomedefinedbenefitplansadjustmentnetoftaxportionattributabletoparent": -5000000,
        "othercomprehensiveincomelossnetoftaxportionattributabletoparent": 216000000,
        "comprehensiveincomenetoftax": 2306000000
    },
    {
        "date": "2010-06-29",
        "symbol": "DVN",
        "period": "Q2",
        "oilandgassalesrevenue": 1144000000,
        "netgainlossonoilandgasderivativefinancialinstruments": 32000000,
        "gasgatheringtransportationmarketingandprocessingrevenue": 372000000,
        "revenues": 1548000000,
        "leaseoperatingexpense": 243000000,
        "taxesexcludingincomeandexcisetaxes": 83000000,
        "gasgatheringtransportationmarketingandprocessingcosts": 252000000,
        "depletionofoilandgasproperties": 248000000,
        "otherdepreciationandamortization": 57000000,
        "assetretirementobligationaccretionexpense": 12000000,
        "generalandadministrativeexpense": 98000000,
        "restructuringcostscontinuingoperations": -8000000,
        "interestanddebtexpense": 55000000,
        "changeinfairvalueofotherfinancialinstruments": 81000000,
        "othernonoperatingincomeexpense": 26000000,
        "costsandexpenses": 1095000000,
        "incomelossfromcontinuingoperationsbeforeincometaxesminorityinterestandincomelossfromequitymethodinvestments": 453000000,
        "currentincometaxexpensebenefit": 631000000,
        "deferredincometaxexpensebenefit": -421000000,
        "incometaxexpensebenefit": 210000000,
        "incomelossfromcontinuingoperations": 352000000,
        "discontinuedoperationincomelossfromdiscontinuedoperationbeforeincometax": 473000000,
        "discontinuedoperationtaxeffectofdiscontinuedoperation": 119000000,
        "incomelossfromdiscontinuedoperationsnetoftaxattributabletoreportingentity": 354000000,
        "netincomeloss": 706000000,
        "incomelossfromcontinuingoperationsperbasicshare": 0.79,
        "incomelossfromdiscontinuedoperationsnetoftaxperbasicshare": 0.8,
        "earningspersharebasic": 1.59,
        "incomelossfromcontinuingoperationsperdilutedshare": 0.79,
        "incomelossfromdiscontinuedoperationsnetoftaxperdilutedshare": 0.79,
        "earningspersharediluted": 1.58,
        "othercomprehensiveincomeforeigncurrencytransactionandtranslationadjustmentbeforetaxportionattributabletoparent": -326000000,
        "othercomprehensiveincomeforeigncurrencytranslationadjustmenttaxportionattributabletoparent": -17000000,
        "othercomprehensiveincomeforeigncurrencytransactionandtranslationadjustmentnetoftaxportionattributabletoparent": -309000000,
        "othercomprehensiveincomeamortizationofdefinedbenefitplannetpriorservicecostcreditrecognizedinnetperiodicbenefitcostbeforetax": 8000000,
        "othercomprehensiveincomedefinedbenefitplanstaxportionattributabletoparent": -3000000,
        "othercomprehensiveincomedefinedbenefitplansadjustmentnetoftaxportionattributabletoparent": -5000000,
        "othercomprehensiveincomelossnetoftaxportionattributabletoparent": -304000000,
        "comprehensiveincomenetoftax": 402000000
    },
    {
        "date": "2010-03-30",
        "symbol": "DVN",
        "period": "Q1",
        "oilandgassalesrevenue": 2070000000,
        "netgainlossonoilandgasderivativefinancialinstruments": 620000000,
        "gasgatheringtransportationmarketingandprocessingrevenue": 530000000,
        "revenues": 3220000000,
        "leaseoperatingexpense": 414000000,
        "taxesexcludingincomeandexcisetaxes": 101000000,
        "gasgatheringtransportationmarketingandprocessingcosts": 397000000,
        "depletionofoilandgasproperties": 426000000,
        "otherdepreciationandamortization": 63000000,
        "assetretirementobligationaccretionexpense": 26000000,
        "generalandadministrativeexpense": 138000000,
        "interestanddebtexpense": 86000000,
        "changeinfairvalueofotherfinancialinstruments": -15000000,
        "othernonoperatingincomeexpense": 4000000,
        "costsandexpenses": 1632000000,
        "incomelossfromcontinuingoperationsbeforeincometaxesminorityinterestandincomelossfromequitymethodinvestments": 1588000000,
        "currentincometaxexpensebenefit": 299000000,
        "deferredincometaxexpensebenefit": 215000000,
        "incometaxexpensebenefit": 514000000,
        "incomelossfromcontinuingoperations": 1074000000,
        "discontinuedoperationincomelossfromdiscontinuedoperationbeforeincometax": 137000000,
        "discontinuedoperationtaxeffectofdiscontinuedoperation": 19000000,
        "incomelossfromdiscontinuedoperationsnetoftaxattributabletoreportingentity": 118000000,
        "netincomeloss": 1192000000,
        "incomelossfromcontinuingoperationsperbasicshare": 2.4,
        "incomelossfromdiscontinuedoperationsnetoftaxperbasicshare": 0.27,
        "earningspersharebasic": 2.67,
        "incomelossfromcontinuingoperationsperdilutedshare": 2.39,
        "incomelossfromdiscontinuedoperationsnetoftaxperdilutedshare": 0.27,
        "earningspersharediluted": 2.66,
        "othercomprehensiveincomeforeigncurrencytransactionandtranslationadjustmentbeforetaxportionattributabletoparent": 222000000,
        "othercomprehensiveincomeforeigncurrencytranslationadjustmenttaxportionattributabletoparent": 12000000,
        "othercomprehensiveincomeforeigncurrencytransactionandtranslationadjustmentnetoftaxportionattributabletoparent": 210000000,
        "othercomprehensiveincomeamortizationofdefinedbenefitplannetpriorservicecostcreditrecognizedinnetperiodicbenefitcostbeforetax": 8000000,
        "othercomprehensiveincomedefinedbenefitplanstaxportionattributabletoparent": -3000000,
        "othercomprehensiveincomedefinedbenefitplansadjustmentnetoftaxportionattributabletoparent": -5000000,
        "othercomprehensiveincomelossnetoftaxportionattributabletoparent": 215000000,
        "comprehensiveincomenetoftax": 1407000000
    }
]