[
    {
        "date": "2024-09-29",
        "symbol": "EPD",
        "period": "Q3",
        "thirdpartyrevenue": 13759000000,
        "revenuefromrelatedparty": 16000000,
        "revenues": 13775000000,
        "thirdpartyoperatingcostsandexpenses": 11661000000,
        "costsandexpensesrelatedparty": 323000000,
        "operatingcostsandexpenses": 19000000,
        "generalandadministrativethirdparty": 19000000,
        "relatedpartiestransactionsellinggeneralandadministrativeexpensesfromtransactionswithrelatedparties": 37000000,
        "generalandadministrativeexpense": 61000000,
        "costsandexpenses": 12094000000,
        "incomelossfromequitymethodinvestments": 99000000,
        "operatingincomeloss": 1780000000,
        "interestexpensenonoperating": -2000000,
        "interestincomeother": 14000000,
        "nonoperatingincomeexpense": -329000000,
        "incomelossfromcontinuingoperationsbeforeincometaxesextraordinaryitemsnoncontrollinginterest": 1451000000,
        "incometaxexpensebenefit": 19000000,
        "profitloss": 79000000,
        "netincomelossattributabletononredeemablenoncontrollinginterest": 14000000,
        "noncontrollinginterestinnetincomelosspreferredunitholdersredeemable": 1000000,
        "netincomeloss": 1417000000,
        "netincomelossperoutstandinglimitedpartnershipunitbasicnetoftax": 0.65,
        "netincomelossnetoftaxperoutstandinglimitedpartnershipunitdiluted": 0.65,
        "netcommodityfinancialinstrumentgainlossesduringperiod": 210000000,
        "reclassificationadjustmentforgainslossesinnetincomerelatedtocommodityderivativeinstruments": 77000000,
        "netinterestratefinancialinstrumentgainslossesduringperiod": -4000000,
        "reclassificationadjustmentforgainslossesinnetincomerelatedtointerestratederivativeinstruments": 2000000,
        "othercomprehensiveincomelosscashflowhedgegainlossafterreclassificationandtax": 127000000,
        "othercomprehensiveincomelossnetoftax": 127000000,
        "comprehensiveincomenetoftaxincludingportionattributabletononcontrollinginterest": 1559000000,
        "comprehensiveincomenetoftaxattributabletononcontrollinginterest": 14000000,
        "noncontrollinginterestincomprehensiveincomelosspreferredunitholdersredeemable": 1000000,
        "comprehensiveincomenetoftax": 1544000000
    },
    {
        "date": "2024-03-30",
        "symbol": "EPD",
        "period": "Q1",
        "thirdpartyrevenue": 14745000000,
        "revenuefromrelatedparty": 15000000,
        "revenues": 14760000000,
        "thirdpartyoperatingcostsandexpenses": 12591000000,
        "costsandexpensesrelatedparty": 383000000,
        "operatingcostsandexpenses": 12974000000,
        "generalandadministrativethirdparty": 22000000,
        "relatedpartiestransactionsellinggeneralandadministrativeexpensesfromtransactionswithrelatedparties": 44000000,
        "generalandadministrativeexpense": 66000000,
        "costsandexpenses": 13040000000,
        "incomelossfromequitymethodinvestments": 102000000,
        "operatingincomeloss": 1822000000,
        "interestexpense": 331000000,
        "interestincomeother": 13000000,
        "nonoperatingincomeexpense": -318000000,
        "incomelossfromcontinuingoperationsbeforeincometaxesextraordinaryitemsnoncontrollinginterest": 1504000000,
        "incometaxexpensebenefit": 21000000,
        "profitloss": 1483000000,
        "netincomelossattributabletononredeemablenoncontrollinginterest": 26000000,
        "noncontrollinginterestinnetincomelosspreferredunitholdersredeemable": 1000000,
        "netincomeloss": 1456000000,
        "netincomelossperoutstandinglimitedpartnershipunitbasicnetoftax": 0.66,
        "netincomelossnetoftaxperoutstandinglimitedpartnershipunitdiluted": 0.66,
        "netcommodityfinancialinstrumentgainlossesduringperiod": -162000000,
        "reclassificationadjustmentforgainslossesinnetincomerelatedtocommodityderivativeinstruments": 2000000,
        "netinterestratefinancialinstrumentgainslossesduringperiod": 2000000,
        "reclassificationadjustmentforgainslossesinnetincomerelatedtointerestratederivativeinstruments": 2000000,
        "othercomprehensiveincomelosscashflowhedgegainlossafterreclassificationandtax": -164000000,
        "othercomprehensiveincomelossnetoftax": -164000000,
        "comprehensiveincomenetoftaxincludingportionattributabletononcontrollinginterest": 1319000000,
        "comprehensiveincomenetoftaxattributabletononcontrollinginterest": 26000000,
        "noncontrollinginterestincomprehensiveincomelosspreferredunitholdersredeemable": 1000000,
        "comprehensiveincomenetoftax": 1292000000
    },
    {
        "date": "2023-12-30",
        "symbol": "EPD",
        "period": "Q4",
        "thirdpartyrevenue": 14605000000,
        "revenuefromrelatedparty": 17000000,
        "revenues": 14622000000,
        "thirdpartyoperatingcostsandexpenses": 12386000000,
        "costsandexpensesrelatedparty": 371000000,
        "operatingcostsandexpenses": 12757000000,
        "generalandadministrativethirdparty": 16000000,
        "relatedpartiestransactionsellinggeneralandadministrativeexpensesfromtransactionswithrelatedparties": 43000000,
        "generalandadministrativeexpense": 59000000,
        "costsandexpenses": 12816000000,
        "incomelossfromequitymethodinvestments": 115000000,
        "operatingincomeloss": 1921000000,
        "interestexpense": 325000000,
        "interestincomeother": 5000000,
        "nonoperatingincomeexpense": -320000000,
        "incomelossfromcontinuingoperationsbeforeincometaxesextraordinaryitemsnoncontrollinginterest": 1601000000,
        "incometaxexpensebenefit": -1000000,
        "profitloss": 1602000000,
        "netincomelossattributabletononredeemablenoncontrollinginterest": 34000000,
        "noncontrollinginterestinnetincomelosspreferredunitholdersredeemable": 0,
        "netincomeloss": 1568000000,
        "netincomelossperoutstandinglimitedpartnershipunitbasicnetoftax": 0.7099999999999999,
        "netincomelossnetoftaxperoutstandinglimitedpartnershipunitdiluted": 0.7099999999999999,
        "netcommodityfinancialinstrumentgainlossesduringperiod": 232000000,
        "reclassificationadjustmentforgainslossesinnetincomerelatedtocommodityderivativeinstruments": 95000000,
        "reclassificationadjustmentforgainslossesinnetincomerelatedtointerestratederivativeinstruments": 2000000,
        "othercomprehensiveincomelosscashflowhedgegainlossafterreclassificationandtax": 104000000,
        "othercomprehensiveincomelossnetoftax": 104000000,
        "comprehensiveincomenetoftaxincludingportionattributabletononcontrollinginterest": 1706000000,
        "comprehensiveincomenetoftaxattributabletononcontrollinginterest": 34000000,
        "noncontrollinginterestincomprehensiveincomelosspreferredunitholdersredeemable": 0,
        "comprehensiveincomenetoftax": 1672000000
    },
    {
        "date": "2023-09-29",
        "symbol": "EPD",
        "period": "Q3",
        "thirdpartyrevenue": 11980000000,
        "revenuefromrelatedparty": 18000000,
        "revenues": 11998000000,
        "thirdpartyoperatingcostsandexpenses": 10009000000,
        "costsandexpensesrelatedparty": 357000000,
        "operatingcostsandexpenses": 10366000000,
        "generalandadministrativethirdparty": 18000000,
        "relatedpartiestransactionsellinggeneralandadministrativeexpensesfromtransactionswithrelatedparties": 41000000,
        "generalandadministrativeexpense": 59000000,
        "costsandexpenses": 10425000000,
        "incomelossfromequitymethodinvestments": 122000000,
        "operatingincomeloss": 1695000000,
        "interestexpense": 328000000,
        "interestincomeother": 5000000,
        "nonoperatingincomeexpense": -323000000,
        "incomelossfromcontinuingoperationsbeforeincometaxesextraordinaryitemsnoncontrollinginterest": 1372000000,
        "incometaxexpensebenefit": 22000000,
        "profitloss": 1350000000,
        "netincomelossattributabletononredeemablenoncontrollinginterest": 31000000,
        "noncontrollinginterestinnetincomelosspreferredunitholdersredeemable": 1000000,
        "netincomeloss": 1318000000,
        "netincomelossperoutstandinglimitedpartnershipunitbasicnetoftax": 0.6,
        "netincomelossnetoftaxperoutstandinglimitedpartnershipunitdiluted": 0.6100000000000002,
        "netcommodityfinancialinstrumentgainlossesduringperiod": -96000000,
        "reclassificationadjustmentforgainslossesinnetincomerelatedtocommodityderivativeinstruments": -33000000,
        "reclassificationadjustmentforgainslossesinnetincomerelatedtointerestratederivativeinstruments": 2000000,
        "othercomprehensiveincomelosscashflowhedgegainlossafterreclassificationandtax": -65000000,
        "othercomprehensiveincomelossnetoftax": -65000000,
        "comprehensiveincomenetoftaxincludingportionattributabletononcontrollinginterest": 1285000000,
        "comprehensiveincomenetoftaxattributabletononcontrollinginterest": 31000000,
        "noncontrollinginterestincomprehensiveincomelosspreferredunitholdersredeemable": 1000000,
        "comprehensiveincomenetoftax": 1253000000
    },
    {
        "date": "2023-06-29",
        "symbol": "EPD",
        "period": "Q2",
        "thirdpartyrevenue": 20950000000,
        "revenuefromrelatedparty": 13000000,
        "revenues": 53217000000,
        "thirdpartyoperatingcostsandexpenses": 8805000000,
        "costsandexpensesrelatedparty": 384000000,
        "operatingcostsandexpenses": 19902000000,
        "generalandadministrativethirdparty": 18000000,
        "relatedpartiestransactionsellinggeneralandadministrativeexpensesfromtransactionswithrelatedparties": 41000000,
        "generalandadministrativeexpense": 56000000,
        "costsandexpenses": 9193000000,
        "incomelossfromequitymethodinvestments": 224000000,
        "operatingincomeloss": 1579000000,
        "interestexpense": 614000000,
        "interestincomeother": 5000000,
        "nonoperatingincomeexpense": -283000000,
        "incomelossfromcontinuingoperationsbeforeincometaxesextraordinaryitemsnoncontrollinginterest": 1296000000,
        "incometaxexpensebenefit": 13000000,
        "profitloss": 2675000000,
        "netincomelossattributabletononredeemablenoncontrollinginterest": 29000000,
        "noncontrollinginterestinnetincomelosspreferredunitholdersredeemable": 1000000,
        "netincomeloss": 1253000000,
        "netincomelossperoutstandinglimitedpartnershipunitbasicnetoftax": 0.58,
        "netincomelossnetoftaxperoutstandinglimitedpartnershipunitdiluted": 0.57,
        "netcommodityfinancialinstrumentgainlossesduringperiod": 46000000,
        "reclassificationadjustmentforgainslossesinnetincomerelatedtocommodityderivativeinstruments": 16000000,
        "netinterestratefinancialinstrumentgainslossesduringperiod": 0,
        "reclassificationadjustmentforgainslossesinnetincomerelatedtointerestratederivativeinstruments": 3000000,
        "othercomprehensiveincomelosscashflowhedgegainlossafterreclassificationandtax": 27000000,
        "othercomprehensiveincomelossnetoftax": -94000000,
        "comprehensiveincomenetoftaxincludingportionattributabletononcontrollinginterest": 1310000000,
        "comprehensiveincomenetoftaxattributabletononcontrollinginterest": 29000000,
        "noncontrollinginterestincomprehensiveincomelosspreferredunitholdersredeemable": 1000000,
        "comprehensiveincomenetoftax": 1280000000
    },
    {
        "date": "2023-03-30",
        "symbol": "EPD",
        "period": "Q1",
        "thirdpartyrevenue": 2119000000,
        "revenuefromrelatedparty": 13000000,
        "revenues": -30122000000,
        "thirdpartyoperatingcostsandexpenses": 10432000000,
        "costsandexpensesrelatedparty": 273000000,
        "operatingcostsandexpenses": -8000000,
        "generalandadministrativethirdparty": 23000000,
        "relatedpartiestransactionsellinggeneralandadministrativeexpensesfromtransactionswithrelatedparties": 31000000,
        "generalandadministrativeexpense": 57000000,
        "costsandexpenses": 10814000000,
        "incomelossfromequitymethodinvestments": 1000000,
        "operatingincomeloss": 1734000000,
        "interestexpense": 2000000,
        "interestincomeother": 12000000,
        "nonoperatingincomeexpense": -302000000,
        "incomelossfromcontinuingoperationsbeforeincometaxesextraordinaryitemsnoncontrollinginterest": 1432000000,
        "incometaxexpensebenefit": 10000000,
        "profitloss": 30000000,
        "netincomelossattributabletononredeemablenoncontrollinginterest": 31000000,
        "noncontrollinginterestinnetincomelosspreferredunitholdersredeemable": 1000000,
        "netincomeloss": 1390000000,
        "netincomelossperoutstandinglimitedpartnershipunitbasicnetoftax": 0.63,
        "netincomelossnetoftaxperoutstandinglimitedpartnershipunitdiluted": 0.63,
        "netcommodityfinancialinstrumentgainlossesduringperiod": -89000000,
        "reclassificationadjustmentforgainslossesinnetincomerelatedtocommodityderivativeinstruments": 32000000,
        "netinterestratefinancialinstrumentgainslossesduringperiod": -5000000,
        "reclassificationadjustmentforgainslossesinnetincomerelatedtointerestratederivativeinstruments": -2000000,
        "othercomprehensiveincomelosscashflowhedgegainlossafterreclassificationandtax": -124000000,
        "othercomprehensiveincomelossnetoftax": -3000000,
        "comprehensiveincomenetoftaxincludingportionattributabletononcontrollinginterest": 1298000000,
        "comprehensiveincomenetoftaxattributabletononcontrollinginterest": 31000000,
        "noncontrollinginterestincomprehensiveincomelosspreferredunitholdersredeemable": 1000000,
        "comprehensiveincomenetoftax": 1266000000
    },
    {
        "date": "2022-12-30",
        "symbol": "EPD",
        "period": "Q4",
        "thirdpartyrevenue": 1818000000,
        "revenuefromrelatedparties": -33000000,
        "revenues": -29042000000,
        "thirdpartyoperatingcostsandexpenses": 11615000000,
        "costsandexpensesrelatedparty": 303000000,
        "operatingcostsandexpenses": 3000000,
        "generalandadministrativethirdparty": 17000000,
        "relatedpartytransactionsellinggeneralandadministrativeexpensesfromtransactionswithrelatedparty": 40000000,
        "generalandadministrativeexpense": 62000000,
        "costsandexpenses": 12014000000,
        "incomelossfromequitymethodinvestments": -1000000,
        "operatingincomeloss": 1765000000,
        "interestexpense": 4000000,
        "interestincomeother": 5000000,
        "nonoperatingincomeexpense": -285000000,
        "incomelossfromcontinuingoperationsbeforeincometaxesextraordinaryitemsnoncontrollinginterest": 1480000000,
        "incometaxexpensebenefit": 1000000,
        "profitloss": 162000000,
        "netincomelossattributabletononredeemablenoncontrollinginterest": 32000000,
        "noncontrollinginterestinnetincomelosspreferredunitholdersredeemable": 0,
        "netincomeloss": 1420000000,
        "netincomelossperoutstandinglimitedpartnershipunitbasicnetoftax": 0.6499999999999998,
        "netincomelossnetoftaxperoutstandinglimitedpartnershipunitdiluted": 0.6499999999999998,
        "netcommodityfinancialinstrumentgainlossesduringperiod": 128000000,
        "reclassificationadjustmentforgainslossesinnetincomerelatedtocommodityderivativeinstruments": 166000000,
        "reclassificationadjustmentforgainslossesinnetincomerelatedtointerestratederivativeinstruments": -4000000,
        "othercomprehensiveincomelosscashflowhedgegainlossafterreclassificationandtax": -8000000,
        "othercomprehensiveincomelossnetoftax": -165000000,
        "comprehensiveincomenetoftaxincludingportionattributabletononcontrollinginterest": 1444000000,
        "comprehensiveincomenetoftaxattributabletononcontrollinginterest": 32000000,
        "noncontrollinginterestincomprehensiveincomelosspreferredunitholdersredeemable": 0,
        "comprehensiveincomenetoftax": 1412000000
    },
    {
        "date": "2022-09-29",
        "symbol": "EPD",
        "period": "Q3",
        "thirdpartyrevenue": 2621000000,
        "revenuefromrelatedparties": 20000000,
        "revenues": -34318000000,
        "thirdpartyoperatingcostsandexpenses": 13459000000,
        "costsandexpensesrelatedparty": 295000000,
        "operatingcostsandexpenses": -26000000,
        "generalandadministrativethirdparty": 19000000,
        "relatedpartytransactionsellinggeneralandadministrativeexpensesfromtransactionswithrelatedparty": 34000000,
        "generalandadministrativeexpense": 55000000,
        "costsandexpenses": 13867000000,
        "incomelossfromequitymethodinvestments": 2000000,
        "operatingincomeloss": 1712000000,
        "interestexpense": 1000000,
        "interestincomeother": 3000000,
        "othernonoperatingincomeexpense": 4000000,
        "nonoperatingincomeexpense": -302000000,
        "incomelossfromcontinuingoperationsbeforeincometaxesextraordinaryitemsnoncontrollinginterest": 1410000000,
        "incometaxexpensebenefit": 7000000,
        "profitloss": -10000000,
        "netincomelossattributabletononredeemablenoncontrollinginterest": 31000000,
        "noncontrollinginterestinnetincomelosspreferredunitholdersredeemable": 1000000,
        "netincomeloss": 1360000000,
        "netincomelossperoutstandinglimitedpartnershipunitbasicnetoftax": 0.62,
        "netincomelossnetoftaxperoutstandinglimitedpartnershipunitdiluted": 0.62,
        "netcommodityfinancialinstrumentgainlossesduringperiod": 186000000,
        "reclassificationadjustmentforgainslossesinnetincomerelatedtocommodityderivativeinstruments": -9000000,
        "reclassificationadjustmentforgainslossesinnetincomerelatedtointerestratederivativeinstruments": -1000000,
        "othercomprehensiveincomelosscashflowhedgegainlossafterreclassificationandtax": 196000000,
        "othercomprehensiveincomelossnetoftax": 196000000,
        "comprehensiveincomenetoftaxincludingportionattributabletononcontrollinginterest": 1588000000,
        "comprehensiveincomenetoftaxattributabletononcontrollinginterest": 31000000,
        "noncontrollinginterestincomprehensiveincomelosspreferredunitholdersredeemable": 1000000,
        "comprehensiveincomenetoftax": 1556000000
    },
    {
        "date": "2022-06-29",
        "symbol": "EPD",
        "period": "Q2",
        "thirdpartyrevenue": 16041000000,
        "revenuefromrelatedparties": 19000000,
        "revenues": 16060000000,
        "thirdpartyoperatingcostsandexpenses": 14004000000,
        "costsandexpensesrelatedparty": 337000000,
        "operatingcostsandexpenses": 14341000000,
        "generalandadministrativethirdparty": 24000000,
        "relatedpartytransactionsellinggeneralandadministrativeexpensesfromtransactionswithrelatedparty": 38000000,
        "generalandadministrativeexpense": 62000000,
        "costsandexpenses": 14403000000,
        "incomelossfromequitymethodinvestments": 107000000,
        "operatingincomeloss": 1764000000,
        "interestexpense": 309000000,
        "interestincomeother": 2000000,
        "othernonoperatingincomeexpense": 0,
        "nonoperatingincomeexpense": -307000000,
        "incomelossfromcontinuingoperationsbeforeincometaxesextraordinaryitemsnoncontrollinginterest": 1457000000,
        "incometaxexpensebenefit": 17000000,
        "profitloss": 1440000000,
        "netincomelossattributabletononredeemablenoncontrollinginterest": 28000000,
        "noncontrollinginterestinnetincomelosspreferredunitholdersredeemable": 1000000,
        "netincomeloss": 1411000000,
        "netincomelossperoutstandinglimitedpartnershipunitbasicnetoftax": 0.64,
        "netincomelossnetoftaxperoutstandinglimitedpartnershipunitdiluted": 0.64,
        "netcommodityfinancialinstrumentgainlossesduringperiod": 39000000,
        "reclassificationadjustmentforgainslossesinnetincomerelatedtocommodityderivativeinstruments": 108000000,
        "reclassificationadjustmentforgainslossesinnetincomerelatedtointerestratederivativeinstruments": -6000000,
        "othercomprehensiveincomelosscashflowhedgegainlossafterreclassificationandtax": -63000000,
        "othercomprehensiveincomelossnetoftax": -63000000,
        "comprehensiveincomenetoftaxincludingportionattributabletononcontrollinginterest": 1377000000,
        "comprehensiveincomenetoftaxattributabletononcontrollinginterest": 28000000,
        "noncontrollinginterestincomprehensiveincomelosspreferredunitholdersredeemable": 1000000,
        "comprehensiveincomenetoftax": 1348000000
    },
    {
        "date": "2022-03-30",
        "symbol": "EPD",
        "period": "Q1",
        "thirdpartyrevenue": 12992000000,
        "revenuefromrelatedparties": 16000000,
        "revenues": 13008000000,
        "thirdpartyoperatingcostsandexpenses": 11082000000,
        "costsandexpensesrelatedparty": 315000000,
        "operatingcostsandexpenses": 11397000000,
        "generalandadministrativethirdparty": 25000000,
        "relatedpartytransactionsellinggeneralandadministrativeexpensesfromtransactionswithrelatedparty": 37000000,
        "generalandadministrativeexpense": 62000000,
        "costsandexpenses": 11459000000,
        "incomelossfromequitymethodinvestments": 117000000,
        "operatingincomeloss": 1666000000,
        "interestexpense": 319000000,
        "interestincomeother": 1000000,
        "othernonoperatingincomeexpense": 2000000,
        "nonoperatingincomeexpense": -316000000,
        "incomelossfromcontinuingoperationsbeforeincometaxesextraordinaryitemsnoncontrollinginterest": 1350000000,
        "incometaxexpensebenefit": 19000000,
        "profitloss": 1331000000,
        "netincomelossattributabletononredeemablenoncontrollinginterest": 34000000,
        "noncontrollinginterestinnetincomelosspreferredunitholdersredeemable": 1000000,
        "netincomeloss": 1296000000,
        "netincomelossperoutstandinglimitedpartnershipunitbasicnetoftax": 0.59,
        "netincomelossnetoftaxperoutstandinglimitedpartnershipunitdiluted": 0.59,
        "netcommodityfinancialinstrumentgainlossesduringperiod": -99000000,
        "reclassificationadjustmentforgainslossesinnetincomerelatedtocommodityderivativeinstruments": -45000000,
        "reclassificationadjustmentforgainslossesinnetincomerelatedtointerestratederivativeinstruments": -8000000,
        "othercomprehensiveincomelosscashflowhedgegainlossafterreclassificationandtax": -46000000,
        "othercomprehensiveincomelossnetoftax": -46000000,
        "comprehensiveincomenetoftaxincludingportionattributabletononcontrollinginterest": 1285000000,
        "comprehensiveincomenetoftaxattributabletononcontrollinginterest": 34000000,
        "noncontrollinginterestincomprehensiveincomelosspreferredunitholdersredeemable": 1000000,
        "comprehensiveincomenetoftax": 1250000000
    },
    {
        "date": "2021-12-30",
        "symbol": "EPD",
        "period": "Q4",
        "thirdpartyrevenue": 11344600000,
        "revenuefromrelatedparties": 25600000,
        "revenues": 11370200000,
        "thirdpartyoperatingcostsandexpenses": 9726600000,
        "costsandexpensesrelatedparty": 322100000,
        "operatingcostsandexpenses": 10048700000,
        "generalandadministrativethirdparty": 19300000,
        "relatedpartytransactionsellinggeneralandadministrativeexpensesfromtransactionswithrelatedparty": 34900000,
        "generalandadministrativeexpense": 54200000,
        "costsandexpenses": 10102900000,
        "incomelossfromequitymethodinvestments": 136200000,
        "operatingincomeloss": 1403500000,
        "interestexpense": 328200000,
        "interestincomeother": 2000000,
        "nonoperatingincomeexpense": -326200000,
        "incomelossfromcontinuingoperationsbeforeincometaxesextraordinaryitemsnoncontrollinginterest": 1077300000,
        "incometaxexpensebenefit": 12700000,
        "profitloss": 1064600000,
        "netincomelossattributabletononredeemablenoncontrollinginterest": 35300000,
        "noncontrollinginterestinnetincomelosspreferredunitholdersredeemable": 900000,
        "netincomeloss": 1028400000,
        "netincomelossperoutstandinglimitedpartnershipunitbasicnetoftax": 0.4700000000000001,
        "netincomelossnetoftaxperoutstandinglimitedpartnershipunitdiluted": 0.4600000000000003,
        "netcommodityfinancialinstrumentgainlossesduringperiod": 174500000,
        "reclassificationadjustmentforgainslossesinnetincomerelatedtocommodityderivativeinstruments": -274000000,
        "reclassificationadjustmentforgainslossesinnetincomerelatedtointerestratederivativeinstruments": -9200000,
        "othercomprehensiveincomeotheramountsduringperiodnetoftax": 0,
        "othercomprehensiveincomelossnetoftax": 457700000,
        "comprehensiveincomenetoftaxincludingportionattributabletononcontrollinginterest": 1522300000,
        "comprehensiveincomenetoftaxattributabletononcontrollinginterest": 35300000,
        "noncontrollinginterestincomprehensiveincomelosspreferredunitholdersredeemable": 900000,
        "comprehensiveincomenetoftax": 1486100000
    },
    {
        "date": "2021-09-29",
        "symbol": "EPD",
        "period": "Q3",
        "thirdpartyrevenue": 10800400000,
        "revenuefromrelatedparties": 30900000,
        "revenues": 10831300000,
        "thirdpartyoperatingcostsandexpenses": 9068100000,
        "costsandexpensesrelatedparty": 340400000,
        "operatingcostsandexpenses": 9408500000,
        "generalandadministrativethirdparty": 16400000,
        "relatedpartytransactionsellinggeneralandadministrativeexpensesfromtransactionswithrelatedparty": 30900000,
        "generalandadministrativeexpense": 47300000,
        "costsandexpenses": 9455800000,
        "incomelossfromequitymethodinvestments": 137600000,
        "operatingincomeloss": 1513100000,
        "interestexpense": 315900000,
        "interestincomeother": 900000,
        "nonoperatingincomeexpense": -314900000,
        "incomelossfromcontinuingoperationsbeforeincometaxesextraordinaryitemsnoncontrollinginterest": 1198200000,
        "incometaxexpensebenefit": 16100000,
        "profitloss": 1182100000,
        "netincomelossattributabletononredeemablenoncontrollinginterest": 28300000,
        "noncontrollinginterestinnetincomelosspreferredunitholdersredeemable": 800000,
        "netincomeloss": 1153000000,
        "netincomelossperoutstandinglimitedpartnershipunitbasicnetoftax": 0.5299999999999997,
        "netincomelossnetoftaxperoutstandinglimitedpartnershipunitdiluted": 0.5299999999999997,
        "netcommodityfinancialinstrumentgainlossesduringperiod": -100600000,
        "reclassificationadjustmentforgainslossesinnetincomerelatedtocommodityderivativeinstruments": -117100000,
        "reclassificationadjustmentforgainslossesinnetincomerelatedtointerestratederivativeinstruments": -10300000,
        "othercomprehensiveincomeotheramountsduringperiodnetoftax": 100000,
        "othercomprehensiveincomelossnetoftax": 26900000,
        "comprehensiveincomenetoftaxincludingportionattributabletononcontrollinginterest": 1209000000,
        "comprehensiveincomenetoftaxattributabletononcontrollinginterest": 28300000,
        "noncontrollinginterestincomprehensiveincomelosspreferredunitholdersredeemable": 800000,
        "comprehensiveincomenetoftax": 1179900000
    },
    {
        "date": "2021-06-29",
        "symbol": "EPD",
        "period": "Q2",
        "thirdpartyrevenue": 9440700000,
        "revenuefromrelatedparties": 9400000,
        "revenues": 9450100000,
        "thirdpartyoperatingcostsandexpenses": 7766500000,
        "costsandexpensesrelatedparty": 300200000,
        "operatingcostsandexpenses": 8066700000,
        "generalandadministrativethirdparty": 18700000,
        "relatedpartytransactionsellinggeneralandadministrativeexpensesfromtransactionswithrelatedparty": 32800000,
        "generalandadministrativeexpense": 51500000,
        "costsandexpenses": 8118200000,
        "incomelossfromequitymethodinvestments": 160700000,
        "operatingincomeloss": 1492600000,
        "interestexpense": 316100000,
        "interestincomeother": 700000,
        "othernonoperatingincomeexpense": 0,
        "nonoperatingincomeexpense": -315400000,
        "incomelossfromcontinuingoperationsbeforeincometaxesextraordinaryitemsnoncontrollinginterest": 1177200000,
        "incometaxexpensebenefit": 31200000,
        "profitloss": 1146000000,
        "netincomelossattributabletononredeemablenoncontrollinginterest": 32700000,
        "noncontrollinginterestinnetincomelosspreferredunitholdersredeemable": 1000000,
        "netincomeloss": 1112300000,
        "netincomelossperoutstandinglimitedpartnershipunitbasicnetoftax": 0.5000000000000001,
        "netincomelossnetoftaxperoutstandinglimitedpartnershipunitdiluted": 0.5000000000000001,
        "netcommodityfinancialinstrumentgainlossesduringperiod": -290400000,
        "reclassificationadjustmentforgainslossesinnetincomerelatedtocommodityderivativeinstruments": 99400000,
        "netinterestratefinancialinstrumentgainslossesduringperiod": 0,
        "reclassificationadjustmentforgainslossesinnetincomerelatedtointerestratederivativeinstruments": -10200000,
        "othercomprehensiveincomelossderivativesqualifyingashedgesnetoftax": -379600000,
        "othercomprehensiveincomeotheramountsduringperiodnetoftax": -100000,
        "othercomprehensiveincomelossnetoftax": -379700000,
        "comprehensiveincomenetoftaxincludingportionattributabletononcontrollinginterest": 766300000,
        "comprehensiveincomenetoftaxattributabletononcontrollinginterest": 32700000,
        "noncontrollinginterestincomprehensiveincomelosspreferredunitholdersredeemable": 1000000,
        "comprehensiveincomenetoftax": 732600000
    },
    {
        "date": "2021-03-30",
        "symbol": "EPD",
        "period": "Q1",
        "thirdpartyrevenue": 9141100000,
        "revenuefromrelatedparties": 14200000,
        "revenues": 9155300000,
        "thirdpartyoperatingcostsandexpenses": 7229300000,
        "costsandexpensesrelatedparty": 324100000,
        "operatingcostsandexpenses": 7553400000,
        "generalandadministrativethirdparty": 21500000,
        "relatedpartytransactionsellinggeneralandadministrativeexpensesfromtransactionswithrelatedparty": 34800000,
        "generalandadministrativeexpense": 56300000,
        "costsandexpenses": 7609700000,
        "incomelossfromequitymethodinvestments": 148900000,
        "operatingincomeloss": 1694500000,
        "interestexpense": 322800000,
        "interestincomeother": 1100000,
        "othernonoperatingincomeexpense": -200000,
        "nonoperatingincomeexpense": -321900000,
        "incomelossfromcontinuingoperationsbeforeincometaxesextraordinaryitemsnoncontrollinginterest": 1372600000,
        "incometaxexpensebenefit": 10000000,
        "profitloss": 1362600000,
        "netincomelossattributabletononredeemablenoncontrollinginterest": 21300000,
        "noncontrollinginterestinnetincomelosspreferredunitholdersredeemable": 900000,
        "netincomeloss": 1340400000,
        "netincomelossperoutstandinglimitedpartnershipunitbasicnetoftax": 0.61,
        "netincomelossnetoftaxperoutstandinglimitedpartnershipunitdiluted": 0.61,
        "netcommodityfinancialinstrumentgainlossesduringperiod": -461200000,
        "reclassificationadjustmentforgainslossesinnetincomerelatedtocommodityderivativeinstruments": -616100000,
        "netinterestratefinancialinstrumentgainslossesduringperiod": 182900000,
        "reclassificationadjustmentforgainslossesinnetincomerelatedtointerestratederivativeinstruments": -8600000,
        "othercomprehensiveincomelossderivativesqualifyingashedgesnetoftax": 346400000,
        "othercomprehensiveincomeotheramountsduringperiodnetoftax": -200000,
        "othercomprehensiveincomelossnetoftax": 346200000,
        "comprehensiveincomenetoftaxincludingportionattributabletononcontrollinginterest": 1708800000,
        "comprehensiveincomenetoftaxattributabletononcontrollinginterest": 21300000,
        "noncontrollinginterestincomprehensiveincomelosspreferredunitholdersredeemable": 900000,
        "comprehensiveincomenetoftax": 1686600000
    },
    {
        "date": "2020-12-30",
        "symbol": "EPD",
        "period": "Q4",
        "thirdpartyrevenue": 7036700000,
        "revenuefromrelatedparties": 7500000,
        "revenues": 7044200000,
        "thirdpartyoperatingcostsandexpenses": 6073100000,
        "costsandexpensesrelatedparty": 296100000,
        "operatingcostsandexpenses": 6369200000,
        "generalandadministrativethirdparty": 20300000,
        "relatedpartytransactionsellinggeneralandadministrativeexpensesfromtransactionswithrelatedparty": 36500000,
        "generalandadministrativeexpense": 56800000,
        "costsandexpenses": 6426000000,
        "incomelossfromequitymethodinvestments": 90000000,
        "operatingincomeloss": 708200000,
        "interestexpense": 329200000,
        "interestincomeother": 1100000,
        "othernonoperatingincomeexpense": 100000,
        "nonoperatingincomeexpense": -328000000,
        "incomelossfromcontinuingoperationsbeforeincometaxesextraordinaryitemsnoncontrollinginterest": 380200000,
        "incometaxexpensebenefit": 14300000,
        "profitloss": 365900000,
        "netincomeloss": 337300000,
        "netincomelossperoutstandinglimitedpartnershipunitbasicnetoftax": 0.1499999999999999,
        "netincomelossnetoftaxperoutstandinglimitedpartnershipunitdiluted": 0.1499999999999999,
        "netcommodityfinancialinstrumentgainlossesduringperiod": -268300000,
        "reclassificationadjustmentforgainslossesinnetincomerelatedtocommodityderivativeinstruments": -62100000,
        "netinterestratefinancialinstrumentgainslossesduringperiod": 80200000,
        "reclassificationadjustmentforgainslossesinnetincomerelatedtointerestratederivativeinstruments": -10100000,
        "othercomprehensiveincomelossderivativesqualifyingashedgesnetoftax": -115900000,
        "othercomprehensiveincomelossnetoftax": -115900000,
        "comprehensiveincomenetoftaxincludingportionattributabletononcontrollinginterest": 250000000,
        "comprehensiveincomenetoftaxattributabletononcontrollinginterest": 27700000,
        "comprehensiveincomenetoftax": 221400000
    },
    {
        "date": "2020-09-29",
        "symbol": "EPD",
        "period": "Q3",
        "thirdpartyrevenue": 6914500000,
        "revenuefromrelatedparties": 7500000,
        "revenues": 6922000000,
        "thirdpartyoperatingcostsandexpenses": 5288200000,
        "costsandexpensesrelatedparty": 283000000,
        "operatingcostsandexpenses": 5571200000,
        "generalandadministrativethirdparty": 16300000,
        "relatedpartytransactionsellinggeneralandadministrativeexpensesfromtransactionswithrelatedparty": 34000000,
        "generalandadministrativeexpense": 50300000,
        "costsandexpenses": 5621500000,
        "incomelossfromequitymethodinvestments": 82000000,
        "operatingincomeloss": 1382500000,
        "interestexpense": 320500000,
        "interestincomeother": 2200000,
        "othernonoperatingincomeexpense": 700000,
        "nonoperatingincomeexpense": -317600000,
        "incomelossfromcontinuingoperationsbeforeincometaxesextraordinaryitemsnoncontrollinginterest": 1064900000,
        "incometaxexpensebenefit": -19100000,
        "profitloss": 1084000000,
        "netincomelossattributabletononcontrollinginterest": 31400000,
        "netincomeloss": 1052600000,
        "netincomelossperoutstandinglimitedpartnershipunitbasicnetoftax": 0.47999999999999987,
        "netincomelossnetoftaxperoutstandinglimitedpartnershipunitdiluted": 0.47999999999999987,
        "netcommodityfinancialinstrumentgainlossesduringperiod": -4200000,
        "reclassificationadjustmentforgainslossesinnetincomerelatedtocommodityderivativeinstruments": -29500000,
        "netinterestratefinancialinstrumentgainslossesduringperiod": 76500000,
        "reclassificationadjustmentforgainslossesinnetincomerelatedtointerestratederivativeinstruments": 4000000,
        "othercomprehensiveincomelossderivativesqualifyingashedgesnetoftax": 97800000,
        "othercomprehensiveincomelossnetoftax": 97800000,
        "comprehensiveincomenetoftaxincludingportionattributabletononcontrollinginterest": 1181800000,
        "comprehensiveincomenetoftaxattributabletononcontrollinginterest": 31400000,
        "comprehensiveincomenetoftax": 1150400000
    },
    {
        "date": "2020-06-29",
        "symbol": "EPD",
        "period": "Q2",
        "thirdpartyrevenue": 5745300000,
        "revenuefromrelatedparties": 5700000,
        "revenues": 5751000000,
        "thirdpartyoperatingcostsandexpenses": 4063900000,
        "costsandexpensesrelatedparty": 306500000,
        "operatingcostsandexpenses": 4370400000,
        "generalandadministrativethirdparty": 23800000,
        "relatedpartytransactionsellinggeneralandadministrativeexpensesfromtransactionswithrelatedparty": 33200000,
        "generalandadministrativeexpense": 57000000,
        "costsandexpenses": 4427400000,
        "incomelossfromequitymethodinvestments": 113300000,
        "operatingincomeloss": 1436900000,
        "interestexpense": 320200000,
        "expenseofliquidityoptionagreement": 0,
        "interestincomeother": 2900000,
        "othernonoperatingincomeexpense": 900000,
        "nonoperatingincomeexpense": -316400000,
        "incomelossfromcontinuingoperationsbeforeincometaxesextraordinaryitemsnoncontrollinginterest": 1120500000,
        "incometaxexpensebenefit": 59700000,
        "profitloss": 1060800000,
        "netincomelossattributabletononcontrollinginterest": 26100000,
        "netincomeloss": 1034700000,
        "netincomelossperoutstandinglimitedpartnershipunitbasicnetoftax": 0.4700000000000001,
        "netincomelossnetoftaxperoutstandinglimitedpartnershipunitdiluted": 0.4700000000000001,
        "netcommodityfinancialinstrumentgainlossesduringperiod": -78200000,
        "reclassificationadjustmentforgainslossesinnetincomerelatedtocommodityderivativeinstruments": 208700000,
        "netinterestratefinancialinstrumentgainslossesduringperiod": 7800000,
        "reclassificationadjustmentforgainslossesinnetincomerelatedtointerestratederivativeinstruments": -9700000,
        "othercomprehensiveincomelossderivativesqualifyingashedgesnetoftax": -269400000,
        "othercomprehensiveincomeotheramountsduringperiodnetoftax": 0,
        "othercomprehensiveincomelossnetoftax": -269400000,
        "comprehensiveincomenetoftaxincludingportionattributabletononcontrollinginterest": 791400000,
        "comprehensiveincomenetoftaxattributabletononcontrollinginterest": 26100000,
        "comprehensiveincomenetoftax": 765300000
    },
    {
        "date": "2020-03-30",
        "symbol": "EPD",
        "period": "Q1",
        "thirdpartyrevenue": 7466500000,
        "revenuefromrelatedparties": 16000000,
        "revenues": 7482500000,
        "thirdpartyoperatingcostsandexpenses": 5735300000,
        "costsandexpensesrelatedparty": 325000000,
        "operatingcostsandexpenses": 6060300000,
        "generalandadministrativethirdparty": 23000000,
        "relatedpartytransactionsellinggeneralandadministrativeexpensesfromtransactionswithrelatedparty": 32500000,
        "generalandadministrativeexpense": 55500000,
        "costsandexpenses": 6115800000,
        "incomelossfromequitymethodinvestments": 140800000,
        "operatingincomeloss": 1507500000,
        "interestexpense": 317500000,
        "expenseofliquidityoptionagreement": 2300000,
        "interestincomeother": 7200000,
        "othernonoperatingincomeexpense": 900000,
        "nonoperatingincomeexpense": -311700000,
        "incomelossfromcontinuingoperationsbeforeincometaxesextraordinaryitemsnoncontrollinginterest": 1195800000,
        "incometaxexpensebenefit": -179200000,
        "profitloss": 1375000000,
        "netincomelossattributabletononcontrollinginterest": 24900000,
        "netincomeloss": 1350100000,
        "netincomelossperoutstandinglimitedpartnershipunitbasicnetoftax": 0.61,
        "netincomelossnetoftaxperoutstandinglimitedpartnershipunitdiluted": 0.61,
        "netcommodityfinancialinstrumentgainlossesduringperiod": 475100000,
        "reclassificationadjustmentforgainslossesinnetincomerelatedtocommodityderivativeinstruments": 155600000,
        "netinterestratefinancialinstrumentgainslossesduringperiod": -292000000,
        "reclassificationadjustmentforgainslossesinnetincomerelatedtointerestratederivativeinstruments": -23500000,
        "othercomprehensiveincomelossderivativesqualifyingashedgesnetoftax": 51000000,
        "othercomprehensiveincomeotheramountsduringperiodnetoftax": -100000,
        "othercomprehensiveincomelossnetoftax": 50900000,
        "comprehensiveincomenetoftaxincludingportionattributabletononcontrollinginterest": 1425900000,
        "comprehensiveincomenetoftaxattributabletononcontrollinginterest": 24900000,
        "comprehensiveincomenetoftax": 1401000000
    },
    {
        "date": "2019-12-30",
        "symbol": "EPD",
        "period": "Q4",
        "thirdpartyrevenue": 7991700000,
        "revenuefromrelatedparties": 13600000,
        "revenues": 8005300000,
        "thirdpartyoperatingcostsandexpenses": 6307400000,
        "costsandexpensesrelatedparty": 360100000,
        "operatingcostsandexpenses": 6667500000,
        "generalandadministrativethirdparty": 14400000,
        "relatedpartytransactionsellinggeneralandadministrativeexpensesfromtransactionswithrelatedparty": 37100000,
        "generalandadministrativeexpense": 51500000,
        "costsandexpenses": 6719000000,
        "incomelossfromequitymethodinvestments": 131700000,
        "operatingincomeloss": 1418000000,
        "interestexpense": 292800000,
        "expenseofliquidityoptionagreement": -3500000,
        "othernonoperatingincomeexpense": -6700000,
        "nonoperatingincomeexpense": -284400000,
        "incomelossfromcontinuingoperationsbeforeincometaxesextraordinaryitemsnoncontrollinginterest": 1133600000,
        "incometaxexpensebenefit": 8200000,
        "profitloss": 1125400000,
        "netincomelossattributabletononcontrollinginterest": 28500000,
        "netincomeloss": 1096900000,
        "netincomelossperoutstandinglimitedpartnershipunitbasicnetoftax": 0.49999999999999944,
        "netincomelossnetoftaxperoutstandinglimitedpartnershipunitdiluted": 0.49999999999999944,
        "netcommodityfinancialinstrumentgainlossesduringperiod": -14500000,
        "reclassificationadjustmentforgainslossesinnetincomerelatedtocommodityderivativeinstruments": -10300000,
        "reclassificationadjustmentforgainslossesinnetincomerelatedtointerestratederivativeinstruments": -9500000,
        "othercomprehensiveincomelossderivativesqualifyingashedgesnetoftax": 110500000,
        "othercomprehensiveincomelossnetoftax": 110500000,
        "comprehensiveincomenetoftaxincludingportionattributabletononcontrollinginterest": 1235900000,
        "comprehensiveincomenetoftaxattributabletononcontrollinginterest": 28500000,
        "comprehensiveincomenetoftax": 1207400000
    },
    {
        "date": "2019-09-29",
        "symbol": "EPD",
        "period": "Q3",
        "thirdpartyrevenue": 7948500000,
        "revenuefromrelatedparties": 15600000,
        "revenues": 7964100000,
        "thirdpartyoperatingcostsandexpenses": 6217600000,
        "costsandexpensesrelatedparty": 356100000,
        "operatingcostsandexpenses": 6573700000,
        "generalandadministrativethirdparty": 19100000,
        "relatedpartytransactionsellinggeneralandadministrativeexpensesfromtransactionswithrelatedparty": 36400000,
        "generalandadministrativeexpense": 55500000,
        "costsandexpenses": 6629200000,
        "incomelossfromequitymethodinvestments": 139300000,
        "operatingincomeloss": 1474200000,
        "interestexpense": 382900000,
        "expenseofliquidityoptionagreement": 38700000,
        "othernonoperatingincomeexpense": 7600000,
        "nonoperatingincomeexpense": -414000000,
        "incomelossfromcontinuingoperationsbeforeincometaxesextraordinaryitemsnoncontrollinginterest": 1060200000,
        "incometaxexpensebenefit": 15400000,
        "profitloss": 1044800000,
        "netincomelossattributabletononcontrollinginterest": 25600000,
        "netincomeloss": 1019200000,
        "netincomelossperoutstandinglimitedpartnershipunitbasicnetoftax": 0.4700000000000001,
        "netincomelossnetoftaxperoutstandinglimitedpartnershipunitdiluted": 0.4700000000000001,
        "netcommodityfinancialinstrumentgainlossesduringperiod": 72300000,
        "reclassificationadjustmentforgainslossesinnetincomerelatedtocommodityderivativeinstruments": 91500000,
        "reclassificationadjustmentforgainslossesinnetincomerelatedtointerestratederivativeinstruments": -9400000,
        "othercomprehensiveincomelossderivativesqualifyingashedgesnetoftax": -28400000,
        "othercomprehensiveincomelossnetoftax": -28400000,
        "comprehensiveincomenetoftaxincludingportionattributabletononcontrollinginterest": 1016400000,
        "comprehensiveincomenetoftaxattributabletononcontrollinginterest": 25600000,
        "comprehensiveincomenetoftax": 990800000
    },
    {
        "date": "2019-06-29",
        "symbol": "EPD",
        "period": "Q2",
        "thirdpartyrevenue": 15858000000,
        "revenuefromrelatedparties": 25800000,
        "revenues": 7342000000,
        "thirdpartyoperatingcostsandexpenses": 6469500000,
        "costsandexpensesrelatedparty": 456700000,
        "operatingcostsandexpenses": 6800900000,
        "generalandadministrativethirdparty": 21400000,
        "relatedpartytransactionsellinggeneralandadministrativeexpensesfromtransactionswithrelatedparty": 33600000,
        "generalandadministrativeexpense": 57900000,
        "costsandexpenses": 4772000000,
        "incomelossfromequitymethodinvestments": -1027200000,
        "operatingincomeloss": 4485500000,
        "interestexpense": 570100000,
        "expenseofliquidityoptionagreement": 26600000,
        "othernonoperatingincomeexpense": 2600000,
        "nonoperatingincomeexpense": -589800000,
        "incomelossfromcontinuingoperationsbeforeincometaxesextraordinaryitemsnoncontrollinginterest": 3837900000,
        "incometaxexpensebenefit": 14200000,
        "profitloss": 1194000000,
        "netincomelossattributabletononcontrollinginterest": 43000000,
        "netincomeloss": 3793600000,
        "netincomelossperoutstandinglimitedpartnershipunitbasicnetoftax": 0.5500000000000002,
        "netincomelossnetoftaxperoutstandinglimitedpartnershipunitdiluted": 0.5500000000000002,
        "netcommodityfinancialinstrumentgainlossesduringperiod": 81500000,
        "reclassificationadjustmentforgainslossesinnetincomerelatedtocommodityderivativeinstruments": 2200000,
        "reclassificationadjustmentforgainslossesinnetincomerelatedtointerestratederivativeinstruments": -9200000,
        "othercomprehensiveincomelossderivativesqualifyingashedgesnetoftax": 83300000,
        "othercomprehensiveincomeotheramountsduringperiodnetoftax": 0,
        "othercomprehensiveincomelossnetoftax": 91900000,
        "comprehensiveincomenetoftaxincludingportionattributabletononcontrollinginterest": 3629900000,
        "comprehensiveincomenetoftaxattributabletononcontrollinginterest": 43000000,
        "comprehensiveincomenetoftax": 1298000000
    },
    {
        "date": "2019-03-30",
        "symbol": "EPD",
        "period": "Q1",
        "thirdpartyrevenue": 923700000,
        "revenuefromrelatedparties": 12300000,
        "revenues": 9477800000,
        "thirdpartyoperatingcostsandexpenses": 6655300000,
        "costsandexpensesrelatedparty": 239100000,
        "operatingcostsandexpenses": 7019700000,
        "generalandadministrativethirdparty": 20400000,
        "relatedpartytransactionsellinggeneralandadministrativeexpensesfromtransactionswithrelatedparty": 29300000,
        "generalandadministrativeexpense": 46800000,
        "costsandexpenses": 9153300000,
        "incomelossfromequitymethodinvestments": 1319200000,
        "operatingincomeloss": -1299000000,
        "interestexpense": -2800000,
        "expenseofliquidityoptionagreement": 57800000,
        "othernonoperatingincomeexpense": 1500000,
        "nonoperatingincomeexpense": -57800000,
        "incomelossfromcontinuingoperationsbeforeincometaxesextraordinaryitemsnoncontrollinginterest": -1299000000,
        "incometaxexpensebenefit": 7800000,
        "profitloss": 1322900000,
        "netincomelossattributabletononcontrollinginterest": -1300000,
        "netincomeloss": -1318400000,
        "netincomelossperoutstandinglimitedpartnershipunitbasicnetoftax": 0.57,
        "netincomelossnetoftaxperoutstandinglimitedpartnershipunitdiluted": 0.57,
        "netcommodityfinancialinstrumentgainlossesduringperiod": -95200000,
        "reclassificationadjustmentforgainslossesinnetincomerelatedtocommodityderivativeinstruments": 58300000,
        "reclassificationadjustmentforgainslossesinnetincomerelatedtointerestratederivativeinstruments": -9200000,
        "othercomprehensiveincomelossderivativesqualifyingashedgesnetoftax": -144300000,
        "othercomprehensiveincomeotheramountsduringperiodnetoftax": -600000,
        "othercomprehensiveincomelossnetoftax": -153500000,
        "comprehensiveincomenetoftaxincludingportionattributabletononcontrollinginterest": -1174600000,
        "comprehensiveincomenetoftaxattributabletononcontrollinginterest": -1300000,
        "comprehensiveincomenetoftax": 1115600000
    },
    {
        "date": "2018-09-29",
        "symbol": "EPD",
        "period": "Q3",
        "thirdpartyrevenue": 4706400000,
        "revenuefromrelatedparties": 14200000,
        "thirdpartyoperatingcostsandexpenses": 7643400000,
        "costsandexpensesrelatedparty": 246600000,
        "operatingcostsandexpenses": 31548800000,
        "generalandadministrativethirdparty": 15300000,
        "relatedpartytransactionsellinggeneralandadministrativeexpensesfromtransactionswithrelatedparty": 35000000,
        "generalandadministrativeexpense": -100700000,
        "costsandexpenses": 14325500000,
        "incomelossfromequitymethodinvestments": 59000000,
        "operatingincomeloss": 3718900000,
        "interestexpense": 279200000,
        "expenseofliquidityoptionagreement": 18500000,
        "businesscombinationstepacquisitionequityinterestinacquireeremeasurementgain": 0,
        "othernonoperatingincomeexpense": 300000,
        "nonoperatingincomeexpense": 223400000,
        "incomelossfromcontinuingoperationsbeforeincometaxesextraordinaryitemsnoncontrollinginterest": -4470200000,
        "incometaxexpensebenefit": 4800000,
        "profitloss": -2728100000,
        "netincomelossattributabletononcontrollinginterest": -8300000,
        "netincomeloss": 1313200000,
        "netincomelossperoutstandinglimitedpartnershipunitbasicnetoftax": 0.6000000000000001,
        "netincomelossnetoftaxperoutstandinglimitedpartnershipunitdiluted": 0.6000000000000001,
        "netcommodityfinancialinstrumentgainlossesduringperiod": -145800000,
        "reclassificationadjustmentforgainslossesinnetincomerelatedtocommodityderivativeinstruments": 53500000,
        "netinterestratefinancialinstrumentgainslossesduringperiod": 6100000,
        "reclassificationadjustmentforgainslossesinnetincomerelatedtointerestratederivativeinstruments": -9100000,
        "othercomprehensiveincomelossderivativesqualifyingashedgesnetoftax": -184100000,
        "othercomprehensiveincomelossnetoftax": -9900000,
        "comprehensiveincomenetoftaxincludingportionattributabletononcontrollinginterest": 4386900000,
        "comprehensiveincomenetoftaxattributabletononcontrollinginterest": -4700000,
        "comprehensiveincomenetoftax": 1194100000
    },
    {
        "date": "2018-06-29",
        "symbol": "EPD",
        "period": "Q2",
        "thirdpartyrevenue": 3268800000,
        "revenuefromrelatedparties": 55600000,
        "salesrevenuenet": -6895700000,
        "thirdpartyoperatingcostsandexpenses": 7174300000,
        "costsandexpensesrelatedparty": 228000000,
        "operatingcostsandexpenses": -6895900000,
        "generalandadministrativethirdparty": 20900000,
        "relatedpartytransactionsellinggeneralandadministrativeexpensesfromtransactionswithrelatedparty": 28400000,
        "generalandadministrativeexpense": 50600000,
        "costsandexpenses": -6895300000,
        "incomelossfromequitymethodinvestments": 136500000,
        "operatingincomeloss": 960400000,
        "interestexpense": 274800000,
        "expenseofliquidityoptionagreement": 8900000,
        "businesscombinationstepacquisitionequityinterestinacquireeremeasurementgain": 2400000,
        "othernonoperatingincomeexpense": 300000,
        "nonoperatingincomeexpense": -8900000,
        "incomelossfromcontinuingoperationsbeforeincometaxesextraordinaryitemsnoncontrollinginterest": 688000000,
        "incometaxexpensebenefit": 12000000,
        "profitloss": 697100000,
        "netincomelossattributabletononcontrollinginterest": 12700000,
        "netincomeloss": 673800000,
        "netincomelossperoutstandinglimitedpartnershipunitbasicnetoftax": 0.31,
        "netincomelossnetoftaxperoutstandinglimitedpartnershipunitdiluted": 0.31,
        "netcommodityfinancialinstrumentgainlossesduringperiod": -13600000,
        "reclassificationadjustmentforgainslossesinnetincomerelatedtocommodityderivativeinstruments": -39200000,
        "netinterestratefinancialinstrumentgainslossesduringperiod": 3500000,
        "reclassificationadjustmentforgainslossesinnetincomerelatedtointerestratederivativeinstruments": -9400000,
        "othercomprehensiveincomelossderivativesqualifyingashedgesnetoftax": 38500000,
        "othercomprehensiveincomeotheramountsduringperiodnetoftax": -500000,
        "othercomprehensiveincomelossnetoftax": 38000000,
        "comprehensiveincomenetoftaxincludingportionattributabletononcontrollinginterest": -681700000,
        "comprehensiveincomenetoftaxattributabletononcontrollinginterest": -1300000,
        "comprehensiveincomenetoftax": 711800000
    },
    {
        "date": "2018-03-30",
        "symbol": "EPD",
        "period": "Q1",
        "thirdpartyrevenue": 802000000,
        "revenuefromrelatedparties": 24700000,
        "salesrevenuenet": 6408900000,
        "thirdpartyoperatingcostsandexpenses": 7904300000,
        "costsandexpensesrelatedparty": 223000000,
        "operatingcostsandexpenses": 5670300000,
        "generalandadministrativethirdparty": 21300000,
        "relatedpartytransactionsellinggeneralandadministrativeexpensesfromtransactionswithrelatedparty": 29200000,
        "generalandadministrativeexpense": 52100000,
        "costsandexpenses": -7428200000,
        "incomelossfromequitymethodinvestments": 154500000,
        "operatingincomeloss": -909100000,
        "interestexpense": 252200000,
        "expenseofliquidityoptionagreement": 7500000,
        "businesscombinationstepacquisitionequityinterestinacquireeremeasurementgain": 37000000,
        "othernonoperatingincomeexpense": 700000,
        "nonoperatingincomeexpense": -249400000,
        "incomelossfromcontinuingoperationsbeforeincometaxesextraordinaryitemsnoncontrollinginterest": 881400000,
        "incometaxexpensebenefit": -600000,
        "profitloss": -869800000,
        "netincomelossattributabletononcontrollinginterest": 1700000,
        "netincomeloss": 900700000,
        "netincomelossperoutstandinglimitedpartnershipunitbasicnetoftax": 0.41,
        "netincomelossnetoftaxperoutstandinglimitedpartnershipunitdiluted": 0.41,
        "netcommodityfinancialinstrumentgainlossesduringperiod": 3400000,
        "reclassificationadjustmentforgainslossesinnetincomerelatedtocommodityderivativeinstruments": 14500000,
        "netinterestratefinancialinstrumentgainslossesduringperiod": 11100000,
        "reclassificationadjustmentforgainslossesinnetincomerelatedtointerestratederivativeinstruments": -10500000,
        "othercomprehensiveincomelossderivativesqualifyingashedgesnetoftax": 10500000,
        "othercomprehensiveincomelossnetoftax": 21600000,
        "comprehensiveincomenetoftaxincludingportionattributabletononcontrollinginterest": -869800000,
        "comprehensiveincomenetoftaxattributabletononcontrollinginterest": 12100000,
        "comprehensiveincomenetoftax": 879800000
    },
    {
        "date": "2017-12-30",
        "symbol": "EPD",
        "period": "Q4",
        "thirdpartyrevenue": 10121700000,
        "revenuefromrelatedparties": -13600000,
        "salesrevenuenet": 19881900000,
        "thirdpartyoperatingcostsandexpenses": 7131700000,
        "costsandexpensesrelatedparty": 224500000,
        "operatingcostsandexpenses": 7414300000,
        "generalandadministrativethirdparty": 11900000,
        "relatedpartytransactionsellinggeneralandadministrativeexpensesfromtransactionswithrelatedparty": 28900000,
        "generalandadministrativeexpense": -81100000,
        "costsandexpenses": -48186200000,
        "incomelossfromequitymethodinvestments": 2050200000,
        "operatingincomeloss": -891500000,
        "interestexpense": 2400000,
        "othernonoperatingincomeexpense": 400000,
        "nonoperatingincomeexpense": 23000000,
        "incomelossfromcontinuingoperationsbeforeincometaxesextraordinaryitemsnoncontrollinginterest": 662100000,
        "incometaxexpensebenefit": -5100000,
        "profitloss": 5038100000,
        "netincomelossattributabletononcontrollinginterest": 50300000,
        "netincomeloss": 4917400000,
        "netincomelossperoutstandinglimitedpartnershipunitbasicnetoftax": 0.36,
        "netincomelossnetoftaxperoutstandinglimitedpartnershipunitdiluted": 0.36,
        "netcommodityfinancialinstrumentgainlossesduringperiod": -35900000,
        "reclassificationadjustmentforgainslossesinnetincomerelatedtocommodityderivativeinstruments": -161200000,
        "netinterestratefinancialinstrumentgainslossesduringperiod": -900000,
        "reclassificationadjustmentforgainslossesinnetincomerelatedtointerestratederivativeinstruments": -10500000,
        "othercomprehensiveincomelossderivativesqualifyingashedgesnetoftax": 134900000,
        "othercomprehensiveincomelossnetoftax": 86300000,
        "comprehensiveincomenetoftaxincludingportionattributabletononcontrollinginterest": 840000000,
        "comprehensiveincomenetoftaxattributabletononcontrollinginterest": 18300000,
        "comprehensiveincomenetoftax": 661700000
    },
    {
        "date": "2017-09-29",
        "symbol": "EPD",
        "period": "Q3",
        "thirdpartyrevenue": -1364400000,
        "revenuefromrelatedparties": 12500000,
        "salesrevenuenet": 12232300000,
        "thirdpartyoperatingcostsandexpenses": 5773800000,
        "costsandexpensesrelatedparty": 230100000,
        "operatingcostsandexpenses": 10922300000,
        "generalandadministrativethirdparty": 11000000,
        "relatedpartytransactionsellinggeneralandadministrativeexpensesfromtransactionswithrelatedparty": 27600000,
        "generalandadministrativeexpense": 17600000,
        "costsandexpenses": 34007900000,
        "incomelossfromequitymethodinvestments": -2335500000,
        "operatingincomeloss": -720400000,
        "interestexpense": 13900000,
        "othernonoperatingincomeexpense": 300000,
        "nonoperatingincomeexpense": -26600000,
        "incomelossfromcontinuingoperationsbeforeincometaxesextraordinaryitemsnoncontrollinginterest": 808300000,
        "incometaxexpensebenefit": 5000000,
        "profitloss": -3653200000,
        "netincomelossattributabletononcontrollinginterest": -20400000,
        "netincomeloss": -3597800000,
        "netincomelossperoutstandinglimitedpartnershipunitbasicnetoftax": 0.2799999999999999,
        "netincomelossnetoftaxperoutstandinglimitedpartnershipunitdiluted": 0.2799999999999999,
        "netcommodityfinancialinstrumentgainlossesduringperiod": -177800000,
        "reclassificationadjustmentforgainslossesinnetincomerelatedtocommodityderivativeinstruments": 10100000,
        "netinterestratefinancialinstrumentgainslossesduringperiod": -300000,
        "reclassificationadjustmentforgainslossesinnetincomerelatedtointerestratederivativeinstruments": -10300000,
        "othercomprehensiveincomelossderivativesqualifyingashedgesnetoftax": -177900000,
        "othercomprehensiveincomelossnetoftax": -187900000,
        "comprehensiveincomenetoftaxincludingportionattributabletononcontrollinginterest": 3586000000,
        "comprehensiveincomenetoftaxattributabletononcontrollinginterest": 33500000,
        "comprehensiveincomenetoftax": 758600000
    },
    {
        "date": "2017-06-29",
        "symbol": "EPD",
        "period": "Q2",
        "thirdpartyrevenue": 355400000,
        "revenuefromrelatedparties": 9900000,
        "salesrevenuenet": 18103200000,
        "thirdpartyoperatingcostsandexpenses": 5457600000,
        "costsandexpensesrelatedparty": 215900000,
        "operatingcostsandexpenses": -5018100000,
        "generalandadministrativethirdparty": 16000000,
        "relatedpartytransactionsellinggeneralandadministrativeexpensesfromtransactionswithrelatedparty": 27100000,
        "generalandadministrativeexpense": 95100000,
        "costsandexpenses": -22111900000,
        "incomelossfromequitymethodinvestments": 1043100000,
        "operatingincomeloss": -2550500000,
        "interestexpense": -2300000,
        "othernonoperatingincomeexpense": 5900000,
        "nonoperatingincomeexpense": 240200000,
        "incomelossfromcontinuingoperationsbeforeincometaxesextraordinaryitemsnoncontrollinginterest": 708400000,
        "incometaxexpensebenefit": 8300000,
        "profitloss": 653700000,
        "netincomelossattributabletononcontrollinginterest": 26500000,
        "netincomeloss": 763400000,
        "netincomelossperoutstandinglimitedpartnershipunitbasicnetoftax": 0.30000000000000004,
        "netincomelossnetoftaxperoutstandinglimitedpartnershipunitdiluted": 0.30000000000000004,
        "netcommodityfinancialinstrumentgainlossesduringperiod": 30400000,
        "reclassificationadjustmentforgainslossesinnetincomerelatedtocommodityderivativeinstruments": 46000000,
        "netinterestratefinancialinstrumentgainslossesduringperiod": -6900000,
        "reclassificationadjustmentforgainslossesinnetincomerelatedtointerestratederivativeinstruments": -10000000,
        "othercomprehensiveincomelossderivativesqualifyingashedgesnetoftax": -12500000,
        "othercomprehensiveincomeotheramountsduringperiodnetoftax": 0,
        "othercomprehensiveincomelossnetoftax": 124300000,
        "comprehensiveincomenetoftaxincludingportionattributabletononcontrollinginterest": -2459800000,
        "comprehensiveincomenetoftaxattributabletononcontrollinginterest": -6600000,
        "comprehensiveincomenetoftax": 661300000
    },
    {
        "date": "2017-03-30",
        "symbol": "EPD",
        "period": "Q1",
        "thirdpartyrevenue": 3343000000,
        "revenuefromrelatedparties": 10800000,
        "salesrevenuenet": -9520600000,
        "thirdpartyoperatingcostsandexpenses": 6081600000,
        "costsandexpensesrelatedparty": 211600000,
        "operatingcostsandexpenses": 12239000000,
        "generalandadministrativethirdparty": 20700000,
        "relatedpartytransactionsellinggeneralandadministrativeexpensesfromtransactionswithrelatedparty": 26800000,
        "generalandadministrativeexpense": -200000,
        "costsandexpenses": 6383100000,
        "incomelossfromequitymethodinvestments": -767400000,
        "operatingincomeloss": 1032100000,
        "interestexpense": -2200000,
        "othernonoperatingincomeexpense": -5300000,
        "nonoperatingincomeexpense": -246600000,
        "incomelossfromcontinuingoperationsbeforeincometaxesextraordinaryitemsnoncontrollinginterest": 768600000,
        "incometaxexpensebenefit": 5500000,
        "profitloss": 760700000,
        "netincomelossattributabletononcontrollinginterest": -1300000,
        "netincomeloss": 777100000,
        "netincomelossperoutstandinglimitedpartnershipunitbasicnetoftax": 0.36,
        "netincomelossnetoftaxperoutstandinglimitedpartnershipunitdiluted": 0.36,
        "netcommodityfinancialinstrumentgainlossesduringperiod": 144800000,
        "reclassificationadjustmentforgainslossesinnetincomerelatedtocommodityderivativeinstruments": -7100000,
        "netinterestratefinancialinstrumentgainslossesduringperiod": 2400000,
        "reclassificationadjustmentforgainslossesinnetincomerelatedtointerestratederivativeinstruments": -9600000,
        "othercomprehensiveincomelossderivativesqualifyingashedgesnetoftax": 163900000,
        "othercomprehensiveincomeotheramountsduringperiodnetoftax": -100000,
        "othercomprehensiveincomelossnetoftax": 12000000,
        "comprehensiveincomenetoftaxincludingportionattributabletononcontrollinginterest": 941400000,
        "comprehensiveincomenetoftaxattributabletononcontrollinginterest": 9900000,
        "comprehensiveincomenetoftax": 870100000
    },
    {
        "date": "2016-12-30",
        "symbol": "EPD",
        "period": "Q4",
        "thirdpartyrevenue": -850200000,
        "revenuefromrelatedparties": -37500000,
        "salesrevenuenet": 4287500000,
        "thirdpartyoperatingcostsandexpenses": 5340100000,
        "costsandexpensesrelatedparty": 211800000,
        "generalandadministrativethirdparty": 11100000,
        "relatedpartytransactionsellinggeneralandadministrativeexpensesfromtransactionswithrelatedparty": 25800000,
        "generalandadministrativeexpense": 6100000,
        "costsandexpenses": 3645600000,
        "incomelossfromequitymethodinvestments": -284900000,
        "operatingincomeloss": 5604800000,
        "interestexpense": 22900000,
        "othernonoperatingincomeexpense": 300000,
        "nonoperatingincomeexpense": -2300000,
        "incomelossfromcontinuingoperationsbeforeincometaxesextraordinaryitemsnoncontrollinginterest": 1009400000,
        "incometaxexpensebenefit": 7600000,
        "profitloss": -4699700000,
        "netincomelossattributabletononcontrollinginterest": 41700000,
        "netincomeloss": -4737500000,
        "netincomelossperoutstandinglimitedpartnershipunitbasicnetoftax": 0.3099999999999999,
        "netincomelossnetoftaxperoutstandinglimitedpartnershipunitdiluted": 0.3099999999999999,
        "netcommodityfinancialinstrumentgainlossesduringperiod": -141600000,
        "reclassificationadjustmentforgainslossesinnetincomerelatedtocommodityderivativeinstruments": -102100000,
        "reclassificationadjustmentforgainslossesinnetincomerelatedtointerestratederivativeinstruments": -9600000,
        "othercomprehensiveincomelossderivativesqualifyingashedgesnetoftax": 28700000,
        "comprehensiveincomenetoftaxincludingportionattributabletononcontrollinginterest": -754500000,
        "comprehensiveincomenetoftaxattributabletononcontrollinginterest": -25500000,
        "comprehensiveincomenetoftax": 4607100000
    },
    {
        "date": "2016-09-29",
        "symbol": "EPD",
        "period": "Q3",
        "thirdpartyrevenue": 6247700000,
        "revenuefromrelatedparties": 15700000,
        "salesrevenuenet": -1546800000,
        "thirdpartyoperatingcostsandexpenses": 4781200000,
        "costsandexpensesrelatedparty": 212900000,
        "generalandadministrativethirdparty": 15000000,
        "relatedpartytransactionsellinggeneralandadministrativeexpensesfromtransactionswithrelatedparty": 25900000,
        "generalandadministrativeexpense": 6300000,
        "costsandexpenses": -2844700000,
        "incomelossfromequitymethodinvestments": 1622300000,
        "operatingincomeloss": -3813500000,
        "interestexpense": -2100000,
        "othernonoperatingincomeexpense": 700000,
        "nonoperatingincomeexpense": 8400000,
        "incomelossfromcontinuingoperationsbeforeincometaxesextraordinaryitemsnoncontrollinginterest": 515500000,
        "incometaxexpensebenefit": 4600000,
        "profitloss": 608000000,
        "netincomelossattributabletononcontrollinginterest": -7500000,
        "netincomeloss": 613600000,
        "netincomelossperoutstandinglimitedpartnershipunitbasicnetoftax": 0.3000000000000001,
        "netincomelossnetoftaxperoutstandinglimitedpartnershipunitdiluted": 0.3000000000000001,
        "netcommodityfinancialinstrumentgainlossesduringperiod": 22700000,
        "reclassificationadjustmentforgainslossesinnetincomerelatedtocommodityderivativeinstruments": 70500000,
        "reclassificationadjustmentforgainslossesinnetincomerelatedtointerestratederivativeinstruments": -46200000,
        "othercomprehensiveincomelossderivativesqualifyingashedgesnetoftax": -1700000,
        "othercomprehensiveincomelossnetoftax": 0,
        "comprehensiveincomenetoftaxincludingportionattributabletononcontrollinginterest": -3222700000,
        "comprehensiveincomenetoftaxattributabletononcontrollinginterest": 35500000,
        "comprehensiveincomenetoftax": -3142400000
    },
    {
        "date": "2016-06-29",
        "symbol": "EPD",
        "period": "Q2",
        "thirdpartyrevenue": 318300000,
        "revenuefromrelatedparties": 13200000,
        "salesrevenuenet": 7194200000,
        "thirdpartyoperatingcostsandexpenses": 4551900000,
        "costsandexpensesrelatedparty": 210600000,
        "operatingexpenses": 3190900000,
        "generalandadministrativethirdparty": 6600000,
        "relatedpartytransactionsellinggeneralandadministrativeexpensesfromtransactionswithrelatedparty": 26300000,
        "generalandadministrativeexpense": 9000000,
        "costsandexpenses": 15742700000,
        "incomelossfromequitymethodinvestments": -692400000,
        "operatingincomeloss": 2382900000,
        "interestexpense": -8700000,
        "othernonoperatingincomeexpense": -1800000,
        "nonoperatingincomeexpense": 214200000,
        "incomelossfromcontinuingoperationsbeforeincometaxesextraordinaryitemsnoncontrollinginterest": 2034500000,
        "incometaxexpensebenefit": 500000,
        "profitloss": 585100000,
        "netincomelossattributabletononcontrollinginterest": 4800000,
        "netincomeloss": 566600000,
        "netincomelossperoutstandinglimitedpartnershipunitbasicnetoftax": 0.26999999999999996,
        "netincomelossnetoftaxperoutstandinglimitedpartnershipunitdiluted": 0.26999999999999996,
        "netcommodityfinancialinstrumentgainlossesduringperiod": -73700000,
        "reclassificationadjustmentforgainslossesinnetincomerelatedtocommodityderivativeinstruments": 35400000,
        "reclassificationadjustmentforgainslossesinnetincomerelatedtointerestratederivativeinstruments": 9200000,
        "othercomprehensiveincomelossderivativesqualifyingashedgesnetoftax": -38500000,
        "epdothercomprehensiveincomeotheramountsduringperiodnetoftax": 0,
        "othercomprehensiveincomelossnetoftax": 58300000,
        "comprehensiveincomenetoftaxincludingportionattributabletononcontrollinginterest": 520000000,
        "comprehensiveincomenetoftaxattributabletononcontrollinginterest": -12800000,
        "comprehensiveincomenetoftax": 1960100000
    },
    {
        "date": "2016-03-30",
        "symbol": "EPD",
        "period": "Q1",
        "thirdpartyrevenue": 762900000,
        "revenuefromrelatedparties": 15600000,
        "salesrevenuenet": 5361900000,
        "thirdpartyoperatingcostsandexpenses": 3866300000,
        "costsandexpensesrelatedparty": 205400000,
        "operatingexpenses": 2695100000,
        "generalandadministrativethirdparty": 14300000,
        "relatedpartytransactionsellinggeneralandadministrativeexpensesfromtransactionswithrelatedparty": 27300000,
        "generalandadministrativeexpense": 1100000,
        "costsandexpenses": -3639400000,
        "incomelossfromequitymethodinvestments": -660100000,
        "operatingincomeloss": -660100000,
        "interestexpense": 5200000,
        "othernonoperatingincomeexpense": 3600000,
        "nonoperatingincomeexpense": -235300000,
        "incomelossfromcontinuingoperationsbeforeincometaxesextraordinaryitemsnoncontrollinginterest": -660100000,
        "incometaxexpensebenefit": 400000,
        "profitloss": 661200000,
        "netincomelossattributabletononcontrollinginterest": -1200000,
        "netincomeloss": 674100000,
        "netincomelossperoutstandinglimitedpartnershipunitbasicnetoftax": 0.32,
        "netincomelossnetoftaxperoutstandinglimitedpartnershipunitdiluted": 0.32,
        "netcommodityfinancialinstrumentgainlossesduringperiod": -1200000,
        "reclassificationadjustmentforgainslossesinnetincomerelatedtocommodityderivativeinstruments": -57200000,
        "reclassificationadjustmentforgainslossesinnetincomerelatedtointerestratederivativeinstruments": 9200000,
        "othercomprehensiveincomelossderivativesqualifyingashedgesnetoftax": -49200000,
        "epdothercomprehensiveincomeotheramountsduringperiodnetoftax": -100000,
        "othercomprehensiveincomelossnetoftax": -58400000,
        "comprehensiveincomenetoftaxincludingportionattributabletononcontrollinginterest": 611900000,
        "comprehensiveincomenetoftaxattributabletononcontrollinginterest": 10200000,
        "comprehensiveincomenetoftax": -610100000
    },
    {
        "date": "2015-12-30",
        "symbol": "EPD",
        "period": "Q4",
        "thirdpartyrevenue": 1994400000,
        "revenuefromrelatedparties": 45000000,
        "salesrevenuenet": 3786000000,
        "thirdpartyoperatingcostsandexpenses": 4945600000,
        "costsandexpensesrelatedparty": 214200000,
        "operatingexpenses": 10758900000,
        "generalandadministrativethirdparty": 20600000,
        "relatedpartytransactionsellinggeneralandadministrativeexpensesfromtransactionswithrelatedparty": 26400000,
        "generalandadministrativeexpense": -104600000,
        "costsandexpenses": 28501400000,
        "incomelossfromequitymethodinvestments": 1992700000,
        "operatingincomeloss": 1459500000,
        "interestexpense": -721000000,
        "othernonoperatingincomeexpense": 300000,
        "nonoperatingincomeexpense": -9600000,
        "incomelossfromcontinuingoperationsbeforeincometaxesextraordinaryitemsnoncontrollinginterest": 756600000,
        "incometaxexpensebenefit": 5200000,
        "profitloss": 662900000,
        "netincomelossattributabletononcontrollinginterest": 45600000,
        "netincomeloss": -4381800000,
        "netincomelossperoutstandinglimitedpartnershipunitbasicnetoftax": 0.34000000000000014,
        "netincomelossnetoftaxperoutstandinglimitedpartnershipunitdiluted": 0.3399999999999999,
        "netcommodityfinancialinstrumentgainlossesduringperiod": 102600000,
        "reclassificationadjustmentforgainslossesinnetincomerelatedtocommodityderivativeinstruments": -100100000,
        "reclassificationadjustmentforgainslossesinnetincomerelatedtointerestratederivativeinstruments": 9000000,
        "othercomprehensiveincomelossnetoftax": 0,
        "comprehensiveincomenetoftaxincludingportionattributabletononcontrollinginterest": -708300000,
        "comprehensiveincomenetoftaxattributabletononcontrollinginterest": -37700000,
        "comprehensiveincomenetoftax": -4674700000
    },
    {
        "date": "2015-09-29",
        "symbol": "EPD",
        "period": "Q3",
        "thirdpartyrevenue": -1578000000,
        "revenuefromrelatedparties": 13900000,
        "salesrevenuenet": 2792500000,
        "thirdpartyoperatingcostsandexpenses": 5167900000,
        "costsandexpensesrelatedparty": 215300000,
        "operatingexpenses": -64100000,
        "generalandadministrativethirdparty": 20800000,
        "relatedpartytransactionsellinggeneralandadministrativeexpensesfromtransactionswithrelatedparty": 17800000,
        "generalandadministrativeexpense": 92700000,
        "costsandexpenses": -15581500000,
        "incomelossfromequitymethodinvestments": -738900000,
        "operatingincomeloss": 589700000,
        "interestexpense": 714800000,
        "othernonoperatingincomeexpense": 1800000,
        "nonoperatingincomeexpense": 234300000,
        "incomelossfromcontinuingoperationsbeforeincometaxesextraordinaryitemsnoncontrollinginterest": 2016800000,
        "incometaxexpensebenefit": -100000,
        "profitloss": 1949700000,
        "netincomelossattributabletononcontrollinginterest": -19100000,
        "netincomeloss": 554200000,
        "netincomelossperoutstandinglimitedpartnershipunitbasicnetoftax": 0.3299999999999999,
        "netincomelossnetoftaxperoutstandinglimitedpartnershipunitdiluted": 0.32,
        "netcommodityfinancialinstrumentgainlossesduringperiod": 85800000,
        "reclassificationadjustmentforgainslossesinnetincomerelatedtocommodityderivativeinstruments": -46800000,
        "reclassificationadjustmentforgainslossesinnetincomerelatedtointerestratederivativeinstruments": 8900000,
        "othercomprehensiveincomelossnetoftax": 7100000,
        "comprehensiveincomenetoftaxincludingportionattributabletononcontrollinginterest": -3107200000,
        "comprehensiveincomenetoftaxattributabletononcontrollinginterest": 26500000,
        "comprehensiveincomenetoftax": 1936900000
    },
    {
        "date": "2015-06-29",
        "symbol": "EPD",
        "period": "Q2",
        "thirdpartyrevenue": 1018500000,
        "revenuefromrelatedparties": 7300000,
        "salesrevenuenet": 5036000000,
        "thirdpartyoperatingcostsandexpenses": 6090400000,
        "costsandexpensesrelatedparty": 205800000,
        "operatingexpenses": 6357500000,
        "generalandadministrativethirdparty": 16800000,
        "relatedpartytransactionsellinggeneralandadministrativeexpensesfromtransactionswithrelatedparty": 30200000,
        "generalandadministrativeexpense": 9400000,
        "costsandexpenses": 6401800000,
        "incomelossfromequitymethodinvestments": -639400000,
        "operatingincomeloss": 800900000,
        "interestexpense": 300000,
        "expenseofliquidityoptionagreement": 11500000,
        "othernonoperatingincomeexpense": 300000,
        "nonoperatingincomeexpense": -11500000,
        "incomelossfromcontinuingoperationsbeforeincometaxesextraordinaryitemsnoncontrollinginterest": -639300000,
        "incometaxexpensebenefit": 400000,
        "profitloss": 569100000,
        "netincomelossattributabletononcontrollinginterest": -500000,
        "netincomeloss": 646700000,
        "netincomelossperoutstandinglimitedpartnershipunitbasicnetoftax": 0.28,
        "netincomelossnetoftaxperoutstandinglimitedpartnershipunitdiluted": 0.28,
        "netcommodityfinancialinstrumentgainlossesduringperiod": -4300000,
        "reclassificationadjustmentforgainslossesinnetincomerelatedtocommodityderivativeinstruments": -20200000,
        "reclassificationadjustmentforgainslossesinnetincomerelatedtointerestratederivativeinstruments": 8700000,
        "othercomprehensiveincomelossderivativesqualifyingashedgesnetoftax": -15800000,
        "epdothercomprehensiveincomeotheramountsduringperiodnetoftax": 400000,
        "othercomprehensiveincomelossnetoftax": -15400000,
        "comprehensiveincomenetoftaxincludingportionattributabletononcontrollinginterest": 621000000,
        "comprehensiveincomenetoftaxattributabletononcontrollinginterest": 6700000,
        "comprehensiveincomenetoftax": 547000000
    },
    {
        "date": "2015-03-30",
        "symbol": "EPD",
        "period": "Q1",
        "thirdpartyrevenue": 2677000000,
        "revenuefromrelatedparties": 6100000,
        "salesrevenuenet": 7472500000,
        "thirdpartyoperatingcostsandexpenses": 6384300000,
        "costsandexpensesrelatedparty": 191100000,
        "operatingexpenses": 6616400000,
        "generalandadministrativethirdparty": 20300000,
        "relatedpartytransactionsellinggeneralandadministrativeexpensesfromtransactionswithrelatedparty": 30800000,
        "generalandadministrativeexpense": 40700000,
        "costsandexpenses": 200000,
        "incomelossfromequitymethodinvestments": -630100000,
        "operatingincomeloss": 651200000,
        "interestexpense": 2800000,
        "othernonoperatingincomeexpense": 500000,
        "nonoperatingincomeexpense": -238600000,
        "incomelossfromcontinuingoperationsbeforeincometaxesextraordinaryitemsnoncontrollinginterest": 657600000,
        "incometaxexpensebenefit": 3200000,
        "profitloss": -636800000,
        "netincomelossattributabletononcontrollinginterest": 16000000,
        "netincomeloss": 635500000,
        "netincomelossperoutstandinglimitedpartnershipunitbasicnetoftax": 0.33,
        "netincomelossnetoftaxperoutstandinglimitedpartnershipunitdiluted": 0.32,
        "netcommodityfinancialinstrumentgainlossesduringperiod": 30800000,
        "reclassificationadjustmentforgainslossesinnetincomerelatedtocommodityderivativeinstruments": -61100000,
        "reclassificationadjustmentforgainslossesinnetincomerelatedtointerestratederivativeinstruments": 8700000,
        "othercomprehensiveincomelossnetoftax": 8700000,
        "comprehensiveincomenetoftaxincludingportionattributabletononcontrollinginterest": 621900000,
        "comprehensiveincomenetoftaxattributabletononcontrollinginterest": -300000,
        "comprehensiveincomenetoftax": -614000000
    },
    {
        "date": "2014-12-30",
        "symbol": "EPD",
        "period": "Q4",
        "thirdpartyrevenue": 78200000,
        "revenuefromrelatedparties": -34400000,
        "salesrevenuenet": 63533000000,
        "thirdpartyoperatingcostsandexpenses": 9029500000,
        "costsandexpensesrelatedparty": 210000000,
        "operatingexpenses": 9286100000,
        "generalandadministrativethirdparty": 23700000,
        "relatedpartytransactionsellinggeneralandadministrativeexpensesfromtransactionswithrelatedparty": 41900000,
        "generalandadministrativeexpense": 171500000,
        "costsandexpenses": -24965800000,
        "incomelossfromequitymethodinvestments": 661100000,
        "operatingincomeloss": 4213200000,
        "interestexpense": -677100000,
        "investmentincomeinterest": 200000,
        "othernonoperatingincomeexpense": 1900000,
        "nonoperatingincomeexpense": 449600000,
        "incomelossfromcontinuingoperationsbeforeincometaxesextraordinaryitemsnoncontrollinginterest": -2319200000,
        "incometaxexpensebenefit": -3500000,
        "profitloss": -2213500000,
        "netincomelossattributabletononcontrollinginterest": -1200000,
        "netincomeloss": -2267500000,
        "netincomelossperoutstandinglimitedpartnershipunitbasicnetoftax": -0.44000000000000006,
        "netincomelossnetoftaxperoutstandinglimitedpartnershipunitdiluted": -0.42999999999999994,
        "netcommodityfinancialinstrumentgainlossesduringperiod": 145200000,
        "reclassificationadjustmentforgainslossesinnetincomerelatedtocommodityderivativeinstruments": -89600000,
        "reclassificationadjustmentforgainslossesinnetincomerelatedtointerestratederivativeinstruments": 8500000,
        "othercomprehensiveincomelossderivativesqualifyingashedgesnetoftax": 64100000,
        "comprehensiveincomenetoftaxincludingportionattributabletononcontrollinginterest": 5088500000,
        "comprehensiveincomenetoftaxattributabletononcontrollinginterest": -7300000,
        "comprehensiveincomenetoftax": -2396000000
    },
    {
        "date": "2014-09-29",
        "symbol": "EPD",
        "period": "Q3",
        "thirdpartyrevenue": 1026500000,
        "revenuefromrelatedparties": 11000000,
        "salesrevenuenet": 1262900000,
        "thirdpartyoperatingcostsandexpenses": 11198100000,
        "costsandexpensesrelatedparty": 179100000,
        "operatingexpenses": 11414800000,
        "generalandadministrativethirdparty": 18100000,
        "relatedpartytransactionsellinggeneralandadministrativeexpensesfromtransactionswithrelatedparty": 33700000,
        "generalandadministrativeexpense": 40400000,
        "costsandexpenses": 7959100000,
        "incomelossfromequitymethodinvestments": 762500000,
        "operatingincomeloss": 939100000,
        "interestexpense": 229800000,
        "investmentincomeinterest": 300000,
        "othernonoperatingincomeexpense": -1300000,
        "nonoperatingincomeexpense": -1800000,
        "incomelossfromcontinuingoperationsbeforeincometaxesextraordinaryitemsnoncontrollinginterest": 796900000,
        "incometaxexpensebenefit": 2800000,
        "profitloss": 691900000,
        "netincomelossattributabletononcontrollinginterest": -1300000,
        "netincomeloss": 691900000,
        "netincomelossperoutstandinglimitedpartnershipunitbasicnetoftax": 0.38,
        "netincomelossnetoftaxperoutstandinglimitedpartnershipunitdiluted": 0.37,
        "netcommodityfinancialinstrumentgainlossesduringperiod": 58100000,
        "reclassificationadjustmentforgainslossesinnetincomerelatedtocommodityderivativeinstruments": -18000000,
        "reclassificationadjustmentforgainslossesinnetincomerelatedtointerestratederivativeinstruments": 8000000,
        "othercomprehensiveincomelossderivativesqualifyingashedgesnetoftax": 48100000,
        "othercomprehensiveincomelossnetoftax": 48100000,
        "comprehensiveincomenetoftaxincludingportionattributabletononcontrollinginterest": -741500000,
        "comprehensiveincomenetoftaxattributabletononcontrollinginterest": 9400000,
        "comprehensiveincomenetoftax": 825300000
    },
    {
        "date": "2014-06-29",
        "symbol": "EPD",
        "period": "Q2",
        "thirdpartyrevenue": 1547300000,
        "revenuefromrelatedparties": 17300000,
        "salesrevenuenet": -9684300000,
        "thirdpartyoperatingcostsandexpenses": 11382400000,
        "costsandexpensesrelatedparty": 208900000,
        "operatingexpenses": 11639100000,
        "generalandadministrativethirdparty": 18900000,
        "relatedpartytransactionsellinggeneralandadministrativeexpensesfromtransactionswithrelatedparty": 30600000,
        "generalandadministrativeexpense": 200000,
        "costsandexpenses": 200000,
        "incomelossfromequitymethodinvestments": -637900000,
        "operatingincomeloss": -637900000,
        "interestexpense": 228900000,
        "investmentincomeinterest": 500000,
        "othernonoperatingincomeexpense": 600000,
        "nonoperatingincomeexpense": -227800000,
        "incomelossfromcontinuingoperationsbeforeincometaxesextraordinaryitemsnoncontrollinginterest": -637900000,
        "incometaxexpensebenefit": 200000,
        "profitloss": -638100000,
        "netincomelossattributabletononcontrollinginterest": -1300000,
        "netincomeloss": -636800000,
        "netincomelossperoutstandinglimitedpartnershipunitbasicnetoftax": 0.7,
        "netincomelossnetoftaxperoutstandinglimitedpartnershipunitdiluted": 0.68,
        "netcommodityfinancialinstrumentgainlossesduringperiod": -32800000,
        "reclassificationadjustmentforgainslossesinnetincomerelatedtocommodityderivativeinstruments": 14900000,
        "reclassificationadjustmentforgainslossesinnetincomerelatedtointerestratederivativeinstruments": 8000000,
        "othercomprehensiveincomelossderivativesqualifyingashedgesnetoftax": -9900000,
        "othercomprehensiveincomelossnetoftax": -9900000,
        "comprehensiveincomenetoftaxincludingportionattributabletononcontrollinginterest": -628200000,
        "comprehensiveincomenetoftaxattributabletononcontrollinginterest": -1300000,
        "comprehensiveincomenetoftax": -626900000
    },
    {
        "date": "2014-03-30",
        "symbol": "EPD",
        "period": "Q1",
        "thirdpartyrevenue": 1530600000,
        "revenuefromrelatedparties": 35500000,
        "salesrevenuenet": -7160400000,
        "thirdpartyoperatingcostsandexpenses": 11618400000,
        "costsandexpensesrelatedparty": 203700000,
        "operatingexpenses": 11880500000,
        "generalandadministrativethirdparty": 23000000,
        "relatedpartytransactionsellinggeneralandadministrativeexpensesfromtransactionswithrelatedparty": 32000000,
        "generalandadministrativeexpense": 200000,
        "costsandexpenses": 200000,
        "incomelossfromequitymethodinvestments": -799000000,
        "operatingincomeloss": -799000000,
        "interestexpense": 220900000,
        "investmentincomeinterest": 300000,
        "othernonoperatingincomeexpense": -600000,
        "nonoperatingincomeexpense": -221200000,
        "incomelossfromcontinuingoperationsbeforeincometaxesextraordinaryitemsnoncontrollinginterest": -799000000,
        "incometaxexpensebenefit": 300000,
        "profitloss": -799300000,
        "netincomelossattributabletononcontrollinginterest": -1200000,
        "netincomeloss": -798100000,
        "netincomelossperoutstandinglimitedpartnershipunitbasicnetoftax": 0.87,
        "netincomelossnetoftaxperoutstandinglimitedpartnershipunitdiluted": 0.85,
        "netcommodityfinancialinstrumentgainlossesduringperiod": -9200000,
        "reclassificationadjustmentforgainslossesinnetincomerelatedtocommodityderivativeinstruments": 16000000,
        "reclassificationadjustmentforgainslossesinnetincomerelatedtointerestratederivativeinstruments": 7900000,
        "othercomprehensiveincomelossderivativesqualifyingashedgesnetoftax": 14700000,
        "comprehensiveincomenetoftaxincludingportionattributabletononcontrollinginterest": -814000000,
        "comprehensiveincomenetoftaxattributabletononcontrollinginterest": -1200000,
        "comprehensiveincomenetoftax": -812800000
    },
    {
        "date": "2013-12-30",
        "symbol": "EPD",
        "period": "Q4",
        "thirdpartyrevenue": 1473800000,
        "revenuefromrelatedparties": 45600000,
        "thirdpartyoperatingcostsandexpenses": 11896300000,
        "costsandexpensesrelatedparty": 206000000,
        "operatingexpenses": 12177600000,
        "generalandadministrativethirdparty": 19400000,
        "relatedpartytransactionsellinggeneralandadministrativeexpensesfromtransactionswithrelatedparty": 31800000,
        "generalandadministrativeexpense": 1000000,
        "costsandexpenses": 1000000,
        "incomelossfromequitymethodinvestments": 1876900000,
        "operatingincomeloss": -699900000,
        "interestexpense": 198100000,
        "investmentincomeinterest": 200000,
        "othernonoperatingincomeexpense": -600000,
        "nonoperatingincomeexpense": -198500000,
        "incomelossfromcontinuingoperationsbeforeincometaxesextraordinaryitemsnoncontrollinginterest": -699900000,
        "profitloss": -700300000,
        "netincomelossattributabletononcontrollinginterest": -1300000,
        "netincomeloss": -699000000,
        "netcommodityfinancialinstrumentgainlossesduringperiod": -24800000,
        "reclassificationadjustmentforgainslossesinnetincomerelatedtocommodityderivativeinstruments": 7400000,
        "reclassificationadjustmentforgainslossesinnetincomerelatedtointerestratederivativeinstruments": 7800000,
        "othercomprehensiveincomelossderivativesqualifyingashedgesnetoftax": -9700000,
        "othercomprehensiveincomelossnetoftax": -20700000,
        "comprehensiveincomenetoftaxincludingportionattributabletononcontrollinginterest": -690500000,
        "comprehensiveincomenetoftaxattributabletononcontrollinginterest": -1300000,
        "comprehensiveincomenetoftax": -689200000
    },
    {
        "date": "2013-09-29",
        "symbol": "EPD",
        "period": "Q3",
        "thirdpartyrevenue": 1550000000,
        "revenuefromrelatedparties": 7700000,
        "thirdpartyoperatingcostsandexpenses": 11055300000,
        "costsandexpensesrelatedparty": 190500000,
        "operatingexpenses": 11273500000,
        "generalandadministrativethirdparty": 17400000,
        "relatedpartytransactionsellinggeneralandadministrativeexpensesfromtransactionswithrelatedparty": 28300000,
        "generalandadministrativeexpense": 300000,
        "costsandexpenses": 300000,
        "incomelossfromequitymethodinvestments": -592300000,
        "operatingincomeloss": -592300000,
        "interestexpense": 208300000,
        "investmentincomeinterest": 200000,
        "othernonoperatingincomeexpense": 400000,
        "nonoperatingincomeexpense": -207700000,
        "incomelossfromcontinuingoperationsbeforeincometaxesextraordinaryitemsnoncontrollinginterest": -592300000,
        "profitloss": -592600000,
        "netincomelossattributabletononcontrollinginterest": -1000000,
        "netincomeloss": -591600000,
        "netcommodityfinancialinstrumentgainlossesduringperiod": -8600000,
        "reclassificationadjustmentforgainslossesinnetincomerelatedtocommodityderivativeinstruments": 14600000,
        "reclassificationadjustmentforgainslossesinnetincomerelatedtointerestratederivativeinstruments": 7700000,
        "othercomprehensiveincomelossderivativesqualifyingashedgesnetoftax": 13700000,
        "othercomprehensiveincomelossnetoftax": 13700000,
        "comprehensiveincomenetoftaxincludingportionattributabletononcontrollinginterest": -606400000,
        "comprehensiveincomenetoftaxattributabletononcontrollinginterest": -1000000,
        "comprehensiveincomenetoftax": -605400000
    },
    {
        "date": "2013-06-29",
        "symbol": "EPD",
        "period": "Q2",
        "thirdpartyrevenue": 1516100000,
        "revenuefromrelatedparties": 6700000,
        "revenues": 11149300000,
        "thirdpartyoperatingcostsandexpenses": 10143000000,
        "costsandexpensesrelatedparty": 193100000,
        "operatingexpenses": 10367200000,
        "generalandadministrativethirdparty": 17500000,
        "relatedpartytransactionsellinggeneralandadministrativeexpensesfromtransactionswithrelatedparty": 29800000,
        "generalandadministrativeexpense": 700000,
        "costsandexpenses": 700000,
        "incomelossfromequitymethodinvestments": -553200000,
        "operatingincomeloss": -553200000,
        "interestexpense": 200200000,
        "investmentincomeinterest": 300000,
        "othernonoperatingincomeexpense": -600000,
        "nonoperatingincomeexpense": -200500000,
        "incomelossfromcontinuingoperationsbeforeincometaxesextraordinaryitemsnoncontrollinginterest": -553200000,
        "incometaxexpensebenefit": 0,
        "profitloss": -553200000,
        "netincomelossattributabletononcontrollinginterest": -900000,
        "netincomeloss": -552300000,
        "netcommodityfinancialinstrumentgainlossesduringperiod": 34100000,
        "reclassificationadjustmentforgainslossesinnetincomerelatedtocommodityderivativeinstruments": -7200000,
        "netinterestratefinancialinstrumentgainslossesduringperiod": 0,
        "reclassificationadjustmentforgainslossesinnetincomerelatedtointerestratederivativeinstruments": 7800000,
        "othercomprehensiveincomelossderivativesqualifyingashedgesnetoftax": 34700000,
        "othercomprehensiveincomelossnetoftax": -5200000,
        "comprehensiveincomenetoftaxincludingportionattributabletononcontrollinginterest": -588300000,
        "comprehensiveincomenetoftaxattributabletononcontrollinginterest": -900000,
        "comprehensiveincomenetoftax": -587400000
    },
    {
        "date": "2013-03-30",
        "symbol": "EPD",
        "period": "Q1",
        "thirdpartyrevenue": 1718600000,
        "revenuefromrelatedparties": 5900000,
        "revenues": 11383100000,
        "thirdpartyoperatingcostsandexpenses": 10206200000,
        "costsandexpensesrelatedparty": 181100000,
        "operatingexpenses": 10420400000,
        "generalandadministrativethirdparty": 19700000,
        "relatedpartytransactionsellinggeneralandadministrativeexpensesfromtransactionswithrelatedparty": 31600000,
        "generalandadministrativeexpense": 200000,
        "costsandexpenses": 200000,
        "incomelossfromequitymethodinvestments": -753700000,
        "operatingincomeloss": -753700000,
        "interestexpense": 195900000,
        "investmentincomeinterest": 200000,
        "othernonoperatingincomeexpense": -300000,
        "nonoperatingincomeexpense": -196000000,
        "incomelossfromcontinuingoperationsbeforeincometaxesextraordinaryitemsnoncontrollinginterest": -753700000,
        "incometaxexpensebenefit": 300000,
        "profitloss": -754000000,
        "netincomelossattributabletononcontrollinginterest": -700000,
        "netincomeloss": -753300000,
        "netincomelossperoutstandinglimitedpartnershipunit": 0.85,
        "netincomelossperoutstandinglimitedpartnershipunitdiluted": 0.83,
        "netcommodityfinancialinstrumentgainlossesduringperiod": -47600000,
        "reclassificationadjustmentforgainslossesinnetincomerelatedtocommodityderivativeinstruments": 7300000,
        "netinterestratefinancialinstrumentgainslossesduringperiod": 6700000,
        "reclassificationadjustmentforgainslossesinnetincomerelatedtointerestratederivativeinstruments": 5900000,
        "othercomprehensiveincomelossderivativesqualifyingashedgesnetoftax": -27700000,
        "othercomprehensiveincomelossnetoftax": 12600000,
        "comprehensiveincomenetoftaxincludingportionattributabletononcontrollinginterest": -726200000,
        "comprehensiveincomenetoftaxattributabletononcontrollinginterest": -700000,
        "comprehensiveincomenetoftax": -725500000
    },
    {
        "date": "2012-12-30",
        "symbol": "EPD",
        "period": "Q4",
        "thirdpartyrevenue": 1495000000,
        "revenuefromrelatedparties": -44500000,
        "revenues": 11072100000,
        "thirdpartyoperatingcostsandexpenses": 10038800000,
        "costsandexpensesrelatedparty": 177800000,
        "operatingexpenses": 10231400000,
        "generalandadministrativethirdparty": 19800000,
        "relatedpartytransactionsellinggeneralandadministrativeexpensesfromtransactionswithrelatedparty": 22200000,
        "generalandadministrativeexpense": 300000,
        "costsandexpenses": 300000,
        "operatingincomeloss": -615800000,
        "interestexpense": 199000000,
        "investmentincomeinterest": 100000,
        "othernonoperatingincomeexpense": -100000,
        "nonoperatingincomeexpense": -199000000,
        "incomelossfromcontinuingoperationsbeforeincometaxesextraordinaryitemsnoncontrollinginterest": -615800000,
        "incometaxexpensebenefit": 500000,
        "profitloss": -616300000,
        "netincomelossattributabletononcontrollinginterest": -700000,
        "netincomeloss": -615600000,
        "netincomelossperoutstandinglimitedpartnershipunit": 0.71,
        "netincomelossperoutstandinglimitedpartnershipunitdiluted": 0.6800000000000002,
        "netcommodityfinancialinstrumentgainlossesduringperiod": 30400000,
        "reclassificationadjustmentforgainslossesinnetincomerelatedtocommodityderivativeinstruments": -22900000,
        "netinterestratefinancialinstrumentgainslossesduringperiod": 5100000,
        "reclassificationadjustmentforgainslossesinnetincomerelatedtointerestratederivativeinstruments": 5300000,
        "othercomprehensiveincomelossderivativesqualifyingashedgesnetoftax": 17900000,
        "othercomprehensiveincomelossnetoftax": 17900000,
        "comprehensiveincomenetoftaxincludingportionattributabletononcontrollinginterest": 4169900000,
        "comprehensiveincomenetoftaxattributabletononcontrollinginterest": -700000,
        "comprehensiveincomenetoftax": -633600000
    },
    {
        "date": "2012-09-29",
        "symbol": "EPD",
        "period": "Q3",
        "thirdpartyrevenue": 1680000000,
        "revenuefromrelatedparties": 7500000,
        "revenues": 10468700000,
        "thirdpartyoperatingcostsandexpenses": 9456600000,
        "costsandexpensesrelatedparty": 185300000,
        "operatingexpenses": 9659800000,
        "generalandadministrativethirdparty": 18800000,
        "relatedpartytransactionsellinggeneralandadministrativeexpensesfromtransactionswithrelatedparty": 25500000,
        "generalandadministrativeexpense": 200000,
        "costsandexpenses": 200000,
        "operatingincomeloss": -587000000,
        "interestexpense": 199700000,
        "investmentincomeinterest": 300000,
        "othernonoperatingincomeexpense": 1200000,
        "nonoperatingincomeexpense": -198200000,
        "incomelossfromcontinuingoperationsbeforeincometaxesextraordinaryitemsnoncontrollinginterest": -587000000,
        "incometaxexpensebenefit": 200000,
        "profitloss": -587200000,
        "netincomelossattributabletononcontrollinginterest": -500000,
        "netincomeloss": -586700000,
        "netincomelossperoutstandinglimitedpartnershipunit": 0.6800000000000002,
        "netincomelossperoutstandinglimitedpartnershipunitdiluted": 0.6599999999999997,
        "netcommodityfinancialinstrumentgainlossesduringperiod": -58500000,
        "reclassificationadjustmentforgainslossesinnetincomerelatedtocommodityderivativeinstruments": 900000,
        "netinterestratefinancialinstrumentgainslossesduringperiod": -20200000,
        "reclassificationadjustmentforgainslossesinnetincomerelatedtointerestratederivativeinstruments": 4500000,
        "othercomprehensiveincomelossderivativesqualifyingashedgesnetoftax": -73300000,
        "othercomprehensiveincomelossnetoftax": -69600000,
        "comprehensiveincomenetoftaxincludingportionattributabletononcontrollinginterest": -517500000,
        "comprehensiveincomenetoftaxattributabletononcontrollinginterest": -500000,
        "comprehensiveincomenetoftax": -517000000
    },
    {
        "date": "2012-06-29",
        "symbol": "EPD",
        "period": "Q2",
        "thirdpartyrevenue": 1499200000,
        "revenuefromrelatedparties": 25600000,
        "revenues": 9789800000,
        "thirdpartyoperatingcostsandexpenses": 8788000000,
        "costsandexpensesrelatedparty": 213600000,
        "operatingexpenses": 9009500000,
        "generalandadministrativethirdparty": 16700000,
        "relatedpartytransactionsellinggeneralandadministrativeexpensesfromtransactionswithrelatedparty": 26500000,
        "generalandadministrativeexpense": 800000,
        "costsandexpenses": 800000,
        "incomelossfromequitymethodinvestments": 0,
        "operatingincomeloss": -567100000,
        "interestexpense": 186600000,
        "investmentincomeinterest": 100000,
        "othernonoperatingincomeexpense": 13100000,
        "nonoperatingincomeexpense": -173400000,
        "incomelossfromcontinuingoperationsbeforeincometaxesextraordinaryitemsnoncontrollinginterest": -567100000,
        "incometaxexpensebenefit": 34600000,
        "profitloss": -567300000,
        "netincomelossattributabletononcontrollinginterest": -600000,
        "netincomeloss": -566700000,
        "netincomelossperoutstandinglimitedpartnershipunit": 0.6599999999999999,
        "netincomelossperoutstandinglimitedpartnershipunitdiluted": 0.6400000000000001,
        "netcommodityfinancialinstrumentgainlossesduringperiod": 105000000,
        "reclassificationadjustmentforgainslossesinnetincomerelatedtocommodityderivativeinstruments": 14200000,
        "netinterestratefinancialinstrumentgainslossesduringperiod": -84000000,
        "reclassificationadjustmentforgainslossesinnetincomerelatedtointerestratederivativeinstruments": 3700000,
        "othercomprehensiveincomelossderivativesqualifyingashedgesnetoftax": 38900000,
        "othercomprehensiveincomelosspensionandotherpostretirementbenefitplansadjustmentnetoftax": 0,
        "proportionateshareofothercomprehensiveincomelossofunconsolidatedaffiliate": 0,
        "othercomprehensiveincomelossnetoftax": 23100000,
        "comprehensiveincomenetoftaxincludingportionattributabletononcontrollinginterest": -600000000,
        "comprehensiveincomenetoftaxattributabletononcontrollinginterest": -600000,
        "comprehensiveincomenetoftax": -599400000
    },
    {
        "date": "2012-03-30",
        "symbol": "EPD",
        "period": "Q1",
        "thirdpartyrevenue": 1534700000,
        "revenuefromrelatedparties": 30800000,
        "revenues": 11252500000,
        "thirdpartyoperatingcostsandexpenses": 10318800000,
        "costsandexpensesrelatedparty": 142700000,
        "operatingexpenses": 10467200000,
        "generalandadministrativethirdparty": 23600000,
        "relatedpartytransactionsellinggeneralandadministrativeexpensesfromtransactionswithrelatedparty": 23300000,
        "generalandadministrativeexpense": 200000,
        "costsandexpenses": 200000,
        "incomelossfromequitymethodinvestments": 2400000,
        "operatingincomeloss": -651500000,
        "interestexpense": 186500000,
        "investmentincomeinterest": 300000,
        "othernonoperatingincomeexpense": 58400000,
        "nonoperatingincomeexpense": -127800000,
        "incomelossfromcontinuingoperationsbeforeincometaxesextraordinaryitemsnoncontrollinginterest": -651500000,
        "incometaxexpensebenefit": -34400000,
        "profitloss": -651500000,
        "netincomelossattributabletononcontrollinginterest": -500000,
        "netincomeloss": -651000000,
        "netincomelossperoutstandinglimitedpartnershipunit": 0.76,
        "netincomelossperoutstandinglimitedpartnershipunitdiluted": 0.73,
        "netcommodityfinancialinstrumentgainlossesduringperiod": -59600000,
        "reclassificationadjustmentforgainslossesinnetincomerelatedtocommodityderivativeinstruments": 22000000,
        "netinterestratefinancialinstrumentgainslossesduringperiod": 28900000,
        "reclassificationadjustmentforgainslossesinnetincomerelatedtointerestratederivativeinstruments": 2700000,
        "othercomprehensiveincomelossderivativesqualifyingashedgesnetoftax": -6000000,
        "othercomprehensiveincomelosspensionandotherpostretirementbenefitplansadjustmentnetoftax": 1200000,
        "proportionateshareofothercomprehensiveincomelossofunconsolidatedaffiliate": 1000000,
        "othercomprehensiveincomeunrealizedholdinggainlossonsecuritiesarisingduringperiodnetoftax": 15800000,
        "othercomprehensiveincomelossnetoftax": 9600000,
        "comprehensiveincomenetoftaxincludingportionattributabletononcontrollinginterest": -651500000,
        "comprehensiveincomenetoftaxattributabletononcontrollinginterest": -500000,
        "comprehensiveincomenetoftax": -651000000
    },
    {
        "date": "2011-09-29",
        "symbol": "EPD",
        "period": "Q3",
        "thirdpartyrevenue": 1968700000,
        "relatedpartytransactionrevenuesfromtransactionswithrelatedparty": 9900000,
        "revenues": 11327100000,
        "thirdpartyoperatingcostsandexpenses": 10146200000,
        "operatingexpenses": 10604600000,
        "generalandadministrativethirdparty": 20000000,
        "generalandadministrativerelated": 30000000,
        "generalandadministrativeexpense": 700000,
        "costsandexpenses": 700000,
        "incomelossfromequitymethodinvestments": -472100000,
        "operatingincomeloss": -472100000,
        "interestexpense": 189000000,
        "investmentincomeinterest": 300000,
        "incometaxexpensebenefit": 100000,
        "profitloss": -472200000,
        "netincomelossattributabletononcontrollinginterest": -300000,
        "netincomeloss": -471900000,
        "netincomelossallocatedtolimitedpartners": 471400000,
        "netincomelossperoutstandinglimitedpartnershipunit": 0.5700000000000001,
        "netincomelossperoutstandinglimitedpartnershipunitdiluted": 0.55,
        "netcommodityfinancialinstrumentgainlossesduringperiod": -6100000,
        "reclassificationadjustmentforgainslossesinnetincomerelatedtocommodityderivativeinstruments": 35100000,
        "netinterestratefinancialinstrumentgainslossesduringperiod": -260100000,
        "reclassificationadjustmentforgainslossesinnetincomerelatedtointerestratederivativeinstruments": 1600000,
        "othercomprehensiveincomederivativesqualifyingashedgesnetoftaxperiodincreasedecrease": -229500000,
        "othercomprehensiveincomeminimumpensionliabilitynetadjustmentnetoftax": 0,
        "proportionateshareofothercomprehensiveincomelossofunconsolidatedaffiliate": 0,
        "othercomprehensiveincomelossnetoftaxperiodincreasedecrease": -229500000,
        "comprehensiveincomenetoftaxincludingportionattributabletononcontrollinginterest": 250000000,
        "othercomprehensiveincomelossnetoftaxportionattributabletononcontrollinginterest": 8100000,
        "comprehensiveincomenetoftax": 241900000
    },
    {
        "date": "2011-06-29",
        "symbol": "EPD",
        "period": "Q2",
        "thirdpartyrevenue": -6451300000,
        "relatedpartytransactionrevenuesfromtransactionswithrelatedparty": -33500000,
        "revenues": 11216500000,
        "thirdpartyoperatingcostsandexpenses": 10140600000,
        "operatingexpenses": 10533300000,
        "generalandadministrativethirdparty": 16300000,
        "generalandadministrativerelated": 34100000,
        "generalandadministrativeexpense": 3200000,
        "costsandexpenses": 3200000,
        "incomelossfromequitymethodinvestments": -436900000,
        "operatingincomeloss": -436900000,
        "interestexpense": 188300000,
        "investmentincomeinterest": 300000,
        "othernonoperatingincomeexpense": 0,
        "incometaxexpensebenefit": -7000000,
        "profitloss": -437000000,
        "netincomelossattributabletononcontrollinginterest": -200000,
        "netincomeloss": -436800000,
        "netincomelossallocatedtolimitedpartners": 433700000,
        "netincomelossperoutstandinglimitedpartnershipunit": 0.53,
        "netincomelossperoutstandinglimitedpartnershipunitdiluted": 0.51,
        "netcommodityfinancialinstrumentgainlossesduringperiod": -21700000,
        "reclassificationadjustmentforgainslossesinnetincomerelatedtocommodityderivativeinstruments": 74800000,
        "netinterestratefinancialinstrumentgainslossesduringperiod": -60100000,
        "reclassificationadjustmentforgainslossesinnetincomerelatedtointerestratederivativeinstruments": 1500000,
        "othercomprehensiveincomederivativesqualifyingashedgesnetoftaxperiodincreasedecrease": -5500000,
        "othercomprehensiveincomeminimumpensionliabilitynetadjustmentnetoftax": 900000,
        "proportionateshareofothercomprehensiveincomelossofunconsolidatedaffiliate": 300000,
        "othercomprehensiveincomelossnetoftaxperiodincreasedecrease": -6100000,
        "comprehensiveincomenetoftaxincludingportionattributabletononcontrollinginterest": 442400000,
        "othercomprehensiveincomelossnetoftaxportionattributabletononcontrollinginterest": 14800000,
        "comprehensiveincomenetoftax": 427600000
    },
    {
        "date": "2011-03-30",
        "symbol": "EPD",
        "period": "Q1",
        "thirdpartyrevenue": 9933600000,
        "relatedpartytransactionrevenuesfromtransactionswithrelatedparty": 39900000,
        "revenues": 10183700000,
        "thirdpartyoperatingcostsandexpenses": 9111500000,
        "relatedpartyoperatingcostsandexpenses": 425600000,
        "operatingexpenses": 9537100000,
        "generalandadministrativethirdparty": 12900000,
        "generalandadministrativerelated": 25000000,
        "generalandadministrativeexpense": 3300000,
        "costsandexpenses": 3300000,
        "incomelossfromequitymethodinvestments": -424000000,
        "operatingincomeloss": -424000000,
        "interestexpense": 183800000,
        "investmentincomeinterest": 300000,
        "othernonoperatingincomeexpense": 200000,
        "totalotherincomeexpense": -183300000,
        "incomebeforeprovisionforincometaxesandminorityinterest": -424000000,
        "incometaxexpensebenefit": 7100000,
        "profitloss": -424000000,
        "netincomelossattributabletononcontrollinginterest": -300000,
        "netincomeloss": -423700000,
        "netincomelossallocatedtolimitedpartners": 420700000,
        "netincomelossperoutstandinglimitedpartnershipunit": 0.52,
        "netincomelossperoutstandinglimitedpartnershipunitdiluted": 0.49,
        "netcommodityfinancialinstrumentgainlossesduringperiod": -151400000,
        "reclassificationadjustmentforgainslossesinnetincomerelatedtocommodityderivativeinstruments": 68900000,
        "netinterestratefinancialinstrumentgainslossesduringperiod": 14100000,
        "reclassificationadjustmentforgainslossesinnetincomerelatedtointerestratederivativeinstruments": 1500000,
        "othercomprehensiveincomederivativesqualifyingashedgesnetoftaxperiodincreasedecrease": -66900000,
        "othercomprehensiveincomeminimumpensionliabilitynetadjustmentnetoftax": -300000,
        "proportionateshareofothercomprehensiveincomelossofunconsolidatedaffiliate": -1000000,
        "othercomprehensiveincomelossnetoftaxperiodincreasedecrease": -67600000,
        "comprehensiveincomenetoftaxincludingportionattributabletononcontrollinginterest": 366900000,
        "othercomprehensiveincomelossnetoftaxportionattributabletononcontrollinginterest": 13800000,
        "comprehensiveincomenetoftax": 353100000
    },
    {
        "date": "2010-06-29",
        "symbol": "EPD",
        "period": "Q2",
        "profitloss": -755200000,
        "netcommmodityfinancialinstrumentgainlossesduringperiod": 92000000,
        "reclassificationadjustmentforgainslossesinnetincomerelatedtocommodityderivativeinstruments": -1500000,
        "netinterestratefinancialinstrumentgainslossesduringperiod": -70800000,
        "reclassificationadjustmentforgainslossesinnetincomerelatedtoderivativeinstruments": 3300000,
        "othercomprehensiveincomeforeigncurrencytransactionandtranslationgainlossarisingduringperiodnetoftax": -100000,
        "reclassificationadjustmentforgainslossesinnetincomerelatedtoforeigncurrencyderivativeinstruments": 0,
        "cashflowhedges": 22900000,
        "othercomprehensiveincomeforeigncurrencytransactionandtranslationadjustmentnetoftaxperiodincreasedecrease": -800000,
        "othercomprehensiveincomeminimumpensionliabilitynetadjustmentnetoftax": 0,
        "othercomprehensiveincomelossnetoftaxperiodincreasedecrease": 22100000,
        "comprehensiveincomenetoftaxincludingportionattributabletononcontrollinginterest": 395400000,
        "othercomprehensiveincomelossnetoftaxportionattributabletononcontrollinginterest": 16800000,
        "comprehensiveincomenetoftax": 378600000,
        "thirdpartyrevenue": 7427400000,
        "relatedpartyrevenues": -228500000,
        "revenues": 7543400000,
        "thirdpartyoperatingcostsandexpenses": -6676100000,
        "relatedpartyoperatingcostsandexpenses": -298100000,
        "operatingexpenses": -6974200000,
        "generalandadministrativethirdparty": -14600000,
        "generalandadministrativerelated": -23300000,
        "generalandadministrativeexpense": 33400000,
        "costsandexpenses": -8005300000,
        "incomelossfromequitymethodinvestments": -755200000,
        "operatingincomeloss": -1290200000,
        "interestexpense": -168600000,
        "investmentincomeinterest": 500000,
        "othernonoperatingincomeexpense": -100000,
        "totalotherincomeexpense": -168200000,
        "incomebeforeprovisionforincometaxesandminorityinterest": -1141700000,
        "incometaxexpensebenefit": 6500000,
        "netincomelossattributabletononcontrollinginterest": -16300000,
        "netincomeloss": -1116700000,
        "netincomelossallocatedtolimitedpartners": 294300000,
        "netincomelossallocatedtogeneralpartners": 62900000
    },
    {
        "date": "2010-03-30",
        "symbol": "EPD",
        "period": "Q1",
        "profitloss": 16000000,
        "netcommmodityfinancialinstrumentgainlossesduringperiod": -58900000,
        "reclassificationadjustmentforgainslossesinnetincomerelatedtocommodityderivativeinstruments": 16500000,
        "netinterestratefinancialinstrumentgainslossesduringperiod": -5700000,
        "reclassificationadjustmentforgainslossesinnetincomerelatedtoderivativeinstruments": 3300000,
        "othercomprehensiveincomeforeigncurrencytransactionandtranslationgainlossarisingduringperiodnetoftax": -100000,
        "reclassificationadjustmentforgainslossesinnetincomerelatedtoforeigncurrencyderivativeinstruments": -300000,
        "cashflowhedges": -45200000,
        "othercomprehensiveincomeforeigncurrencytransactionandtranslationadjustmentnetoftaxperiodincreasedecrease": 600000,
        "othercomprehensiveincomeminimumpensionliabilitynetadjustmentnetoftax": -900000,
        "othercomprehensiveincomelossnetoftaxperiodincreasedecrease": -45500000,
        "comprehensiveincomenetoftaxincludingportionattributabletononcontrollinginterest": 348300000,
        "othercomprehensiveincomelossnetoftaxportionattributabletononcontrollinginterest": 16700000,
        "comprehensiveincomenetoftax": 331600000,
        "thirdpartyrevenue": 8312100000,
        "relatedpartyrevenues": 232400000,
        "revenues": 8544500000,
        "thirdpartyoperatingcostsandexpenses": -7647900000,
        "relatedpartyoperatingcostsandexpenses": -324000000,
        "operatingexpenses": -7971900000,
        "generalandadministrativethirdparty": -14100000,
        "generalandadministrativerelated": -23500000,
        "generalandadministrativeexpense": -37600000,
        "costsandexpenses": 8009500000,
        "incomelossfromequitymethodinvestments": 16000000,
        "operatingincomeloss": 551000000,
        "interestexpense": -148600000,
        "investmentincomeinterest": 200000,
        "othernonoperatingincomeexpense": -100000,
        "totalotherincomeexpense": -148500000,
        "incomebeforeprovisionforincometaxesandminorityinterest": 402500000,
        "incometaxexpensebenefit": 8700000,
        "netincomelossattributabletononcontrollinginterest": 16000000,
        "netincomeloss": 377800000,
        "netincomelossallocatedtolimitedpartners": 317400000,
        "netincomelossallocatedtogeneralpartners": 60400000,
        "earningspersharebasic": 0.51,
        "earningspersharediluted": 0.5
    },
    {
        "date": "2009-09-29",
        "symbol": "EPD",
        "period": "Q3",
        "profitloss": 229900000,
        "netcommmodityfinancialinstrumentgainlossesduringperiod": -8300000,
        "reclassificationadjustmentforgainslossesinnetincomerelatedtocommodityderivativeinstruments": 77800000,
        "netinterestratefinancialinstrumentgainslossesduringperiod": -8000000,
        "reclassificationadjustmentforgainslossesinnetincomerelatedtoderivativeinstruments": 1300000,
        "othercomprehensiveincomeforeigncurrencytransactionandtranslationgainlossarisingduringperiodnetoftax": 200000,
        "cashflowhedges": 63000000,
        "othercomprehensiveincomeforeigncurrencytransactionandtranslationadjustmentnetoftaxperiodincreasedecrease": 1100000,
        "othercomprehensiveincomelossnetoftaxperiodincreasedecrease": 64100000,
        "comprehensiveincomenetoftaxincludingportionattributabletononcontrollinginterest": 294000000,
        "othercomprehensiveincomelossnetoftaxportionattributabletononcontrollinginterest": 17300000,
        "comprehensiveincomenetoftax": 276700000,
        "thirdpartyrevenue": 4444700000,
        "relatedpartyrevenues": 151400000,
        "revenues": 4596100000,
        "thirdpartyoperatingcostsandexpenses": 3983200000,
        "relatedpartyoperatingcostsandexpenses": 237000000,
        "operatingexpenses": 4220200000,
        "generalandadministrativethirdparty": 17100000,
        "generalandadministrativerelated": 16800000,
        "generalandadministrativeexpense": 33900000,
        "costsandexpenses": 4254100000,
        "incomelossfromequitymethodinvestments": 22500000,
        "operatingincomeloss": 364500000,
        "interestexpense": -128000000,
        "investmentincomeinterest": 200000,
        "othernonoperatingincomeexpense": -200000,
        "totalotherincomeexpense": -128000000,
        "incomebeforeprovisionforincometaxesandminorityinterest": 236500000,
        "incometaxexpensebenefit": 6600000,
        "netincomelossattributabletononcontrollinginterest": 17000000,
        "netincomeloss": 212900000,
        "netincomelossallocatedtolimitedpartners": 171300000,
        "netincomelossallocatedtogeneralpartners": 41600000,
        "basicanddilutedearningsperunit": 0.36
    }
]