[
    {
        "date": "2024-11-27",
        "symbol": "MU",
        "period": "Q1",
        "revenuefromcontractwithcustomerexcludingassessedtax": 8709000000,
        "costofgoodsandservicessold": 5361000000,
        "grossprofit": 3348000000,
        "researchanddevelopmentexpense": 888000000,
        "sellinggeneralandadministrativeexpense": 288000000,
        "otheroperatingincomeexpensenet": 2000000,
        "operatingincomeloss": 2174000000,
        "investmentincomenet": 107000000,
        "interestexpensenonoperating": 118000000,
        "othernonoperatingincomeexpense": -11000000,
        "incomelossfromcontinuingoperationsbeforeincometaxesminorityinterestandincomelossfromequitymethodinvestments": 2152000000,
        "incometaxexpensebenefit": 283000000,
        "incomelossfromequitymethodinvestments": 1000000,
        "netincomeloss": 1870000000,
        "earningspersharebasic": 1.68,
        "earningspersharediluted": 1.67,
        "weightedaveragenumberofsharesoutstandingbasic": 1111000000,
        "weightedaveragenumberofdilutedsharesoutstanding": 1122000000,
        "othercomprehensiveincomelosscashflowhedgegainlossafterreclassificationandtax": -85000000,
        "othercomprehensiveincomelossavailableforsalesecuritiesadjustmentnetoftax": -2000000,
        "othercomprehensiveincomelossnetoftax": -87000000,
        "comprehensiveincomenetoftax": 1783000000
    },
    {
        "date": "2024-08-28",
        "symbol": "MU",
        "period": "Q4",
        "revenuefromcontractwithcustomerexcludingassessedtax": 7750000000,
        "costofgoodsandservicessold": 5013000000,
        "grossprofit": 2737000000,
        "researchanddevelopmentexpense": 903000000,
        "sellinggeneralandadministrativeexpense": 295000000,
        "otheroperatingincomeexpensenet": -16000000,
        "operatingincomeloss": 1522000000,
        "investmentincomenet": 131000000,
        "othernonoperatingincomeexpense": -7000000,
        "incomelossfromcontinuingoperationsbeforeincometaxesminorityinterestandincomelossfromequitymethodinvestments": 1510000000,
        "incometaxexpensebenefit": 623000000,
        "incomelossfromequitymethodinvestments": 0,
        "netincomeloss": 887000000,
        "earningspersharebasic": 0.8,
        "earningspersharediluted": 0.81,
        "weightedaveragenumberofsharesoutstandingbasic": 1105000000,
        "weightedaveragenumberofdilutedsharesoutstanding": 1118000000,
        "othercomprehensiveincomelosscashflowhedgegainlossafterreclassificationandtax": 156000000,
        "othercomprehensiveincomelossavailableforsalesecuritiesadjustmentnetoftax": 16000000,
        "othercomprehensiveincomelosspensionandotherpostretirementbenefitplansadjustmentnetoftax": -5000000,
        "othercomprehensiveincomelossnetoftax": 177000000,
        "comprehensiveincomenetoftax": 1064000000
    },
    {
        "date": "2024-05-29",
        "symbol": "MU",
        "period": "Q3",
        "revenuefromcontractwithcustomerexcludingassessedtax": 6811000000,
        "costofgoodsandservicessold": 4979000000,
        "grossprofit": 1832000000,
        "researchanddevelopmentexpense": 850000000,
        "sellinggeneralandadministrativeexpense": 291000000,
        "otheroperatingincomeexpensenet": 28000000,
        "operatingincomeloss": 719000000,
        "investmentincomenet": 136000000,
        "interestexpense": 150000000,
        "othernonoperatingincomeexpense": 10000000,
        "incomelossfromcontinuingoperationsbeforeincometaxesminorityinterestandincomelossfromequitymethodinvestments": 715000000,
        "incometaxexpensebenefit": 377000000,
        "incomelossfromequitymethodinvestments": -6000000,
        "netincomeloss": 332000000,
        "earningspersharebasic": 0.3,
        "earningspersharediluted": 0.3,
        "weightedaveragenumberofsharesoutstandingbasic": 1107000000,
        "weightedaveragenumberofdilutedsharesoutstanding": 1123000000,
        "othercomprehensiveincomelosscashflowhedgegainlossafterreclassificationandtax": -47000000,
        "othercomprehensiveincomelosspensionandotherpostretirementbenefitplansadjustmentnetoftax": 1000000,
        "othercomprehensiveincomelossavailableforsalesecuritiesadjustmentnetoftax": 1000000,
        "othercomprehensiveincomelossnetoftax": -47000000,
        "comprehensiveincomenetoftax": 285000000
    },
    {
        "date": "2024-02-28",
        "symbol": "MU",
        "period": "Q2",
        "revenuefromcontractwithcustomerexcludingassessedtax": 5824000000,
        "costofgoodsandservicessold": 4745000000,
        "grossprofit": 1079000000,
        "researchanddevelopmentexpense": 832000000,
        "sellinggeneralandadministrativeexpense": 280000000,
        "otheroperatingincomeexpensenet": 224000000,
        "operatingincomeloss": 191000000,
        "investmentincomenet": 130000000,
        "interestexpense": 144000000,
        "othernonoperatingincomeexpense": -7000000,
        "incomelossfromcontinuingoperationsbeforeincometaxesminorityinterestandincomelossfromequitymethodinvestments": 170000000,
        "incometaxexpensebenefit": -622000000,
        "incomelossfromequitymethodinvestments": 1000000,
        "netincomeloss": 793000000,
        "earningspersharebasic": 0.72,
        "earningspersharediluted": 0.71,
        "weightedaveragenumberofsharesoutstandingbasic": 1104000000,
        "weightedaveragenumberofdilutedsharesoutstanding": 1114000000,
        "othercomprehensiveincomelosscashflowhedgegainlossafterreclassificationandtax": -11000000,
        "othercomprehensiveincomelosspensionandotherpostretirementbenefitplansadjustmentnetoftax": 3000000,
        "othercomprehensiveincomelossavailableforsalesecuritiesadjustmentnetoftax": 9000000,
        "othercomprehensiveincomelossforeigncurrencytransactionandtranslationadjustmentnetoftax": 1000000,
        "othercomprehensiveincomelossnetoftax": -4000000,
        "comprehensiveincomenetoftax": 789000000
    },
    {
        "date": "2023-11-29",
        "symbol": "MU",
        "period": "Q1",
        "revenuefromcontractwithcustomerexcludingassessedtax": 4726000000,
        "costofgoodsandservicessold": 4761000000,
        "grossprofit": -35000000,
        "researchanddevelopmentexpense": 845000000,
        "sellinggeneralandadministrativeexpense": 263000000,
        "otheroperatingincomeexpensenet": 15000000,
        "operatingincomeloss": -1128000000,
        "investmentincomenet": 132000000,
        "interestexpense": 132000000,
        "othernonoperatingincomeexpense": -27000000,
        "incomelossfromcontinuingoperationsbeforeincometaxesminorityinterestandincomelossfromequitymethodinvestments": -1155000000,
        "incometaxexpensebenefit": 73000000,
        "incomelossfromequitymethodinvestments": -6000000,
        "netincomeloss": -1234000000,
        "earningspersharebasic": -1.12,
        "earningspersharediluted": -1.12,
        "weightedaveragenumberofsharesoutstandingbasic": 1100000000,
        "weightedaveragenumberofdilutedsharesoutstanding": 1100000000,
        "othercomprehensiveincomelosscashflowhedgegainlossafterreclassificationandtax": 44000000,
        "othercomprehensiveincomelossavailableforsalesecuritiesadjustmentnetoftax": 7000000,
        "othercomprehensiveincomelosspensionandotherpostretirementbenefitplansadjustmentnetoftax": -2000000,
        "othercomprehensiveincomelossforeigncurrencytransactionandtranslationadjustmentnetoftax": -1000000,
        "othercomprehensiveincomelossnetoftax": 52000000,
        "comprehensiveincomenetoftax": -1182000000
    },
    {
        "date": "2023-08-30",
        "symbol": "MU",
        "period": "Q4",
        "revenuefromcontractwithcustomerexcludingassessedtax": 4010000000,
        "costofgoodsandservicessold": 4445000000,
        "grossprofit": -435000000,
        "researchanddevelopmentexpense": 719000000,
        "sellinggeneralandadministrativeexpense": 219000000,
        "restructuringsettlementandimpairmentprovisions": 4000000,
        "otheroperatingincomeexpensenet": -95000000,
        "operatingincomeloss": -1472000000,
        "investmentincomenet": 134000000,
        "interestexpense": 129000000,
        "incomelossfromcontinuingoperationsbeforeincometaxesminorityinterestandincomelossfromequitymethodinvestments": -1458000000,
        "incometaxexpensebenefit": -24000000,
        "incomelossfromequitymethodinvestments": 4000000,
        "netincomeloss": -1430000000,
        "earningspersharebasic": -1.3100000000000003,
        "earningspersharediluted": -1.3100000000000003,
        "weightedaveragenumberofsharesoutstandingbasic": -1092000000,
        "weightedaveragenumberofdilutedsharesoutstanding": -1092000000,
        "othercomprehensiveincomelosscashflowhedgegainlossafterreclassificationandtax": 12000000,
        "othercomprehensiveincomelossavailableforsalesecuritiesadjustmentnetoftax": 6000000,
        "othercomprehensiveincomelossforeigncurrencytransactionandtranslationadjustmentnetoftax": -2000000,
        "othercomprehensiveincomelossnetoftax": 28000000,
        "comprehensiveincomenetoftax": -1402000000
    },
    {
        "date": "2023-05-31",
        "symbol": "MU",
        "period": "Q3",
        "revenuefromcontractwithcustomerexcludingassessedtax": 3752000000,
        "costofgoodsandservicessold": 4420000000,
        "grossprofit": -668000000,
        "researchanddevelopmentexpense": 758000000,
        "sellinggeneralandadministrativeexpense": 219000000,
        "restructuringsettlementandimpairmentprovisions": 68000000,
        "otheroperatingincomeexpensenet": -48000000,
        "operatingincomeloss": -1761000000,
        "investmentincomenet": 127000000,
        "interestexpense": 119000000,
        "incomelossfromcontinuingoperationsbeforeincometaxesminorityinterestandincomelossfromequitymethodinvestments": -1753000000,
        "incometaxexpensebenefit": 139000000,
        "incomelossfromequitymethodinvestments": -4000000,
        "netincomeloss": -1896000000,
        "earningspersharebasic": -1.73,
        "earningspersharediluted": -1.73,
        "weightedaveragenumberofsharesoutstandingbasic": 1094000000,
        "weightedaveragenumberofdilutedsharesoutstanding": 1094000000,
        "othercomprehensiveincomelosscashflowhedgegainlossafterreclassificationandtax": 22000000,
        "othercomprehensiveincomelossavailableforsalesecuritiesadjustmentnetoftax": 12000000,
        "othercomprehensiveincomelossforeigncurrencytransactionandtranslationadjustmentnetoftax": 1000000,
        "othercomprehensiveincomelosspensionandotherpostretirementbenefitplansadjustmentnetoftax": 2000000,
        "othercomprehensiveincomelossnetoftax": 33000000,
        "comprehensiveincomenetoftax": -1863000000
    },
    {
        "date": "2023-03-01",
        "symbol": "MU",
        "period": "Q2",
        "revenuefromcontractwithcustomerexcludingassessedtax": 3693000000,
        "costofgoodsandservicessold": 4899000000,
        "grossprofit": -1206000000,
        "researchanddevelopmentexpense": 788000000,
        "sellinggeneralandadministrativeexpense": 231000000,
        "restructuringsettlementandimpairmentprovisions": 86000000,
        "otheroperatingincomeexpensenet": 8000000,
        "operatingincomeloss": -2303000000,
        "investmentincomenet": 119000000,
        "interestexpense": 89000000,
        "othernonoperatingincomeexpense": 2000000,
        "incomelossfromcontinuingoperationsbeforeincometaxesminorityinterestandincomelossfromequitymethodinvestments": -2271000000,
        "incometaxexpensebenefit": 54000000,
        "incomelossfromequitymethodinvestments": 13000000,
        "netincomeloss": -2312000000,
        "earningspersharebasic": -2.1199999999999997,
        "earningspersharediluted": -2.1199999999999997,
        "weightedaveragenumberofsharesoutstandingbasic": 1000000,
        "weightedaveragenumberofdilutedsharesoutstanding": 1000000,
        "othercomprehensiveincomelosscashflowhedgegainlossafterreclassificationandtax": 92000000,
        "othercomprehensiveincomelossavailableforsalesecuritiesadjustmentnetoftax": 7000000,
        "othercomprehensiveincomelossforeigncurrencytransactionandtranslationadjustmentnetoftax": 1000000,
        "othercomprehensiveincomelosspensionandotherpostretirementbenefitplansadjustmentnetoftax": 0,
        "othercomprehensiveincomelossnetoftax": 100000000,
        "comprehensiveincomenetoftax": -2212000000
    },
    {
        "date": "2022-11-30",
        "symbol": "MU",
        "period": "Q1",
        "revenuefromcontractwithcustomerexcludingassessedtax": 4085000000,
        "costofgoodsandservicessold": 3192000000,
        "grossprofit": 893000000,
        "researchanddevelopmentexpense": 849000000,
        "sellinggeneralandadministrativeexpense": 251000000,
        "restructuringsettlementandimpairmentprovisions": 13000000,
        "otheroperatingincomeexpensenet": 11000000,
        "operatingincomeloss": -209000000,
        "investmentincomenet": 88000000,
        "interestexpense": 51000000,
        "othernonoperatingincomeexpense": -4000000,
        "incomelossfromcontinuingoperationsbeforeincometaxesminorityinterestandincomelossfromequitymethodinvestments": -176000000,
        "incometaxexpensebenefit": 8000000,
        "incomelossfromequitymethodinvestments": -11000000,
        "netincomeloss": -195000000,
        "earningspersharebasic": -0.18,
        "earningspersharediluted": -0.18,
        "weightedaveragenumberofsharesoutstandingbasic": 1090000000,
        "weightedaveragenumberofdilutedsharesoutstanding": 1090000000,
        "othercomprehensiveincomelosscashflowhedgegainlossafterreclassificationandtax": 108000000,
        "othercomprehensiveincomelosspensionandotherpostretirementbenefitplansadjustmentnetoftax": -1000000,
        "othercomprehensiveincomelossavailableforsalesecuritiesadjustmentnetoftax": -19000000,
        "othercomprehensiveincomelossforeigncurrencytransactionandtranslationadjustmentnetoftax": -3000000,
        "othercomprehensiveincomelossnetoftax": 87000000,
        "comprehensiveincomenetoftax": -108000000
    },
    {
        "date": "2022-08-31",
        "symbol": "MU",
        "period": "Q4",
        "revenuefromcontractwithcustomerexcludingassessedtax": 6643000000,
        "costofgoodsandservicessold": 4021000000,
        "grossprofit": 2622000000,
        "researchanddevelopmentexpense": 839000000,
        "sellinggeneralandadministrativeexpense": 280000000,
        "otheroperatingincomeexpensenet": 23000000,
        "operatingincomeloss": 1521000000,
        "investmentincomenet": 54000000,
        "interestexpense": 45000000,
        "othernonoperatingincomeexpense": 23000000,
        "incomelossfromcontinuingoperationsbeforeincometaxesminorityinterestandincomelossfromequitymethodinvestments": 1553000000,
        "incometaxexpensebenefit": 56000000,
        "incomelossfromequitymethodinvestments": -5000000,
        "netincomeloss": 1492000000,
        "earningspersharebasic": 1.3699999999999992,
        "earningspersharediluted": 1.37,
        "weightedaveragenumberofsharesoutstandingbasic": -5000000,
        "weightedaveragenumberofdilutedsharesoutstanding": -5000000,
        "othercomprehensiveincomelosscashflowhedgegainlossafterreclassificationandtax": -186000000,
        "othercomprehensiveincomelossavailableforsalesecuritiesadjustmentnetoftax": -10000000,
        "othercomprehensiveincomelossnetoftax": -196000000,
        "comprehensiveincomenetoftax": 1296000000
    },
    {
        "date": "2022-06-01",
        "symbol": "MU",
        "period": "Q3",
        "revenuefromcontractwithcustomerexcludingassessedtax": 8642000000,
        "costofgoodsandservicessold": 4607000000,
        "grossprofit": 4035000000,
        "researchanddevelopmentexpense": 773000000,
        "sellinggeneralandadministrativeexpense": 264000000,
        "restructuringsettlementandimpairmentprovisions": 0,
        "otheroperatingincomeexpensenet": 6000000,
        "operatingincomeloss": 3004000000,
        "investmentincomenet": 20000000,
        "interestexpense": 44000000,
        "othernonoperatingincomeexpense": 8000000,
        "incomelossfromcontinuingoperationsbeforeincometaxesminorityinterestandincomelossfromequitymethodinvestments": 2988000000,
        "incometaxexpensebenefit": 358000000,
        "incomelossfromequitymethodinvestments": -4000000,
        "netincomeloss": 2626000000,
        "earningspersharebasic": 2.36,
        "earningspersharediluted": 2.34,
        "weightedaveragenumberofsharesoutstandingbasic": -1121000000,
        "weightedaveragenumberofdilutedsharesoutstanding": -1133000000,
        "othercomprehensiveincomelosscashflowhedgegainlossafterreclassificationandtax": -210000000,
        "othercomprehensiveincomelossavailableforsalesecuritiesadjustmentnetoftax": -18000000,
        "othercomprehensiveincomelossnetoftax": -226000000,
        "comprehensiveincomenetoftax": 2400000000
    },
    {
        "date": "2022-03-02",
        "symbol": "MU",
        "period": "Q2",
        "revenuefromcontractwithcustomerexcludingassessedtax": 7786000000,
        "costofgoodsandservicessold": 4110000000,
        "grossprofit": 3676000000,
        "researchanddevelopmentexpense": 792000000,
        "sellinggeneralandadministrativeexpense": 263000000,
        "restructuringsettlementandimpairmentprovisions": 5000000,
        "otheroperatingincomeexpensenet": -70000000,
        "operatingincomeloss": 2546000000,
        "investmentincomenet": 12000000,
        "interestexpense": 55000000,
        "othernonoperatingincomeexpense": 6000000,
        "incomelossfromcontinuingoperationsbeforeincometaxesminorityinterestandincomelossfromequitymethodinvestments": 2509000000,
        "incometaxexpensebenefit": 255000000,
        "incomelossfromequitymethodinvestments": 9000000,
        "netincomeloss": 2263000000,
        "earningspersharebasic": 2.02,
        "earningspersharediluted": 2,
        "weightedaveragenumberofsharesoutstandingbasic": 1119000000,
        "weightedaveragenumberofdilutedsharesoutstanding": 1130000000,
        "othercomprehensiveincomelosscashflowhedgegainlossafterreclassificationandtax": -34000000,
        "othercomprehensiveincomelossavailableforsalesecuritiesadjustmentnetoftax": -13000000,
        "othercomprehensiveincomelosspensionandotherpostretirementbenefitplansadjustmentnetoftax": 1000000,
        "othercomprehensiveincomelossforeigncurrencytransactionandtranslationadjustmentnetoftax": 1000000,
        "othercomprehensiveincomelossnetoftax": -47000000,
        "comprehensiveincomenetoftax": 2216000000
    },
    {
        "date": "2021-12-01",
        "symbol": "MU",
        "period": "Q1",
        "revenuefromcontractwithcustomerexcludingassessedtax": 7687000000,
        "costofgoodsandservicessold": 4122000000,
        "grossprofit": 3565000000,
        "researchanddevelopmentexpense": 712000000,
        "sellinggeneralandadministrativeexpense": 259000000,
        "restructuringsettlementandimpairmentprovisions": 38000000,
        "otheroperatingincomeexpensenet": 75000000,
        "operatingincomeloss": 2631000000,
        "investmentincomenet": 10000000,
        "interestexpense": 45000000,
        "othernonoperatingincomeexpense": -75000000,
        "incomelossfromcontinuingoperationsbeforeincometaxesminorityinterestandincomelossfromequitymethodinvestments": 2521000000,
        "incometaxexpensebenefit": 219000000,
        "incomelossfromequitymethodinvestments": 4000000,
        "netincomeloss": 2306000000,
        "earningspersharebasic": 2.06,
        "earningspersharediluted": 2.04,
        "weightedaveragenumberofsharesoutstandingbasic": 1119000000,
        "weightedaveragenumberofdilutedsharesoutstanding": 1130000000,
        "othercomprehensiveincomelosscashflowhedgegainlossafterreclassificationandtax": -86000000,
        "othercomprehensiveincomelossavailableforsalesecuritiesadjustmentnetoftax": -7000000,
        "othercomprehensiveincomelossnetoftax": -93000000,
        "comprehensiveincomenetoftax": 2213000000
    },
    {
        "date": "2021-09-01",
        "symbol": "MU",
        "period": "Q4",
        "revenuefromcontractwithcustomerexcludingassessedtax": 8274000000,
        "costofgoodsandservicessold": 4362000000,
        "grossprofit": 3912000000,
        "researchanddevelopmentexpense": 705000000,
        "sellinggeneralandadministrativeexpense": 236000000,
        "otheroperatingincomeexpensenet": 6000000,
        "operatingincomeloss": 2955000000,
        "investmentincomenet": 9000000,
        "interestexpense": 47000000,
        "othernonoperatingincomeexpense": 19000000,
        "incomelossfromcontinuingoperationsbeforeincometaxesminorityinterestandincomelossfromequitymethodinvestments": 2936000000,
        "incometaxexpensebenefit": 230000000,
        "incomelossfromequitymethodinvestments": 14000000,
        "profitloss": 2720000000,
        "netincomeloss": 2720000000,
        "earningspersharebasic": 2.420000000000001,
        "earningspersharediluted": 2.3899999999999997,
        "weightedaveragenumberofsharesoutstandingbasic": 1000000,
        "weightedaveragenumberofdilutedsharesoutstanding": 0,
        "othercomprehensiveincomelosscashflowhedgegainlossafterreclassificationandtax": -47000000,
        "othercomprehensiveincomelossavailableforsalesecuritiesadjustmentnetoftax": -1000000,
        "othercomprehensiveincomelossnetoftax": -45000000,
        "comprehensiveincomenetoftaxincludingportionattributabletononcontrollinginterest": 2675000000,
        "comprehensiveincomenetoftax": 2675000000
    },
    {
        "date": "2021-06-02",
        "symbol": "MU",
        "period": "Q3",
        "revenuefromcontractwithcustomerexcludingassessedtax": 7422000000,
        "costofgoodsandservicessold": 4296000000,
        "grossprofit": 3126000000,
        "researchanddevelopmentexpense": 670000000,
        "sellinggeneralandadministrativeexpense": 230000000,
        "otheroperatingincomeexpensenet": 39000000,
        "operatingincomeloss": 1799000000,
        "investmentincomenet": 8000000,
        "interestexpense": 46000000,
        "othernonoperatingincomeexpense": 45000000,
        "incomelossfromcontinuingoperationsbeforeincometaxesminorityinterestandincomelossfromequitymethodinvestments": 1806000000,
        "incometaxexpensebenefit": 65000000,
        "incomelossfromequitymethodinvestments": -6000000,
        "profitloss": 1735000000,
        "netincomeloss": 1735000000,
        "earningspersharebasic": 1.55,
        "earningspersharediluted": 1.5099999999999998,
        "weightedaveragenumberofsharesoutstandingbasic": -1116000000,
        "weightedaveragenumberofdilutedsharesoutstanding": -1138000000,
        "othercomprehensiveincomelosscashflowhedgegainlossafterreclassificationandtax": -32000000,
        "othercomprehensiveincomelossavailableforsalesecuritiesadjustmentnetoftax": -2000000,
        "othercomprehensiveincomelossnetoftax": -34000000,
        "comprehensiveincomenetoftaxincludingportionattributabletononcontrollinginterest": 1701000000,
        "comprehensiveincomenetoftax": 1701000000
    },
    {
        "date": "2021-03-03",
        "symbol": "MU",
        "period": "Q2",
        "revenuefromcontractwithcustomerexcludingassessedtax": 6236000000,
        "costofgoodsandservicessold": 4587000000,
        "grossprofit": 1649000000,
        "researchanddevelopmentexpense": 641000000,
        "sellinggeneralandadministrativeexpense": 214000000,
        "otheroperatingincomeexpensenet": -131000000,
        "operatingincomeloss": 663000000,
        "investmentincomenet": 10000000,
        "interestexpense": 42000000,
        "othernonoperatingincomeexpense": 4000000,
        "incomelossfromcontinuingoperationsbeforeincometaxesminorityinterestandincomelossfromequitymethodinvestments": 635000000,
        "incometaxexpensebenefit": 48000000,
        "incomelossfromequitymethodinvestments": 16000000,
        "profitloss": 603000000,
        "netincomeloss": 603000000,
        "earningspersharebasic": 0.54,
        "earningspersharediluted": 0.53,
        "weightedaveragenumberofsharesoutstandingbasic": 1120000000,
        "weightedaveragenumberofdilutedsharesoutstanding": 1144000000,
        "othercomprehensiveincomelosscashflowhedgegainlossafterreclassificationandtax": -28000000,
        "othercomprehensiveincomelossavailableforsalesecuritiesadjustmentnetoftax": -3000000,
        "othercomprehensiveincomelosspensionandotherpostretirementbenefitplansadjustmentnetoftax": -1000000,
        "othercomprehensiveincomelossforeigncurrencytransactionandtranslationadjustmentnetoftax": 1000000,
        "othercomprehensiveincomelossnetoftax": -29000000,
        "comprehensiveincomenetoftaxincludingportionattributabletononcontrollinginterest": 574000000,
        "comprehensiveincomenetoftax": 574000000
    },
    {
        "date": "2020-12-02",
        "symbol": "MU",
        "period": "Q1",
        "revenuefromcontractwithcustomerexcludingassessedtax": 5773000000,
        "costofgoodsandservicessold": 4037000000,
        "grossprofit": 1736000000,
        "researchanddevelopmentexpense": 647000000,
        "sellinggeneralandadministrativeexpense": 214000000,
        "otheroperatingincomeexpensenet": -9000000,
        "operatingincomeloss": 866000000,
        "investmentincomenet": 10000000,
        "interestexpense": 48000000,
        "othernonoperatingincomeexpense": 13000000,
        "incomelossfromcontinuingoperationsbeforeincometaxesminorityinterestandincomelossfromequitymethodinvestments": 841000000,
        "incometaxexpensebenefit": 51000000,
        "incomelossfromequitymethodinvestments": 13000000,
        "profitloss": 803000000,
        "netincomeloss": 803000000,
        "earningspersharebasic": 0.72,
        "earningspersharediluted": 0.71,
        "weightedaveragenumberofsharesoutstandingbasic": 1115000000,
        "weightedaveragenumberofdilutedsharesoutstanding": 1135000000,
        "othercomprehensiveincomelosscashflowhedgegainlossafterreclassificationandtax": 40000000,
        "othercomprehensiveincomelossavailableforsalesecuritiesadjustmentnetoftax": -1000000,
        "othercomprehensiveincomelossnetoftax": 39000000,
        "comprehensiveincomenetoftaxincludingportionattributabletononcontrollinginterest": 842000000,
        "comprehensiveincomenetoftax": 842000000
    },
    {
        "date": "2020-09-02",
        "symbol": "MU",
        "period": "Q4",
        "revenuefromcontractwithcustomerexcludingassessedtax": 6056000000,
        "costofgoodsandservicessold": 3988000000,
        "grossprofit": 2068000000,
        "researchanddevelopmentexpense": 630000000,
        "sellinggeneralandadministrativeexpense": 231000000,
        "otheroperatingincomeexpensenet": -50000000,
        "operatingincomeloss": 1157000000,
        "investmentincomenet": 13000000,
        "interestexpense": 50000000,
        "othernonoperatingincomeexpense": 5000000,
        "incomelossfromcontinuingoperationsbeforeincometaxesminorityinterestandincomelossfromequitymethodinvestments": 1125000000,
        "incometaxexpensebenefit": 136000000,
        "incomelossfromequitymethodinvestments": 1000000,
        "profitloss": 990000000,
        "netincomelossattributabletononcontrollinginterest": 2000000,
        "netincomeloss": 988000000,
        "earningspersharebasic": 0.8899999999999999,
        "earningspersharediluted": 0.8700000000000001,
        "weightedaveragenumberofsharesoutstandingbasic": -1110000000,
        "weightedaveragenumberofdilutedsharesoutstanding": -1129000000,
        "othercomprehensiveincomelosscashflowhedgegainlossafterreclassificationandtax": 64000000,
        "othercomprehensiveincomelossavailableforsalesecuritiesadjustmentnetoftax": 1000000,
        "othercomprehensiveincomelossnetoftax": 82000000,
        "comprehensiveincomenetoftaxincludingportionattributabletononcontrollinginterest": 1072000000,
        "comprehensiveincomenetoftaxattributabletononcontrollinginterest": 2000000,
        "comprehensiveincomenetoftax": 1070000000
    },
    {
        "date": "2020-05-27",
        "symbol": "MU",
        "period": "Q3",
        "revenuefromcontractwithcustomerexcludingassessedtax": 5438000000,
        "costofgoodsandservicessold": 3675000000,
        "grossprofit": 1763000000,
        "sellinggeneralandadministrativeexpense": 216000000,
        "researchanddevelopmentexpense": 649000000,
        "otheroperatingincomeexpensenet": -10000000,
        "operatingincomeloss": 888000000,
        "investmentincomenet": 23000000,
        "interestexpense": 51000000,
        "othernonoperatingincomeexpense": 10000000,
        "incomelossfromcontinuingoperationsbeforeincometaxesminorityinterestandincomelossfromequitymethodinvestments": 870000000,
        "incometaxexpensebenefit": 68000000,
        "incomelossfromequitymethodinvestments": 3000000,
        "profitloss": 805000000,
        "netincomelossattributabletononcontrollinginterest": 2000000,
        "netincomeloss": 803000000,
        "earningspersharebasic": 0.72,
        "earningspersharediluted": 0.71,
        "weightedaveragenumberofsharesoutstandingbasic": 1111000000,
        "weightedaveragenumberofdilutedsharesoutstanding": 1129000000,
        "othercomprehensiveincomelosscashflowhedgegainlossafterreclassificationandtax": -3000000,
        "othercomprehensiveincomelosspensionandotherpostretirementbenefitplansadjustmentnetoftax": 1000000,
        "othercomprehensiveincomelossavailableforsalesecuritiesadjustmentnetoftax": 2000000,
        "othercomprehensiveincomelossnetoftax": -2000000,
        "comprehensiveincomenetoftaxincludingportionattributabletononcontrollinginterest": 803000000,
        "comprehensiveincomenetoftaxattributabletononcontrollinginterest": 2000000,
        "comprehensiveincomenetoftax": 801000000
    },
    {
        "date": "2020-02-26",
        "symbol": "MU",
        "period": "Q2",
        "revenuefromcontractwithcustomerexcludingassessedtax": 4797000000,
        "costofgoodsandservicessold": 3442000000,
        "grossprofit": 1355000000,
        "sellinggeneralandadministrativeexpense": 223000000,
        "researchanddevelopmentexpense": 681000000,
        "otheroperatingincomeexpensenet": -11000000,
        "operatingincomeloss": 440000000,
        "investmentincomenet": 34000000,
        "interestexpense": 46000000,
        "othernonoperatingincomeexpense": -1000000,
        "incomelossfromcontinuingoperationsbeforeincometaxesminorityinterestandincomelossfromequitymethodinvestments": 427000000,
        "incometaxexpensebenefit": 21000000,
        "incomelossfromequitymethodinvestments": 1000000,
        "profitloss": 407000000,
        "netincomelossattributabletononcontrollinginterest": 2000000,
        "netincomeloss": 405000000,
        "earningspersharebasic": 0.37000000000000005,
        "earningspersharediluted": 0.36000000000000004,
        "weightedaveragenumberofsharesoutstandingbasic": 2000000,
        "weightedaveragenumberofdilutedsharesoutstanding": 2000000,
        "othercomprehensiveincomelosscashflowhedgegainlossafterreclassificationandtax": -18000000,
        "othercomprehensiveincomelossavailableforsalesecuritiesadjustmentnetoftax": 3000000,
        "othercomprehensiveincomelosspensionandotherpostretirementbenefitplansadjustmentnetoftax": 0,
        "othercomprehensiveincomelossnetoftax": -15000000,
        "comprehensiveincomenetoftaxincludingportionattributabletononcontrollinginterest": 392000000,
        "comprehensiveincomenetoftaxattributabletononcontrollinginterest": 2000000,
        "comprehensiveincomenetoftax": 390000000
    },
    {
        "date": "2019-11-27",
        "symbol": "MU",
        "period": "Q1",
        "revenuefromcontractwithcustomerexcludingassessedtax": 5144000000,
        "costofgoodsandservicessold": 3778000000,
        "grossprofit": 1366000000,
        "sellinggeneralandadministrativeexpense": 211000000,
        "researchanddevelopmentexpense": 640000000,
        "otheroperatingincomeexpensenet": 3000000,
        "operatingincomeloss": 518000000,
        "investmentincomenet": 44000000,
        "interestexpense": 47000000,
        "othernonoperatingincomeexpense": 46000000,
        "incomelossfromcontinuingoperationsbeforeincometaxesminorityinterestandincomelossfromequitymethodinvestments": 561000000,
        "incometaxexpensebenefit": 55000000,
        "incomelossfromequitymethodinvestments": 2000000,
        "profitloss": 508000000,
        "netincomelossattributabletononcontrollinginterest": 17000000,
        "netincomeloss": 491000000,
        "earningspersharebasic": 0.44,
        "earningspersharediluted": 0.43,
        "weightedaveragenumberofsharesoutstandingbasic": 1107000000,
        "weightedaveragenumberofdilutedsharesoutstanding": 1129000000,
        "othercomprehensiveincomelossavailableforsalesecuritiesadjustmentnetoftax": -5000000,
        "othercomprehensiveincomelosspensionandotherpostretirementbenefitplansadjustmentnetoftax": 1000000,
        "othercomprehensiveincomelosscashflowhedgegainlossafterreclassificationandtax": 3000000,
        "othercomprehensiveincomelossnetoftax": -3000000,
        "comprehensiveincomenetoftaxincludingportionattributabletononcontrollinginterest": 505000000,
        "comprehensiveincomenetoftaxattributabletononcontrollinginterest": 17000000,
        "comprehensiveincomenetoftax": 488000000
    },
    {
        "date": "2019-05-29",
        "symbol": "MU",
        "period": "Q3",
        "profitloss": 851000000,
        "othercomprehensiveincomelossavailableforsalesecuritiesadjustmentnetoftax": 3000000,
        "othercomprehensiveincomelossderivativesqualifyingashedgesnetoftax": 0,
        "othercomprehensiveincomelossnetoftax": 2000000,
        "comprehensiveincomenetoftaxincludingportionattributabletononcontrollinginterest": 853000000,
        "comprehensiveincomenetoftaxattributabletononcontrollinginterest": 11000000,
        "comprehensiveincomenetoftax": 842000000,
        "revenuefromcontractwithcustomerexcludingassessedtax": 22000000,
        "costofgoodsandservicessold": -4000000,
        "grossprofit": 1828000000,
        "sellinggeneralandadministrativeexpense": 206000000,
        "researchanddevelopmentexpense": 606000000,
        "otheroperatingincomeexpensenet": 18000000,
        "operatingincomeloss": 4000000,
        "investmentincomenet": 52000000,
        "interestexpense": 2000000,
        "othernonoperatingincomeexpense": -317000000,
        "incomelossfromcontinuingoperationsbeforeincometaxesminorityinterestandincomelossfromequitymethodinvestments": 716000000,
        "incometaxexpensebenefit": -8000000,
        "netincomelossattributabletononcontrollinginterest": 11000000,
        "netincomeloss": -33000000,
        "earningspersharebasic": 0.79,
        "earningspersharediluted": 0.7799999999999998,
        "weightedaveragenumberofsharesoutstandingbasic": -1130000000,
        "weightedaveragenumberofdilutedsharesoutstanding": -1167000000
    },
    {
        "date": "2019-02-27",
        "symbol": "MU",
        "period": "Q2",
        "profitloss": 1625000000,
        "othercomprehensiveincomelossderivativesqualifyingashedgesnetoftax": 6000000,
        "othercomprehensiveincomelossavailableforsalesecuritiesadjustmentnetoftax": 6000000,
        "othercomprehensiveincomelossforeigncurrencytransactionandtranslationadjustmentnetoftax": -1000000,
        "othercomprehensiveincomelossnetoftax": 11000000,
        "comprehensiveincomenetoftaxincludingportionattributabletononcontrollinginterest": 1636000000,
        "comprehensiveincomenetoftaxattributabletononcontrollinginterest": 6000000,
        "comprehensiveincomenetoftax": 1630000000,
        "revenuefromcontractwithcustomerexcludingassessedtax": 21000000,
        "costofgoodsandservicessold": 28000000,
        "grossprofit": 2864000000,
        "sellinggeneralandadministrativeexpense": 209000000,
        "researchanddevelopmentexpense": 601000000,
        "otheroperatingincomeexpensenet": -13000000,
        "operatingincomeloss": 1000000,
        "investmentincomenet": 58000000,
        "interestexpense": 1000000,
        "othernonoperatingincomeexpense": -84000000,
        "incomelossfromcontinuingoperationsbeforeincometaxesminorityinterestandincomelossfromequitymethodinvestments": 1904000000,
        "incometaxexpensebenefit": -8000000,
        "incomelossfromequitymethodinvestments": 1000000,
        "netincomelossattributabletononcontrollinginterest": 6000000,
        "netincomeloss": -1000000,
        "earningspersharebasic": 1.45,
        "earningspersharediluted": 1.42,
        "weightedaveragenumberofsharesoutstandingbasic": 1114000000,
        "weightedaveragenumberofdilutedsharesoutstanding": 1141000000
    },
    {
        "date": "2018-11-28",
        "symbol": "MU",
        "period": "Q1",
        "profitloss": 3296000000,
        "othercomprehensiveincomelossderivativesqualifyingashedgesnetoftax": -12000000,
        "othercomprehensiveincomelossavailableforsalesecuritiesadjustmentnetoftax": -3000000,
        "othercomprehensiveincomelossnetoftax": -15000000,
        "comprehensiveincomenetoftaxincludingportionattributabletononcontrollinginterest": 3281000000,
        "comprehensiveincomenetoftaxattributabletononcontrollinginterest": 3000000,
        "comprehensiveincomenetoftax": 3278000000,
        "revenuefromcontractwithcustomerexcludingassessedtax": 21000000,
        "costofgoodsandservicessold": 41000000,
        "grossprofit": 4615000000,
        "sellinggeneralandadministrativeexpense": 209000000,
        "researchanddevelopmentexpense": 611000000,
        "otheroperatingincomeexpensenet": -37000000,
        "operatingincomeloss": 6000000,
        "investmentincomenet": 38000000,
        "interestexpense": 2000000,
        "othernonoperatingincomeexpense": 9000000,
        "incomelossfromcontinuingoperationsbeforeincometaxesminorityinterestandincomelossfromequitymethodinvestments": 3773000000,
        "incometaxexpensebenefit": 3000000,
        "netincomelossattributabletononcontrollinginterest": 3000000,
        "netincomeloss": 49000000,
        "earningspersharebasic": 2.91,
        "earningspersharediluted": 2.81,
        "weightedaveragenumberofsharesoutstandingbasic": 1133000000,
        "weightedaveragenumberofdilutedsharesoutstanding": 1174000000
    },
    {
        "date": "2018-08-29",
        "symbol": "MU",
        "period": "Q4",
        "profitloss": 4323000000,
        "othercomprehensiveincomelossderivativesqualifyingashedgesnetoftax": -9000000,
        "othercomprehensiveincomelossnetoftax": -12000000,
        "comprehensiveincomenetoftaxincludingportionattributabletononcontrollinginterest": 4314000000,
        "comprehensiveincomenetoftax": 4313000000,
        "costofgoodsandservicessold": 3289000000,
        "grossprofit": 5151000000,
        "sellinggeneralandadministrativeexpense": 215000000,
        "researchanddevelopmentexpense": 567000000,
        "otheroperatingincomeexpensenet": -8000000,
        "investmentincomenet": 34000000,
        "interestexpense": 50000000,
        "othernonoperatingincomeexpense": -15000000,
        "incomelossfromcontinuingoperationsbeforeincometaxesminorityinterestandincomelossfromequitymethodinvestments": 4346000000,
        "incometaxexpensebenefit": 20000000,
        "netincomeloss": 4325000000,
        "earningspersharebasic": 3.7399999999999998,
        "earningspersharediluted": 3.5500000000000003,
        "weightedaveragenumberofsharesoutstandingbasic": 2000000,
        "weightedaveragenumberofdilutedsharesoutstanding": -4000000
    },
    {
        "date": "2018-05-30",
        "symbol": "MU",
        "period": "Q3",
        "profitloss": 3823000000,
        "othercomprehensiveincomelossderivativesqualifyingashedgesnetoftax": -21000000,
        "othercomprehensiveincomelossavailableforsalesecuritiesadjustmentnetoftax": 0,
        "othercomprehensiveincomelossnetoftax": -21000000,
        "comprehensiveincomenetoftaxincludingportionattributabletononcontrollinginterest": 3802000000,
        "comprehensiveincomenetoftax": 3802000000,
        "salesrevenuenet": 16000000,
        "costofgoodsandservicessold": 3074000000,
        "grossprofit": 4723000000,
        "sellinggeneralandadministrativeexpense": 211000000,
        "researchanddevelopmentexpense": 603000000,
        "otheroperatingincomeexpensenet": -8000000,
        "operatingincomeloss": 0,
        "investmentincomenet": 36000000,
        "interestexpense": 80000000,
        "othernonoperatingincomeexpense": -193000000,
        "incomelossfromcontinuingoperationsbeforeincometaxesminorityinterestandincomelossfromequitymethodinvestments": 3716000000,
        "incometaxexpensebenefit": -109000000,
        "netincomeloss": 3823000000,
        "earningspersharebasic": 3.31,
        "earningspersharediluted": 3.1,
        "weightedaveragenumberofsharesoutstandingbasic": -1140000000,
        "weightedaveragenumberofdilutedsharesoutstanding": -1230000000
    },
    {
        "date": "2018-02-28",
        "symbol": "MU",
        "period": "Q2",
        "profitloss": 3311000000,
        "othercomprehensiveincomelossderivativesqualifyingashedgesnetoftax": 18000000,
        "othercomprehensiveincomelosspensionandotherpostretirementbenefitplansadjustmentnetoftax": -2000000,
        "othercomprehensiveincomelossavailableforsalesecuritiesadjustmentnetoftax": -1000000,
        "othercomprehensiveincomelossnetoftax": 19000000,
        "comprehensiveincomenetoftaxincludingportionattributabletononcontrollinginterest": 3330000000,
        "comprehensiveincomenetoftaxattributabletononcontrollinginterest": 2000000,
        "comprehensiveincomenetoftax": 3328000000,
        "salesrevenuenet": 11000000,
        "costofgoodsandservicessold": 3081000000,
        "grossprofit": 4270000000,
        "sellinggeneralandadministrativeexpense": 196000000,
        "researchanddevelopmentexpense": 523000000,
        "otheroperatingincomeexpensenet": -4000000,
        "operatingincomeloss": -2000000,
        "investmentincomenet": 27000000,
        "interestexpense": 88000000,
        "othernonoperatingincomeexpense": -53000000,
        "incomelossfromcontinuingoperationsbeforeincometaxesminorityinterestandincomelossfromequitymethodinvestments": 3453000000,
        "incometaxexpensebenefit": 143000000,
        "incomelossfromequitymethodinvestments": 1000000,
        "netincomelossattributabletononcontrollinginterest": 2000000,
        "netincomeloss": 3309000000,
        "earningspersharebasic": 2.86,
        "earningspersharediluted": 2.67,
        "weightedaveragenumberofsharesoutstandingbasic": 1156000000,
        "weightedaveragenumberofdilutedsharesoutstanding": 1238000000
    },
    {
        "date": "2017-11-29",
        "symbol": "MU",
        "period": "Q1",
        "profitloss": 2678000000,
        "othercomprehensiveincomelossderivativesqualifyingashedgesnetoftax": -3000000,
        "othercomprehensiveincomelosspensionandotherpostretirementbenefitplansadjustmentnetoftax": 1000000,
        "othercomprehensiveincomelossavailableforsalesecuritiesadjustmentnetoftax": -1000000,
        "othercomprehensiveincomelossnetoftax": -5000000,
        "comprehensiveincomenetoftaxincludingportionattributabletononcontrollinginterest": 2673000000,
        "comprehensiveincomenetoftax": 2673000000,
        "salesrevenuenet": 13000000,
        "costofgoodsandservicessold": 3056000000,
        "grossprofit": 3747000000,
        "sellinggeneralandadministrativeexpense": 191000000,
        "researchanddevelopmentexpense": 448000000,
        "otheroperatingincomeexpensenet": -3000000,
        "operatingincomeloss": -4000000,
        "investmentincomenet": 23000000,
        "interestexpense": 124000000,
        "othernonoperatingincomeexpense": -204000000,
        "incomelossfromcontinuingoperationsbeforeincometaxesminorityinterestandincomelossfromequitymethodinvestments": 2792000000,
        "incometaxexpensebenefit": 114000000,
        "netincomeloss": 2678000000,
        "earningspersharebasic": 2.36,
        "earningspersharediluted": 2.19,
        "weightedaveragenumberofsharesoutstandingbasic": 1134000000,
        "weightedaveragenumberofdilutedsharesoutstanding": 1225000000
    },
    {
        "date": "2017-08-30",
        "symbol": "MU",
        "period": "Q4",
        "profitloss": 2368000000,
        "comprehensiveincomenetoftaxincludingportionattributabletononcontrollinginterest": 2386000000,
        "comprehensiveincomenetoftax": 2385000000,
        "salesrevenuenet": 1174000000,
        "costofgoodsandservicessold": -5382000000,
        "grossprofit": 3112000000,
        "sellinggeneralandadministrativeexpense": -219000000,
        "researchanddevelopmentexpense": 1713000000,
        "restructuringsettlementandimpairmentprovisions": -27000000,
        "otheroperatingincomeexpensenet": -3000000,
        "operatingincomeloss": -12000000,
        "investmentincomenet": 16000000,
        "interestexpense": 148000000,
        "othernonoperatingincomeexpense": -6000000,
        "incomelossfromcontinuingoperationsbeforeincometaxesminorityinterestandincomelossfromequitymethodinvestments": -3018000000,
        "incometaxexpensebenefit": -183000000,
        "incomelossfromequitymethodinvestments": 0,
        "netincomeloss": 2368000000,
        "earningspersharebasic": 2.1799999999999997,
        "earningspersharediluted": 2.06,
        "weightedaveragenumberofsharesoutstandingbasic": -1087000000,
        "weightedaveragenumberofdilutedsharesoutstanding": -1148000000
    },
    {
        "date": "2017-05-31",
        "symbol": "MU",
        "period": "Q3",
        "profitloss": 1647000000,
        "othercomprehensiveincomelossforeigncurrencytransactionandtranslationadjustmentnetoftax": 11000000,
        "othercomprehensiveincomelossderivativesqualifyingashedgesnetoftax": 6000000,
        "othercomprehensiveincomelosspensionandotherpostretirementbenefitplansadjustmentnetoftax": -1000000,
        "othercomprehensiveincomelossavailableforsalesecuritiesadjustmentnetoftax": 1000000,
        "othercomprehensiveincomelossnetoftax": 19000000,
        "comprehensiveincomenetoftaxincludingportionattributabletononcontrollinginterest": 1666000000,
        "comprehensiveincomenetoftax": 1666000000,
        "salesrevenuenet": 138000000,
        "costofgoodsandservicessold": 2957000000,
        "grossprofit": 2609000000,
        "sellinggeneralandadministrativeexpense": 204000000,
        "researchanddevelopmentexpense": -47000000,
        "restructuringsettlementandimpairmentprovisions": 12000000,
        "otheroperatingincomeexpensenet": -3000000,
        "operatingincomeloss": 16000000,
        "investmentincomenet": 10000000,
        "interestexpense": 153000000,
        "othernonoperatingincomeexpense": -83000000,
        "incomelossfromcontinuingoperationsbeforeincometaxesminorityinterestandincomelossfromequitymethodinvestments": 1737000000,
        "incometaxexpensebenefit": 92000000,
        "incomelossfromequitymethodinvestments": 2000000,
        "netincomeloss": 1647000000,
        "earningspersharebasic": 1.49,
        "earningspersharediluted": 1.4,
        "weightedaveragenumberofsharesoutstandingbasic": 1106000000,
        "weightedaveragenumberofdilutedsharesoutstanding": 1177000000
    },
    {
        "date": "2017-03-01",
        "symbol": "MU",
        "period": "Q2",
        "profitloss": 894000000,
        "othercomprehensiveincomelossforeigncurrencytransactionandtranslationadjustmentnetoftax": 0,
        "othercomprehensiveincomelossderivativesqualifyingashedgesnetoftax": 0,
        "othercomprehensiveincomelosspensionandotherpostretirementbenefitplansadjustmentnetoftax": 0,
        "othercomprehensiveincomelossavailableforsalesecuritiesadjustmentnetoftax": 0,
        "othercomprehensiveincomelossnetoftax": 0,
        "comprehensiveincomenetoftaxincludingportionattributabletononcontrollinginterest": 894000000,
        "comprehensiveincomenetoftax": 894000000,
        "salesrevenuenet": -3922000000,
        "costofgoodsandservicessold": 2944000000,
        "grossprofit": 1704000000,
        "sellinggeneralandadministrativeexpense": 187000000,
        "researchanddevelopmentexpense": -585000000,
        "restructuringsettlementandimpairmentprovisions": 4000000,
        "otheroperatingincomeexpensenet": -24000000,
        "operatingincomeloss": -340000000,
        "investmentincomenet": 8000000,
        "interestexpense": 161000000,
        "othernonoperatingincomeexpense": 34000000,
        "incomelossfromcontinuingoperationsbeforeincometaxesminorityinterestandincomelossfromequitymethodinvestments": 925000000,
        "incometaxexpensebenefit": 38000000,
        "incomelossfromequitymethodinvestments": -3000000,
        "netincomeloss": 894000000,
        "earningspersharebasic": 0.83,
        "earningspersharediluted": 0.7899999999999999,
        "weightedaveragenumberofsharesoutstandingbasic": 30000000,
        "weightedaveragenumberofdilutedsharesoutstanding": 34000000
    },
    {
        "date": "2016-11-30",
        "symbol": "MU",
        "period": "Q1",
        "profitloss": 180000000,
        "othercomprehensiveincomelossforeigncurrencytransactionandtranslationadjustmentnetoftax": 37000000,
        "othercomprehensiveincomelossderivativesqualifyingashedgesnetoftax": -7000000,
        "othercomprehensiveincomelosspensionandotherpostretirementbenefitplansadjustmentnetoftax": 1000000,
        "othercomprehensiveincomelossavailableforsalesecuritiesadjustmentnetoftax": -1000000,
        "othercomprehensiveincomelossnetoftax": 28000000,
        "comprehensiveincomenetoftaxincludingportionattributabletononcontrollinginterest": 208000000,
        "comprehensiveincomenetoftax": 208000000,
        "salesrevenuenet": 3970000000,
        "costofgoodsandservicessold": 2959000000,
        "grossprofit": 1011000000,
        "sellinggeneralandadministrativeexpense": 159000000,
        "researchanddevelopmentexpense": 470000000,
        "restructuringsettlementandimpairmentprovisions": 29000000,
        "otheroperatingincomeexpensenet": 6000000,
        "operatingincomeloss": 359000000,
        "investmentincomenet": 7000000,
        "interestexpense": 139000000,
        "othernonoperatingincomeexpense": -14000000,
        "incomelossfromcontinuingoperationsbeforeincometaxesminorityinterestandincomelossfromequitymethodinvestments": 213000000,
        "incometaxexpensebenefit": 31000000,
        "incomelossfromequitymethodinvestments": -2000000,
        "netincomeloss": 180000000,
        "earningspersharebasic": 0.17,
        "earningspersharediluted": 0.16,
        "weightedaveragenumberofsharesoutstandingbasic": 1040000000,
        "weightedaveragenumberofdilutedsharesoutstanding": 1091000000
    },
    {
        "date": "2016-08-31",
        "symbol": "MU",
        "period": "Q4",
        "profitloss": -171000000,
        "othercomprehensiveincomelossforeigncurrencytransactionandtranslationadjustmentnetoftax": 1000000,
        "othercomprehensiveincomelossderivativesqualifyingashedgesnetoftax": 5000000,
        "othercomprehensiveincomelossavailableforsalesecuritiesadjustmentnetoftax": 1000000,
        "othercomprehensiveincomelossnetoftax": 3000000,
        "comprehensiveincomenetoftaxincludingportionattributabletononcontrollinginterest": -167000000,
        "comprehensiveincomenetoftax": -167000000,
        "salesrevenuenet": 865000000,
        "costofgoodsandservicessold": -3631000000,
        "grossprofit": -22000000,
        "sellinggeneralandadministrativeexpense": -236000000,
        "researchanddevelopmentexpense": -52000000,
        "otheroperatingincomeexpensenet": -8000000,
        "operatingincomeloss": 14000000,
        "investmentincomenet": 9000000,
        "interestexpense": 135000000,
        "othernonoperatingincomeexpense": 226000000,
        "incomelossfromcontinuingoperationsbeforeincometaxesminorityinterestandincomelossfromequitymethodinvestments": 59000000,
        "incometaxexpensebenefit": -26000000,
        "incomelossfromequitymethodinvestments": 5000000,
        "netincomeloss": -170000000,
        "earningspersharebasic": -0.17,
        "earningspersharediluted": -0.17,
        "weightedaveragenumberofsharesoutstandingbasic": 1000000,
        "weightedaveragenumberofdilutedsharesoutstanding": 1000000
    },
    {
        "date": "2016-06-01",
        "symbol": "MU",
        "period": "Q3",
        "profitloss": -215000000,
        "othercomprehensiveincomelossforeigncurrencytransactionandtranslationadjustmentnetoftax": 39000000,
        "othercomprehensiveincomelossavailableforsalesecuritiesadjustmentnetoftax": 4000000,
        "othercomprehensiveincomelossderivativesqualifyingashedgesnetoftax": 3000000,
        "othercomprehensiveincomelosspensionandotherpostretirementbenefitplansadjustmentnetoftax": 0,
        "othercomprehensiveincomelossnetoftax": 46000000,
        "comprehensiveincomenetoftaxincludingportionattributabletononcontrollinginterest": -169000000,
        "comprehensiveincomenetoftax": -169000000,
        "salesrevenuenet": 41000000,
        "costofgoodsandservicessold": 2400000000,
        "grossprofit": 498000000,
        "sellinggeneralandadministrativeexpense": 148000000,
        "researchanddevelopmentexpense": -54000000,
        "otheroperatingincomeexpensenet": 5000000,
        "operatingincomeloss": 15000000,
        "investmentincomenet": 10000000,
        "interestexpense": 109000000,
        "othernonoperatingincomeexpense": -34000000,
        "incomelossfromcontinuingoperationsbeforeincometaxesminorityinterestandincomelossfromequitymethodinvestments": -160000000,
        "incometaxexpensebenefit": 15000000,
        "incomelossfromequitymethodinvestments": -22000000,
        "netincomeloss": -215000000,
        "earningspersharebasic": -0.21000000000000002,
        "earningspersharediluted": -0.2,
        "weightedaveragenumberofsharesoutstandingbasic": -1036000000,
        "weightedaveragenumberofdilutedsharesoutstanding": -1086000000
    },
    {
        "date": "2016-03-02",
        "symbol": "MU",
        "period": "Q2",
        "profitloss": -96000000,
        "othercomprehensiveincomelossderivativesqualifyingashedgesnetoftax": 3000000,
        "othercomprehensiveincomelossforeigncurrencytransactionandtranslationadjustmentnetoftax": 1000000,
        "othercomprehensiveincomelosspensionandotherpostretirementbenefitplansadjustmentnetoftax": -1000000,
        "othercomprehensiveincomelossavailableforsalesecuritiesadjustmentnetoftax": 1000000,
        "othercomprehensiveincomelossnetoftax": 6000000,
        "comprehensiveincomenetoftaxincludingportionattributabletononcontrollinginterest": -90000000,
        "comprehensiveincomenetoftaxattributabletononcontrollinginterest": 1000000,
        "comprehensiveincomenetoftax": -91000000,
        "salesrevenuenet": 17000000,
        "costofgoodsandservicessold": 2355000000,
        "grossprofit": 579000000,
        "sellinggeneralandadministrativeexpense": 175000000,
        "researchanddevelopmentexpense": -53000000,
        "otheroperatingincomeexpensenet": -6000000,
        "operatingincomeloss": 3000000,
        "investmentincomenet": 12000000,
        "interestexpense": 97000000,
        "othernonoperatingincomeexpense": -6000000,
        "incomelossfromcontinuingoperationsbeforeincometaxesminorityinterestandincomelossfromequitymethodinvestments": -96000000,
        "incometaxexpensebenefit": 5000000,
        "incomelossfromequitymethodinvestments": 3000000,
        "netincomelossattributabletononcontrollinginterest": 1000000,
        "netincomeloss": -97000000,
        "earningspersharebasic": -0.09,
        "earningspersharediluted": -0.09,
        "weightedaveragenumberofsharesoutstandingbasic": 1036000000,
        "weightedaveragenumberofdilutedsharesoutstanding": 1036000000
    },
    {
        "date": "2015-12-02",
        "symbol": "MU",
        "period": "Q1",
        "profitloss": 206000000,
        "othercomprehensiveincomelossforeigncurrencytransactionandtranslationadjustmentnetoftax": -90000000,
        "othercomprehensiveincomelossderivativesqualifyingashedgesnetoftax": -4000000,
        "othercomprehensiveincomelossavailableforsalesecuritiesadjustmentnetoftax": -3000000,
        "othercomprehensiveincomelosspensionandotherpostretirementbenefitplansadjustmentnetoftax": 6000000,
        "othercomprehensiveincomelossnetoftax": -103000000,
        "comprehensiveincomenetoftaxincludingportionattributabletononcontrollinginterest": 103000000,
        "comprehensiveincomenetoftax": 103000000,
        "salesrevenuenet": 14000000,
        "costofgoodsandservicessold": 2501000000,
        "grossprofit": 849000000,
        "sellinggeneralandadministrativeexpense": 179000000,
        "researchanddevelopmentexpense": -46000000,
        "otheroperatingincomeexpensenet": -17000000,
        "operatingincomeloss": 3000000,
        "investmentincomenet": 11000000,
        "interestexpense": 96000000,
        "othernonoperatingincomeexpense": -4000000,
        "incomelossfromcontinuingoperationsbeforeincometaxesminorityinterestandincomelossfromequitymethodinvestments": 143000000,
        "incometaxexpensebenefit": -4000000,
        "incomelossfromequitymethodinvestments": 3000000,
        "netincomeloss": 206000000,
        "earningspersharebasic": 0.2,
        "earningspersharediluted": 0.19,
        "weightedaveragenumberofsharesoutstandingbasic": 1035000000,
        "weightedaveragenumberofdilutedsharesoutstanding": 1085000000
    },
    {
        "date": "2015-09-02",
        "symbol": "MU",
        "period": "Q4",
        "profitloss": 471000000,
        "othercomprehensiveincomelossforeigncurrencytransactionandtranslationadjustmentnetoftax": 15000000,
        "othercomprehensiveincomelossderivativesqualifyingashedgesnetoftax": 1000000,
        "othercomprehensiveincomelosspensionandotherpostretirementbenefitplansadjustmentnetoftax": -1000000,
        "othercomprehensiveincomelossnetoftax": 16000000,
        "comprehensiveincomenetoftaxincludingportionattributabletononcontrollinginterest": 486000000,
        "comprehensiveincomenetoftax": 487000000,
        "salesrevenuenet": 1177000000,
        "costofgoodsandservicessold": -5018000000,
        "grossprofit": -2027000000,
        "sellinggeneralandadministrativeexpense": -250000000,
        "researchanddevelopmentexpense": -66000000,
        "otheroperatingincomeexpensenet": -24000000,
        "operatingincomeloss": 8000000,
        "investmentincomenet": 11000000,
        "interestexpense": 101000000,
        "othernonoperatingincomeexpense": -14000000,
        "incomelossfromcontinuingoperationsbeforeincometaxesminorityinterestandincomelossfromequitymethodinvestments": -2164000000,
        "incometaxexpensebenefit": -264000000,
        "incomelossfromequitymethodinvestments": 4000000,
        "netincomeloss": 471000000,
        "earningspersharebasic": 0.4500000000000002,
        "earningspersharediluted": 0.4200000000000005,
        "weightedaveragenumberofsharesoutstandingbasic": -2000000,
        "weightedaveragenumberofdilutedsharesoutstanding": -15000000
    },
    {
        "date": "2015-06-03",
        "symbol": "MU",
        "period": "Q3",
        "profitloss": 1494000000,
        "othercomprehensiveincomelossforeigncurrencytransactionandtranslationadjustmentnetoftax": 17000000,
        "othercomprehensiveincomelosspensionandotherpostretirementbenefitplansadjustmentnetoftax": -1000000,
        "othercomprehensiveincomelossderivativesqualifyingashedgesnetoftax": -1000000,
        "othercomprehensiveincomelossnetoftax": 16000000,
        "comprehensiveincomenetoftaxincludingportionattributabletononcontrollinginterest": 1489000000,
        "comprehensiveincomenetoftax": 506000000,
        "salesrevenuenet": -901000000,
        "costofgoodsandservicessold": 2651000000,
        "grossprofit": 1202000000,
        "sellinggeneralandadministrativeexpense": 169000000,
        "researchanddevelopmentexpense": -58000000,
        "otheroperatingincomeexpensenet": 4000000,
        "operatingincomeloss": -607000000,
        "investmentincomenet": 9000000,
        "interestexpense": 97000000,
        "othernonoperatingincomeexpense": -16000000,
        "incomelossfromcontinuingoperationsbeforeincometaxesminorityinterestandincomelossfromequitymethodinvestments": 527000000,
        "incometaxexpensebenefit": 104000000,
        "incomelossfromequitymethodinvestments": 3000000,
        "netincomeloss": 491000000,
        "earningspersharebasic": 0.44999999999999973,
        "earningspersharediluted": 0.4299999999999998,
        "weightedaveragenumberofsharesoutstandingbasic": -1072000000,
        "weightedaveragenumberofdilutedsharesoutstanding": -1200000000
    },
    {
        "date": "2015-03-04",
        "symbol": "MU",
        "period": "Q2",
        "profitloss": 935000000,
        "othercomprehensiveincomelossforeigncurrencytransactionandtranslationadjustmentnetoftax": -50000000,
        "othercomprehensiveincomelossderivativesqualifyingashedgesnetoftax": -2000000,
        "othercomprehensiveincomelosspensionandotherpostretirementbenefitplansadjustmentnetoftax": 1000000,
        "othercomprehensiveincomelossavailableforsalesecuritiesadjustmentnetoftax": -1000000,
        "othercomprehensiveincomelossnetoftax": -54000000,
        "comprehensiveincomenetoftaxincludingportionattributabletononcontrollinginterest": 881000000,
        "comprehensiveincomenetoftax": 881000000,
        "salesrevenuenet": 32000000,
        "costofgoodsandservicessold": 2761000000,
        "grossprofit": 1405000000,
        "sellinggeneralandadministrativeexpense": 187000000,
        "researchanddevelopmentexpense": -46000000,
        "otheroperatingincomeexpensenet": 16000000,
        "operatingincomeloss": 21000000,
        "investmentincomenet": 8000000,
        "interestexpense": 83000000,
        "othernonoperatingincomeexpense": -6000000,
        "incomelossfromcontinuingoperationsbeforeincometaxesminorityinterestandincomelossfromequitymethodinvestments": 774000000,
        "incometaxexpensebenefit": 47000000,
        "incomelossfromequitymethodinvestments": 1000000,
        "netincomelossattributabletononcontrollinginterest": 1000000,
        "netincomeloss": 934000000,
        "earningspersharebasic": 0.87,
        "earningspersharediluted": 0.78,
        "weightedaveragenumberofsharesoutstandingbasic": 1074000000,
        "weightedaveragenumberofdilutedsharesoutstanding": 1190000000
    },
    {
        "date": "2014-12-03",
        "symbol": "MU",
        "period": "Q1",
        "profitloss": -1000000,
        "othercomprehensiveincomelossforeigncurrencytransactionandtranslationadjustmentnetoftax": -24000000,
        "othercomprehensiveincomelossderivativesqualifyingashedgesnetoftax": -16000000,
        "othercomprehensiveincomelosspensionandotherpostretirementbenefitplansadjustmentnetoftax": -19000000,
        "othercomprehensiveincomelossnetoftax": -21000000,
        "comprehensiveincomenetoftaxincludingportionattributabletononcontrollinginterest": -1000000,
        "comprehensiveincomenetoftaxattributabletononcontrollinginterest": -1000000,
        "comprehensiveincomenetoftax": 982000000,
        "salesrevenuenet": 940000000,
        "costofgoodsandservicessold": 2935000000,
        "grossprofit": 1638000000,
        "sellinggeneralandadministrativeexpense": 193000000,
        "researchanddevelopmentexpense": -54000000,
        "otheroperatingincomeexpensenet": 16000000,
        "operatingincomeloss": 623000000,
        "investmentincomenet": 7000000,
        "interestexpense": 90000000,
        "othernonoperatingincomeexpense": -49000000,
        "incomelossfromcontinuingoperationsbeforeincometaxesminorityinterestandincomelossfromequitymethodinvestments": 953000000,
        "incometaxexpensebenefit": 75000000,
        "incomelossfromequitymethodinvestments": -7000000,
        "netincomelossattributabletononcontrollinginterest": -1000000,
        "netincomeloss": 1003000000,
        "earningspersharebasic": 0.94,
        "earningspersharediluted": 0.84,
        "weightedaveragenumberofsharesoutstandingbasic": 1070000000,
        "weightedaveragenumberofdilutedsharesoutstanding": 1195000000
    },
    {
        "date": "2014-02-26",
        "symbol": "MU",
        "period": "Q2",
        "profitloss": 741000000,
        "othercomprehensiveincomelossforeigncurrencytransactionandtranslationadjustmentnetoftax": -10000000,
        "othercomprehensiveincomelossderivativesqualifyingashedgesnetoftax": -2000000,
        "othercomprehensiveincomelossavailableforsalesecuritiesadjustmentnetoftax": 1000000,
        "othercomprehensiveincomelosspensionandotherpostretirementbenefitplansadjustmentnetoftax": -2000000,
        "othercomprehensiveincomelossnetoftax": -9000000,
        "comprehensiveincomenetoftaxincludingportionattributabletononcontrollinginterest": 732000000,
        "comprehensiveincomenetoftaxattributabletononcontrollinginterest": 10000000,
        "comprehensiveincomenetoftax": 722000000,
        "salesrevenuenet": 365000000,
        "costofgoodsandservicessold": 2704000000,
        "grossprofit": 1403000000,
        "sellinggeneralandadministrativeexpense": 177000000,
        "researchanddevelopmentexpense": -35000000,
        "restructuringsettlementandimpairmentprovisions": 17000000,
        "otheroperatingincomeexpensenet": -1000000,
        "operatingincomeloss": 59000000,
        "investmentincomeinterest": 6000000,
        "interestexpense": 83000000,
        "othernonoperatingincomeexpense": -122000000,
        "incomelossfromcontinuingoperationsbeforeincometaxesminorityinterestandincomelossfromequitymethodinvestments": 670000000,
        "incometaxexpensebenefit": 63000000,
        "incomelossfromequitymethodinvestments": -1000000,
        "netincomelossattributabletononcontrollinginterest": 10000000,
        "netincomeloss": 731000000,
        "earningspersharebasic": 0.69,
        "earningspersharediluted": 0.61,
        "weightedaveragenumberofsharesoutstandingbasic": 1060000000,
        "weightedaveragenumberofdilutedsharesoutstanding": 1201000000
    },
    {
        "date": "2013-11-27",
        "symbol": "MU",
        "period": "Q1",
        "profitloss": 358000000,
        "othercomprehensiveincomelossforeigncurrencytransactionandtranslationadjustmentnetoftax": 6000000,
        "othercomprehensiveincomelossavailableforsalesecuritiesadjustmentnetoftax": 1000000,
        "othercomprehensiveincomelossderivativesqualifyingashedgesnetoftax": -2000000,
        "othercomprehensiveincomelossnetoftax": 5000000,
        "comprehensiveincomenetoftaxincludingportionattributabletononcontrollinginterest": 23000000,
        "comprehensiveincomenetoftaxattributabletononcontrollinginterest": 23000000,
        "comprehensiveincomenetoftax": 363000000,
        "salesrevenuenet": 806000000,
        "costofgoodsandservicessold": 2761000000,
        "grossprofit": 1281000000,
        "sellinggeneralandadministrativeexpense": 176000000,
        "researchanddevelopmentexpense": 320000000,
        "restructuringsettlementandimpairmentprovisions": -3000000,
        "otheroperatingincomeexpensenet": -237000000,
        "operatingincomeloss": 432000000,
        "investmentincomeinterest": 5000000,
        "interestexpense": 101000000,
        "othernonoperatingincomeexpense": -80000000,
        "incomelossfromcontinuingoperationsbeforeincometaxesminorityinterestandincomelossfromequitymethodinvestments": 375000000,
        "incometaxexpensebenefit": 80000000,
        "incomelossfromequitymethodinvestments": 84000000,
        "netincomelossattributabletononcontrollinginterest": 23000000,
        "netincomeloss": 358000000,
        "earningspersharebasic": 0.34,
        "earningspersharediluted": 0.3,
        "weightedaveragenumberofsharesoutstandingbasic": 1046000000,
        "weightedaveragenumberofdilutedsharesoutstanding": 1196000000
    },
    {
        "date": "2013-08-28",
        "symbol": "MU",
        "period": "Q4",
        "profitloss": 1188000000,
        "othercomprehensiveincomelossderivativesqualifyingashedgesnetoftax": 0,
        "othercomprehensiveincomelossforeigncurrencytransactionandtranslationadjustmentnetoftax": -7000000,
        "othercomprehensiveincomelossavailableforsalesecuritiesadjustmentnetoftax": 1000000,
        "othercomprehensiveincomelossnetoftax": -18000000,
        "comprehensiveincomenetoftaxincludingportionattributabletononcontrollinginterest": 1175000000,
        "comprehensiveincomenetoftax": 1702000000,
        "salesrevenuenet": 2344000000,
        "costofgoodsandservicessold": -1370000000,
        "grossprofit": -456000000,
        "sellinggeneralandadministrativeexpense": -131000000,
        "researchanddevelopmentexpense": 257000000,
        "otheroperatingincomeexpensenet": -94000000,
        "operatingincomeloss": -688000000,
        "investmentincomeinterest": 6000000,
        "interestexpense": 64000000,
        "othernonoperatingincomeexpense": 15000000,
        "incomelossfromcontinuingoperationsbeforeincometaxesminorityinterestandincomelossfromequitymethodinvestments": 887000000,
        "incometaxexpensebenefit": -2000000,
        "incomelossfromequitymethodinvestments": -7000000,
        "netincomeloss": 1708000000,
        "earningspersharebasic": 1.67,
        "earningspersharediluted": 1.64,
        "weightedaveragenumberofsharesoutstandingbasic": 3800000,
        "weightedaveragenumberofdilutedsharesoutstanding": 38400000
    },
    {
        "date": "2013-05-29",
        "symbol": "MU",
        "period": "Q3",
        "profitloss": 563000000,
        "othercomprehensiveincomelossforeigncurrencytransactionandtranslationadjustmentnetoftax": -7000000,
        "othercomprehensiveincomelossderivativesqualifyingashedgesnetoftax": -2000000,
        "othercomprehensiveincomelossavailableforsalesecuritiesadjustmentnetoftax": -1000000,
        "othercomprehensiveincomelossnetoftax": 2000000,
        "comprehensiveincomenetoftaxincludingportionattributabletononcontrollinginterest": 565000000,
        "comprehensiveincomenetoftax": 33000000,
        "salesrevenuenet": 730000000,
        "costofgoodsandservicessold": 1762000000,
        "grossprofit": 556000000,
        "sellinggeneralandadministrativeexpense": 127000000,
        "researchanddevelopmentexpense": 226000000,
        "otheroperatingincomeexpensenet": 40000000,
        "operatingincomeloss": 58000000,
        "investmentincomeinterest": 2000000,
        "interestexpense": 54000000,
        "othernonoperatingincomeexpense": -45000000,
        "incomelossfromcontinuingoperationsbeforeincometaxesminorityinterestandincomelossfromequitymethodinvestments": 52000000,
        "incometaxexpensebenefit": -1000000,
        "incomelossfromequitymethodinvestments": 3000000,
        "netincomeloss": 43000000,
        "earningspersharebasic": 0.040000000000000036,
        "earningspersharediluted": 0.040000000000000036,
        "weightedaveragenumberofsharesoutstandingbasic": 3000000,
        "weightedaveragenumberofdilutedsharesoutstanding": 3000000
    },
    {
        "date": "2013-02-27",
        "symbol": "MU",
        "period": "Q2",
        "profitloss": -286000000,
        "othercomprehensiveincomelossforeigncurrencytransactionandtranslationadjustmentnetoftax": 2000000,
        "othercomprehensiveincomelossderivativesqualifyingashedgesnetoftax": -3000000,
        "othercomprehensiveincomelossavailableforsalesecuritiesadjustmentnetoftax": -3000000,
        "othercomprehensiveincomelosspensionandotherpostretirementbenefitplansadjustmentnetoftax": 0,
        "othercomprehensiveincomelossnetoftax": -4000000,
        "comprehensiveincomenetoftaxincludingportionattributabletononcontrollinginterest": -290000000,
        "comprehensiveincomenetoftax": -290000000,
        "salesrevenuenet": 1254000000,
        "costofgoodsandservicessold": 1712000000,
        "grossprofit": 366000000,
        "sellinggeneralandadministrativeexpense": 123000000,
        "researchanddevelopmentexpense": 214000000,
        "otheroperatingincomeexpensenet": 8000000,
        "operatingincomeloss": 65000000,
        "investmentincomeinterest": 3000000,
        "interestexpense": 56000000,
        "othernonoperatingincomeexpense": -219000000,
        "incomelossfromcontinuingoperationsbeforeincometaxesminorityinterestandincomelossfromequitymethodinvestments": -235000000,
        "incometaxexpensebenefit": -9000000,
        "incomelossfromequitymethodinvestments": 51000000,
        "netincomeloss": -286000000,
        "earningspersharebasic": -0.28,
        "earningspersharediluted": -0.28,
        "weightedaveragenumberofsharesoutstandingbasic": 1200000,
        "weightedaveragenumberofdilutedsharesoutstanding": 1200000
    },
    {
        "date": "2012-11-28",
        "symbol": "MU",
        "period": "Q1",
        "profitloss": -275000000,
        "othercomprehensiveincomelossforeigncurrencytransactionandtranslationadjustmentnetoftax": 7000000,
        "othercomprehensiveincomelossavailableforsalesecuritiesadjustmentnetoftax": 2000000,
        "othercomprehensiveincomelossderivativesqualifyingashedgesnetoftax": -5000000,
        "othercomprehensiveincomelosspensionandotherpostretirementbenefitplansadjustmentnetoftax": 1000000,
        "othercomprehensiveincomelossnetoftax": 3000000,
        "comprehensiveincomenetoftaxincludingportionattributabletononcontrollinginterest": -272000000,
        "comprehensiveincomenetoftax": -272000000,
        "salesrevenuenet": 76000000,
        "costofgoodsandservicessold": 1617000000,
        "grossprofit": 217000000,
        "sellinggeneralandadministrativeexpense": 119000000,
        "researchanddevelopmentexpense": 224000000,
        "otheroperatingincomeexpensenet": -31000000,
        "operatingincomeloss": 12000000,
        "investmentincomeinterest": 3000000,
        "interestexpense": 57000000,
        "othernonoperatingincomeexpense": 1000000,
        "incomelossfromcontinuingoperationsbeforeincometaxesminorityinterestandincomelossfromequitymethodinvestments": -210000000,
        "incometaxexpensebenefit": 13000000,
        "incomelossfromequitymethodinvestments": -53000000,
        "netincomeloss": -275000000,
        "earningspersharebasic": -0.27,
        "earningspersharediluted": -0.27,
        "weightedaveragenumberofsharesoutstandingbasic": 1013700000,
        "weightedaveragenumberofdilutedsharesoutstanding": 1013700000
    },
    {
        "date": "2012-08-29",
        "symbol": "MU",
        "period": "Q4",
        "profitloss": -243000000,
        "salesrevenuenet": -223000000,
        "costofgoodsandservicessold": 1744000000,
        "grossprofit": 219000000,
        "sellinggeneralandadministrativeexpense": 139000000,
        "researchanddevelopmentexpense": 235000000,
        "otheroperatingincomeexpensenet": 15000000,
        "operatingincomeloss": 119000000,
        "investmentincomeinterest": 1000000,
        "interestexpense": 53000000,
        "incomelossfromcontinuingoperationsbeforeincometaxesminorityinterestandincomelossfromequitymethodinvestments": -196000000,
        "incometaxexpensebenefit": 14000000,
        "incomelossfromequitymethodinvestments": 92000000,
        "netincomeloss": -243000000,
        "earningspersharebasic": -0.24,
        "earningspersharediluted": -0.24,
        "weightedaveragenumberofsharesoutstandingbasic": -1960300000,
        "weightedaveragenumberofdilutedsharesoutstanding": -1960300000
    },
    {
        "date": "2012-05-30",
        "symbol": "MU",
        "period": "Q3",
        "salesrevenuenet": 265000000,
        "costofgoodsandservicessold": 1938000000,
        "grossprofit": 234000000,
        "sellinggeneralandadministrativeexpense": 156000000,
        "researchanddevelopmentexpense": 231000000,
        "otheroperatingincomeexpensenet": -38000000,
        "operatingincomeloss": -1000000,
        "investmentincomeinterest": 3000000,
        "interestexpense": 56000000,
        "othernonoperatingincomeexpense": 1000000,
        "incomelossfromcontinuingoperationsbeforeincometaxesminorityinterestandincomelossfromequitymethodinvestments": -243000000,
        "incometaxexpensebenefit": -38000000,
        "incomelossfromequitymethodinvestments": -38000000,
        "profitloss": -320000000,
        "netincomeloss": -320000000,
        "earningspersharebasic": -0.32,
        "earningspersharediluted": -0.32,
        "weightedaveragenumberofsharesoutstandingbasic": 987300000,
        "weightedaveragenumberofdilutedsharesoutstanding": 987300000
    },
    {
        "date": "2012-02-29",
        "symbol": "MU",
        "period": "Q2",
        "salesrevenuenet": 242000000,
        "costofgoodsandservicessold": 1799000000,
        "grossprofit": 210000000,
        "sellinggeneralandadministrativeexpense": 174000000,
        "researchanddevelopmentexpense": 222000000,
        "otheroperatingincomeexpensenet": -19000000,
        "operatingincomeloss": 97000000,
        "investmentincomeinterest": 2000000,
        "interestexpense": 35000000,
        "othernonoperatingincomeexpense": 39000000,
        "incomelossfromcontinuingoperationsbeforeincometaxesminorityinterestandincomelossfromequitymethodinvestments": -200000000,
        "incometaxexpensebenefit": 9000000,
        "incomelossfromequitymethodinvestments": -56000000,
        "profitloss": -282000000,
        "netincomeloss": -282000000,
        "earningspersharebasic": -0.29,
        "earningspersharediluted": -0.29,
        "weightedaveragenumberofsharesoutstandingbasic": 982800000,
        "weightedaveragenumberofdilutedsharesoutstanding": 982800000
    },
    {
        "date": "2011-11-30",
        "symbol": "MU",
        "period": "Q1",
        "salesrevenuenet": 262000000,
        "costofgoodsandservicessold": 1785000000,
        "grossprofit": 305000000,
        "sellinggeneralandadministrativeexpense": 151000000,
        "researchanddevelopmentexpense": 230000000,
        "otheroperatingincomeexpensenet": -6000000,
        "operatingincomeloss": -17000000,
        "investmentincomeinterest": 2000000,
        "interestexpense": 35000000,
        "incomelossfromcontinuingoperationsbeforeincometaxesminorityinterestandincomelossfromequitymethodinvestments": -115000000,
        "incometaxexpensebenefit": -2000000,
        "incomelossfromequitymethodinvestments": -4000000,
        "profitloss": -187000000,
        "netincomeloss": -187000000,
        "earningspersharebasic": -0.19,
        "earningspersharediluted": -0.19,
        "weightedaveragenumberofsharesoutstandingbasic": 981400000,
        "weightedaveragenumberofdilutedsharesoutstanding": 981400000
    },
    {
        "date": "2011-08-31",
        "symbol": "MU",
        "period": "Q4",
        "salesrevenuenet": 8111000000,
        "costofgoodsandservicessold": 1819000000,
        "grossprofit": 321000000,
        "sellinggeneralandadministrativeexpense": 155000000,
        "researchanddevelopmentexpense": 209000000,
        "otheroperatingincomeexpensenet": -8000000,
        "operatingincomeloss": -132000000,
        "investmentincomeinterest": 2000000,
        "interestexpense": 30000000,
        "incomelossfromcontinuingoperationsbeforeincometaxesminorityinterestandincomelossfromequitymethodinvestments": -78000000,
        "incometaxexpensebenefit": 16000000,
        "incomelossfromequitymethodinvestments": -99000000,
        "profitloss": 70000000,
        "netincomelossattributabletononcontrollinginterest": 1000000,
        "netincomeloss": -135000000,
        "earningspersharebasic": -0.13,
        "earningspersharediluted": -0.12,
        "weightedaveragenumberofsharesoutstandingbasic": -991400000,
        "weightedaveragenumberofdilutedsharesoutstanding": -1068700000
    },
    {
        "date": "2011-06-01",
        "symbol": "MU",
        "period": "Q3",
        "salesrevenuenet": 505000000,
        "costofgoodsandservicessold": 1661000000,
        "grossprofit": 478000000,
        "sellinggeneralandadministrativeexpense": 151000000,
        "researchanddevelopmentexpense": 211000000,
        "otheroperatingincomeexpensenet": 121000000,
        "operatingincomeloss": 109000000,
        "investmentincomeinterest": 6000000,
        "interestexpense": 28000000,
        "othernonoperatingincomeexpense": 10000000,
        "incomelossfromcontinuingoperationsbeforeincometaxesminorityinterestandincomelossfromequitymethodinvestments": 225000000,
        "incometaxexpensebenefit": 104000000,
        "incomelossfromequitymethodinvestments": -4000000,
        "profitloss": 77000000,
        "netincomelossattributabletononcontrollinginterest": 2000000,
        "netincomeloss": 75000000,
        "earningspersharebasic": 0.07,
        "earningspersharediluted": 0.07,
        "weightedaveragenumberofsharesoutstandingbasic": 998900000,
        "weightedaveragenumberofdilutedsharesoutstanding": 1041700000
    },
    {
        "date": "2011-03-02",
        "symbol": "MU",
        "period": "Q2",
        "salesrevenuenet": 104000000,
        "costofgoodsandservicessold": 1822000000,
        "grossprofit": 435000000,
        "sellinggeneralandadministrativeexpense": 146000000,
        "researchanddevelopmentexpense": 186000000,
        "otheroperatingincomeexpensenet": 76000000,
        "operatingincomeloss": -428000000,
        "investmentincomeinterest": 7000000,
        "interestexpense": 28000000,
        "othernonoperatingincomeexpense": 0,
        "incomelossfromcontinuingoperationsbeforeincometaxesminorityinterestandincomelossfromequitymethodinvestments": 158000000,
        "incometaxexpensebenefit": 35000000,
        "incomelossfromequitymethodinvestments": -4000000,
        "profitloss": -152000000,
        "netincomelossattributabletononcontrollinginterest": 3000000,
        "netincomeloss": 72000000,
        "earningspersharebasic": 0.07,
        "earningspersharediluted": 0.07,
        "weightedaveragenumberofsharesoutstandingbasic": 7600000,
        "weightedaveragenumberofdilutedsharesoutstanding": 3200000
    },
    {
        "date": "2010-12-01",
        "symbol": "MU",
        "period": "Q1",
        "salesrevenuenet": 68000000,
        "costofgoodsandservicessold": 1728000000,
        "grossprofit": 524000000,
        "sellinggeneralandadministrativeexpense": 140000000,
        "researchanddevelopmentexpense": 185000000,
        "otheroperatingincomeexpensenet": 191000000,
        "operatingincomeloss": 390000000,
        "investmentincomeinterest": 8000000,
        "interestexpense": 38000000,
        "othernonoperatingincomeexpense": -114000000,
        "incomelossfromcontinuingoperationsbeforeincometaxesminorityinterestandincomelossfromequitymethodinvestments": 246000000,
        "incometaxexpensebenefit": 48000000,
        "incomelossfromequitymethodinvestments": -5000000,
        "profitloss": 172000000,
        "netincomelossattributabletononcontrollinginterest": 17000000,
        "netincomeloss": 155000000,
        "earningspersharebasic": 0.16,
        "earningspersharediluted": 0.15,
        "weightedaveragenumberofsharesoutstandingbasic": 972900000,
        "weightedaveragenumberofdilutedsharesoutstanding": 1031300000
    },
    {
        "date": "2009-12-02",
        "symbol": "MU",
        "period": "Q1",
        "salesrevenuenet": 1740000000,
        "costofgoodsandservicessold": 1297000000,
        "grossprofit": 443000000,
        "sellinggeneralandadministrativeexpense": 97000000,
        "researchanddevelopmentexpense": 137000000,
        "restructuringcharges": -1000000,
        "otheroperatingincomeexpensenet": -9000000,
        "operatingincomeloss": 201000000,
        "investmentincomeinterest": 2000000,
        "interestexpense": 47000000,
        "othernonoperatingincomeexpense": 56000000,
        "incomelossfromcontinuingoperationsbeforeincometaxesminorityinterestandincomelossfromequitymethodinvestments": 212000000,
        "incometaxexpensebenefit": -7000000,
        "incomelossfromequitymethodinvestments": -17000000,
        "profitloss": 202000000,
        "netincomelossattributabletononcontrollinginterest": -2000000,
        "netincomeloss": 204000000,
        "earningspersharebasic": 0.24,
        "earningspersharediluted": 0.23,
        "weightedaveragenumberofsharesoutstandingbasic": 846300000,
        "weightedaveragenumberofdilutedsharesoutstanding": 1000700000
    }
]