[
    {
        "date": "2024-03-30",
        "symbol": "NDAQ",
        "period": "Q1",
        "revenuefromcontractwithcustomerexcludingassessedtax": 479000000,
        "costofgoodsandservicessold": 481000000,
        "grossprofit": 1117000000,
        "laborandrelatedexpense": 340000000,
        "professionalfees": 34000000,
        "communicationsandinformationtechnology": 67000000,
        "occupancynet": 28000000,
        "generalandadministrativeexpense": 28000000,
        "marketingandadvertisingexpense": 11000000,
        "depreciationandamortization": 155000000,
        "regulatoryexpenses": 9000000,
        "businesscombinationacquisitionrelatedcosts": 9000000,
        "restructuringcharges": 26000000,
        "operatingexpenses": 707000000,
        "operatingincomeloss": 410000000,
        "investmentincomeinterest": 6000000,
        "interestexpense": 108000000,
        "othernonoperatingincomeexpense": 1000000,
        "incomelossfromequitymethodinvestments": 3000000,
        "incomelossfromcontinuingoperationsbeforeincometaxesextraordinaryitemsnoncontrollinginterest": 312000000,
        "incometaxexpensebenefit": 79000000,
        "profitloss": 233000000,
        "netincomelossattributabletononcontrollinginterest": -1000000,
        "netincomeloss": 234000000,
        "earningspersharebasic": 0.41,
        "earningspersharediluted": 0.4,
        "commonstockdividendspersharedeclared": 0.22,
        "othercomprehensiveincomelossforeigncurrencytransactionandtranslationadjustmentbeforetax": -117000000,
        "othercomprehensiveincomelossforeigncurrencytranslationadjustmenttax": 15000000,
        "othercomprehensiveincomelossforeigncurrencytransactionandtranslationadjustmentnetoftax": -132000000,
        "othercomprehensiveincomelosscashflowhedgegainlossafterreclassificationandtaxparent": -2000000,
        "othercomprehensiveincomelosspensionandotherpostretirementbenefitplansadjustmentbeforetax": -19000000,
        "othercomprehensiveincomelosspensionandotherpostretirementbenefitplanstax": -5000000,
        "othercomprehensiveincomelosspensionandotherpostretirementbenefitplansadjustmentnetoftax": -14000000,
        "othercomprehensiveincomelossnetoftax": -120000000,
        "comprehensiveincomenetoftaxincludingportionattributabletononcontrollinginterest": 113000000,
        "comprehensiveincomenetoftaxattributabletononcontrollinginterest": -1000000,
        "comprehensiveincomenetoftax": 114000000
    },
    {
        "date": "2023-12-30",
        "symbol": "NDAQ",
        "period": "Q4",
        "costofgoodsandservicessold": 461000000,
        "laborandrelatedexpense": 305000000,
        "professionalfees": 36000000,
        "communicationsandinformationtechnology": 65000000,
        "occupancynet": 30000000,
        "generalandadministrativeexpense": 51000000,
        "marketingandadvertisingexpense": 17000000,
        "depreciationandamortization": 125000000,
        "businesscombinationacquisitionrelatedcosts": 97000000,
        "restructuringcharges": 31000000,
        "operatingexpenses": 764000000,
        "operatingincomeloss": 353000000,
        "investmentincomeinterest": 29000000,
        "interestexpense": 110000000,
        "incomelossfromequitymethodinvestments": 1000000,
        "incomelossfromcontinuingoperationsbeforeincometaxesextraordinaryitemsnoncontrollinginterest": 278000000,
        "incometaxexpensebenefit": 82000000,
        "profitloss": 196000000,
        "netincomeloss": 197000000,
        "earningspersharebasic": 0.3400000000000001,
        "earningspersharediluted": 0.33999999999999986,
        "commonstockdividendspersharedeclared": 0.21999999999999992,
        "othercomprehensiveincomelossforeigncurrencytransactionandtranslationadjustmentbeforetax": 135000000,
        "othercomprehensiveincomelossforeigncurrencytranslationadjustmenttax": -33000000,
        "othercomprehensiveincomelossforeigncurrencytransactionandtranslationadjustmentnetoftax": 168000000,
        "comprehensiveincomenetoftaxincludingportionattributabletononcontrollinginterest": 374000000,
        "comprehensiveincomenetoftax": 375000000
    },
    {
        "date": "2023-09-29",
        "symbol": "NDAQ",
        "period": "Q3",
        "costofgoodsandservicessold": 249000000,
        "laborandrelatedexpense": 260000000,
        "professionalfees": 31000000,
        "communicationsandinformationtechnology": 58000000,
        "occupancynet": 28000000,
        "generalandadministrativeexpense": 27000000,
        "marketingandadvertisingexpense": 11000000,
        "depreciationandamortization": 64000000,
        "regulatoryoperatingexpense": 10000000,
        "businesscombinationacquisitionrelatedcosts": 4000000,
        "restructuringcharges": 45000000,
        "operatingexpenses": 509000000,
        "operatingincomeloss": 1393000000,
        "investmentincomeinterest": 71000000,
        "interestexpense": 101000000,
        "incomelossfromequitymethodinvestments": -11000000,
        "incomelossfromcontinuingoperationsbeforeincometaxesextraordinaryitemsnoncontrollinginterest": 391000000,
        "incometaxexpensebenefit": 97000000,
        "profitloss": 293000000,
        "netincomeloss": 294000000,
        "earningspersharebasic": 0.6000000000000002,
        "earningspersharediluted": 0.5900000000000002,
        "commonstockdividendspersharedeclared": 0.22000000000000003,
        "othercomprehensiveincomelossforeigncurrencytransactionandtranslationadjustmentbeforetax": 42000000,
        "othercomprehensiveincomelossforeigncurrencytranslationadjustmenttax": 25000000,
        "othercomprehensiveincomelossforeigncurrencytransactionandtranslationadjustmentnetoftax": 17000000,
        "comprehensiveincomenetoftaxincludingportionattributabletononcontrollinginterest": 311000000,
        "comprehensiveincomenetoftax": 311000000
    },
    {
        "date": "2023-06-29",
        "symbol": "NDAQ",
        "period": "Q2",
        "revenuefromcontractwithcustomerexcludingassessedtax": 0,
        "costofgoodsandservicessold": 509000000,
        "grossprofit": 0,
        "laborandrelatedexpense": 261000000,
        "professionalfees": 29000000,
        "communicationsandinformationtechnology": 56000000,
        "occupancynet": 32000000,
        "generalandadministrativeexpense": 21000000,
        "marketingandadvertisingexpense": 10000000,
        "depreciationandamortization": 65000000,
        "regulatoryoperatingexpense": 8000000,
        "businesscombinationacquisitionrelatedcosts": 45000000,
        "restructuringcharges": 1000000,
        "operatingexpenses": 542000000,
        "operatingincomeloss": -102000000,
        "investmentincomeinterest": 9000000,
        "interestexpense": 37000000,
        "incomelossfromequitymethodinvestments": -11000000,
        "incomelossfromcontinuingoperationsbeforeincometaxesextraordinaryitemsnoncontrollinginterest": 336000000,
        "incometaxexpensebenefit": 70000000,
        "profitloss": 266000000,
        "netincomelossattributabletononcontrollinginterest": 0,
        "netincomeloss": 266000000,
        "earningspersharebasic": 0.5399999999999999,
        "earningspersharediluted": 0.5399999999999999,
        "commonstockdividendspersharedeclared": 0.21999999999999997,
        "othercomprehensiveincomelossforeigncurrencytransactionandtranslationadjustmentbeforetax": -117000000,
        "othercomprehensiveincomelossforeigncurrencytranslationadjustmenttax": -4000000,
        "othercomprehensiveincomelossforeigncurrencytransactionandtranslationadjustmentnetoftax": -113000000,
        "comprehensiveincomenetoftaxincludingportionattributabletononcontrollinginterest": 153000000,
        "comprehensiveincomenetoftaxattributabletononcontrollinginterest": 0,
        "comprehensiveincomenetoftax": 153000000
    },
    {
        "date": "2023-03-30",
        "symbol": "NDAQ",
        "period": "Q1",
        "revenuefromcontractwithcustomerexcludingassessedtax": 1000000,
        "costofgoodsandservicessold": 619000000,
        "grossprofit": 1000000,
        "laborandrelatedexpense": 256000000,
        "professionalfees": 32000000,
        "communicationsandinformationtechnology": 54000000,
        "occupancynet": 39000000,
        "generalandadministrativeexpense": 14000000,
        "marketingandadvertisingexpense": 9000000,
        "depreciationandamortization": 69000000,
        "regulatoryoperatingexpense": 9000000,
        "businesscombinationacquisitionrelatedcosts": 2000000,
        "restructuringcharges": 3000000,
        "operatingexpenses": 502000000,
        "operatingincomeloss": -66000000,
        "investmentincomeinterest": 6000000,
        "interestexpense": 36000000,
        "incomelossfromequitymethodinvestments": 14000000,
        "incomelossfromcontinuingoperationsbeforeincometaxesextraordinaryitemsnoncontrollinginterest": 396000000,
        "incometaxexpensebenefit": 95000000,
        "profitloss": 302000000,
        "netincomelossattributabletononcontrollinginterest": -1000000,
        "netincomeloss": 302000000,
        "earningspersharebasic": 0.62,
        "earningspersharediluted": 0.61,
        "commonstockdividendspersharedeclared": 0.2,
        "othercomprehensiveincomelossforeigncurrencytransactionandtranslationadjustmentbeforetax": -21000000,
        "othercomprehensiveincomelossforeigncurrencytranslationadjustmenttax": -6000000,
        "othercomprehensiveincomelossforeigncurrencytransactionandtranslationadjustmentnetoftax": -15000000,
        "comprehensiveincomenetoftaxincludingportionattributabletononcontrollinginterest": 286000000,
        "comprehensiveincomenetoftaxattributabletononcontrollinginterest": -1000000,
        "comprehensiveincomenetoftax": 287000000
    },
    {
        "date": "2022-12-30",
        "symbol": "NDAQ",
        "period": "Q4",
        "revenuefromcontractwithcustomerexcludingassessedtax": 1116000000,
        "costofgoodsandservicessold": 188000000,
        "grossprofit": 1000000,
        "laborandrelatedexpense": 253000000,
        "professionalfees": 43000000,
        "communicationsandinformationtechnology": 57000000,
        "occupancynet": 26000000,
        "generalandadministrativeexpense": 31000000,
        "marketingandadvertisingexpense": 20000000,
        "depreciationandamortization": -42000000,
        "regulatoryoperatingexpense": -23000000,
        "businesscombinationacquisitionrelatedcosts": 41000000,
        "operatingexpenses": 558000000,
        "operatingincomeloss": -97000000,
        "interestexpense": 33000000,
        "othernonoperatingincomeexpense": -6000000,
        "incomelossfromequitymethodinvestments": 8000000,
        "incomelossfromcontinuingoperationsbeforeincometaxesextraordinaryitemsnoncontrollinginterest": 322000000,
        "incometaxexpensebenefit": 82000000,
        "profitloss": 241000000,
        "netincomeloss": 241000000,
        "earningspersharebasic": 0.49,
        "earningspersharediluted": 0.48999999999999955,
        "commonstockdividendspersharedeclared": 0.19999999999999996,
        "othercomprehensiveincomelossforeigncurrencytransactionandtranslationadjustmentbeforetax": 53000000,
        "othercomprehensiveincomelossforeigncurrencytranslationadjustmenttax": -45000000,
        "comprehensiveincomenetoftaxincludingportionattributabletononcontrollinginterest": 341000000,
        "comprehensiveincomenetoftax": 342000000
    },
    {
        "date": "2022-09-29",
        "symbol": "NDAQ",
        "period": "Q3",
        "grossprofit": 8000000,
        "laborandrelatedexpense": 249000000,
        "professionalfees": 33000000,
        "communicationsandinformationtechnology": 49000000,
        "occupancynet": 26000000,
        "generalandadministrativeexpense": 39000000,
        "marketingandadvertisingexpense": 10000000,
        "depreciationandamortization": 63000000,
        "regulatoryoperatingexpense": 9000000,
        "businesscombinationacquisitionrelatedcosts": 14000000,
        "operatingexpenses": 492000000,
        "operatingincomeloss": -69000000,
        "interestexpense": 32000000,
        "othernonoperatingincomeexpense": 6000000,
        "incomelossfromequitymethodinvestments": 8000000,
        "incomelossfromcontinuingoperationsbeforeincometaxesextraordinaryitemsnoncontrollinginterest": 382000000,
        "incometaxexpensebenefit": 88000000,
        "profitloss": 294000000,
        "netincomeloss": 294000000,
        "earningspersharebasic": -1.7999999999999998,
        "earningspersharediluted": -1.7799999999999998,
        "commonstockdividendspersharedeclared": -0.5599999999999999,
        "revenuefromcontractwithcustomerexcludingassessedtax": 8000000,
        "costofgoodsandservicessold": 173000000,
        "othercomprehensiveincomelossforeigncurrencytransactionandtranslationadjustmentbeforetax": -155000000,
        "othercomprehensiveincomelossforeigncurrencytranslationadjustmenttax": 32000000,
        "othercomprehensiveincomeforeigncurrencytransactionandtranslationadjustmentnetoftaxportionattributabletoparent": -187000000,
        "comprehensiveincomenetoftaxincludingportionattributabletononcontrollinginterest": 107000000,
        "comprehensiveincomenetoftax": 107000000
    },
    {
        "date": "2022-06-29",
        "symbol": "NDAQ",
        "period": "Q2",
        "grossprofit": 1000000,
        "laborandrelatedexpense": 247000000,
        "professionalfees": 29000000,
        "communicationsandinformationtechnology": 51000000,
        "occupancynet": 25000000,
        "generalandadministrativeexpense": 34000000,
        "marketingandadvertisingexpense": 11000000,
        "depreciationandamortization": 65000000,
        "regulatoryoperatingexpense": 7000000,
        "businesscombinationacquisitionrelatedcosts": 12000000,
        "operatingexpenses": 481000000,
        "operatingincomeloss": -67000000,
        "interestexpense": 32000000,
        "othernonoperatingincomeexpense": 8000000,
        "incomelossfromequitymethodinvestments": 8000000,
        "incomelossfromcontinuingoperationsbeforeincometaxesextraordinaryitemsnoncontrollinginterest": 397000000,
        "incometaxexpensebenefit": 91000000,
        "profitloss": 306000000,
        "netincomelossattributabletononcontrollinginterest": 0,
        "netincomeloss": 306000000,
        "earningspersharebasic": 1.8699999999999999,
        "earningspersharediluted": 1.8499999999999999,
        "commonstockdividendspersharedeclared": 0.5999999999999999,
        "revenuefromcontractwithcustomerexcludingassessedtax": 1000000,
        "costofgoodsandservicessold": 129000000,
        "othercomprehensiveincomelossforeigncurrencytransactionandtranslationadjustmentbeforetax": -205000000,
        "othercomprehensiveincomelossforeigncurrencytranslationadjustmenttax": 30000000,
        "othercomprehensiveincomeforeigncurrencytransactionandtranslationadjustmentnetoftaxportionattributabletoparent": -235000000,
        "comprehensiveincomenetoftaxincludingportionattributabletononcontrollinginterest": 71000000,
        "comprehensiveincomenetoftaxattributabletononcontrollinginterest": 0,
        "comprehensiveincomenetoftax": 71000000
    },
    {
        "date": "2022-03-30",
        "symbol": "NDAQ",
        "period": "Q1",
        "grossprofit": 1000000,
        "laborandrelatedexpense": 254000000,
        "professionalfees": 35000000,
        "communicationsandinformationtechnology": 50000000,
        "occupancynet": 27000000,
        "generalandadministrativeexpense": 21000000,
        "marketingandadvertisingexpense": 10000000,
        "depreciationandamortization": 67000000,
        "regulatoryoperatingexpense": 8000000,
        "businesscombinationacquisitionrelatedcosts": 15000000,
        "operatingexpenses": 487000000,
        "operatingincomeloss": -58000000,
        "interestexpense": 32000000,
        "othernonoperatingincomeexpense": -6000000,
        "incomelossfromequitymethodinvestments": 7000000,
        "incomelossfromcontinuingoperationsbeforeincometaxesextraordinaryitemsnoncontrollinginterest": 374000000,
        "incometaxexpensebenefit": 91000000,
        "profitloss": 284000000,
        "netincomelossattributabletononcontrollinginterest": -1000000,
        "netincomeloss": 284000000,
        "earningspersharebasic": 1.72,
        "earningspersharediluted": 1.7,
        "commonstockdividendspersharedeclared": 0.54,
        "revenuefromcontractwithcustomerexcludingassessedtax": 1000000,
        "costofgoodsandservicessold": 62000000,
        "othercomprehensiveincomelossforeigncurrencytransactionandtranslationadjustmentbeforetax": -68000000,
        "othercomprehensiveincomelossforeigncurrencytranslationadjustmenttax": 15000000,
        "othercomprehensiveincomeforeigncurrencytransactionandtranslationadjustmentnetoftaxportionattributabletoparent": -83000000,
        "comprehensiveincomenetoftaxincludingportionattributabletononcontrollinginterest": 200000000,
        "comprehensiveincomenetoftaxattributabletononcontrollinginterest": -1000000,
        "comprehensiveincomenetoftax": 201000000
    },
    {
        "date": "2021-12-30",
        "symbol": "NDAQ",
        "period": "Q4",
        "grossprofit": 1000000,
        "laborandrelatedexpense": 238000000,
        "professionalfees": 43000000,
        "communicationsandinformationtechnology": 49000000,
        "occupancynet": 28000000,
        "generalandadministrativeexpense": 19000000,
        "marketingandadvertisingexpense": 25000000,
        "depreciationandamortization": -196000000,
        "regulatoryoperatingexpense": 11000000,
        "businesscombinationacquisitionrelatedcosts": 17000000,
        "operatingexpenses": 542000000,
        "operatingincomeloss": -107000000,
        "interestexpense": 30000000,
        "incomelossfromequitymethodinvestments": -38000000,
        "incomelossfromcontinuingoperationsbeforeincometaxesextraordinaryitemsnoncontrollinginterest": 314000000,
        "incometaxexpensebenefit": 55000000,
        "netincomeloss": 259000000,
        "earningspersharebasic": 1.5399999999999996,
        "earningspersharediluted": 1.5199999999999998,
        "commonstockdividendspersharedeclared": 0.5399999999999998,
        "revenuefromcontractwithcustomerexcludingassessedtax": 1038000000,
        "costofgoodsandservicessold": 55000000,
        "othercomprehensiveincomeforeigncurrencytransactionandtranslationadjustmentbeforetaxportionattributabletoparent": -64000000,
        "othercomprehensiveincomeforeigncurrencytranslationadjustmenttaxportionattributabletoparent": 11000000,
        "othercomprehensiveincomeforeigncurrencytransactionandtranslationadjustmentnetoftaxportionattributabletoparent": -75000000,
        "comprehensiveincomenetoftax": 183000000
    },
    {
        "date": "2021-09-29",
        "symbol": "NDAQ",
        "period": "Q3",
        "grossprofit": -191000000,
        "laborandrelatedexpense": 230000000,
        "professionalfees": 36000000,
        "communicationsandinformationtechnology": 47000000,
        "occupancynet": 26000000,
        "generalandadministrativeexpense": 42000000,
        "marketingandadvertisingexpense": 13000000,
        "depreciationandamortization": 66000000,
        "regulatoryoperatingexpense": 8000000,
        "businesscombinationacquisitionrelatedcosts": 13000000,
        "restructuringcharges": 0,
        "operatingexpenses": 481000000,
        "operatingincomeloss": -68000000,
        "interestexpense": 33000000,
        "incomelossfromequitymethodinvestments": 6000000,
        "incomelossfromcontinuingoperationsbeforeincometaxesextraordinaryitemsnoncontrollinginterest": 371000000,
        "incometaxexpensebenefit": 82000000,
        "netincomeloss": 289000000,
        "earningspersharebasic": 1.7200000000000002,
        "earningspersharediluted": 1.7000000000000004,
        "commonstockdividendspersharedeclared": 0.54,
        "revenuefromcontractwithcustomerexcludingassessedtax": -3038000000,
        "costofgoodsandservicessold": 46000000,
        "othercomprehensiveincomeforeigncurrencytransactionandtranslationadjustmentbeforetaxportionattributabletoparent": -45000000,
        "othercomprehensiveincomeforeigncurrencytranslationadjustmenttaxportionattributabletoparent": 14000000,
        "othercomprehensiveincomeforeigncurrencytransactionandtranslationadjustmentnetoftaxportionattributabletoparent": -59000000,
        "comprehensiveincomenetoftax": 230000000
    },
    {
        "date": "2021-06-29",
        "symbol": "NDAQ",
        "period": "Q2",
        "revenuefromcontractwithcustomerexcludingassessedtax": 878000000,
        "costofgoodsandservicessold": 516000000,
        "grossprofit": 846000000,
        "laborandrelatedexpense": 231000000,
        "professionalfees": 38000000,
        "communicationsandinformationtechnology": 46000000,
        "occupancynet": 27000000,
        "generalandadministrativeexpense": 11000000,
        "marketingandadvertisingexpense": 9000000,
        "depreciationandamortization": 68000000,
        "regulatoryoperatingexpense": 7000000,
        "businesscombinationacquisitionrelatedcosts": 12000000,
        "restructuringcharges": 21000000,
        "operatingexpenses": 470000000,
        "operatingincomeloss": 376000000,
        "investmentincomeinterest": 0,
        "interestexpense": 33000000,
        "othernonoperatingincome": 0,
        "incomelossfromequitymethodinvestments": 27000000,
        "incomelossfromcontinuingoperationsbeforeincometaxesextraordinaryitemsnoncontrollinginterest": 454000000,
        "incometaxexpensebenefit": 113000000,
        "netincomeloss": 341000000,
        "earningspersharebasic": 2.08,
        "earningspersharediluted": 2.05,
        "commonstockdividendspersharedeclared": 0.54,
        "othercomprehensiveincomeforeigncurrencytransactionandtranslationadjustmentbeforetaxportionattributabletoparent": 47000000,
        "othercomprehensiveincomeforeigncurrencytranslationadjustmenttaxportionattributabletoparent": -6000000,
        "othercomprehensiveincomeforeigncurrencytransactionandtranslationadjustmentnetoftaxportionattributabletoparent": 53000000,
        "comprehensiveincomenetoftax": 394000000
    },
    {
        "date": "2021-03-30",
        "symbol": "NDAQ",
        "period": "Q1",
        "revenuefromcontractwithcustomerexcludingassessedtax": 1139000000,
        "costofgoodsandservicessold": 654000000,
        "grossprofit": 851000000,
        "laborandrelatedexpense": 239000000,
        "professionalfees": 27000000,
        "communicationsandinformationtechnology": 44000000,
        "occupancynet": 28000000,
        "generalandadministrativeexpense": 13000000,
        "marketingandadvertisingexpense": 10000000,
        "depreciationandamortization": 63000000,
        "regulatoryoperatingexpense": 7000000,
        "businesscombinationacquisitionrelatedcosts": 45000000,
        "restructuringcharges": 10000000,
        "operatingexpenses": 486000000,
        "operatingincomeloss": 365000000,
        "investmentincomeinterest": 1000000,
        "interestexpense": 29000000,
        "othernonoperatingincome": 1000000,
        "incomelossfromequitymethodinvestments": 57000000,
        "incomelossfromcontinuingoperationsbeforeincometaxesextraordinaryitemsnoncontrollinginterest": 395000000,
        "incometaxexpensebenefit": 97000000,
        "netincomeloss": 298000000,
        "earningspersharebasic": 1.81,
        "earningspersharediluted": 1.78,
        "commonstockdividendspersharedeclared": 0.49,
        "othercomprehensiveincomeforeigncurrencytransactionandtranslationadjustmentbeforetaxportionattributabletoparent": -114000000,
        "othercomprehensiveincomeforeigncurrencytranslationadjustmenttaxportionattributabletoparent": 23000000,
        "othercomprehensiveincomeforeigncurrencytransactionandtranslationadjustmentnetoftaxportionattributabletoparent": -137000000,
        "comprehensiveincomenetoftax": 161000000
    },
    {
        "date": "2020-12-30",
        "symbol": "NDAQ",
        "period": "Q4",
        "revenuefromcontractwithcustomerexcludingassessedtax": 965000000,
        "costofgoodsandservicessold": 503000000,
        "grossprofit": 788000000,
        "laborandrelatedexpense": 204000000,
        "professionalfees": 41000000,
        "communicationsandinformationtechnology": 42000000,
        "occupancynet": 27000000,
        "generalandadministrativeexpense": 43000000,
        "marketingandadvertisingexpense": 19000000,
        "depreciationandamortization": 53000000,
        "regulatoryoperatingexpense": 8000000,
        "businesscombinationacquisitionrelatedcosts": 21000000,
        "restructuringcharges": 12000000,
        "operatingexpenses": 470000000,
        "operatingincomeloss": 318000000,
        "investmentincomeinterest": 0,
        "interestexpense": 24000000,
        "incomelossfromequitymethodinvestments": -27000000,
        "incomelossfromcontinuingoperationsbeforeincometaxesextraordinaryitemsnoncontrollinginterest": 267000000,
        "incometaxexpensebenefit": 42000000,
        "netincomeloss": 225000000,
        "earningspersharebasic": 1.3600000000000003,
        "earningspersharediluted": 1.3399999999999996,
        "commonstockdividendspersharedeclared": 0.49,
        "othercomprehensiveincomeforeigncurrencytransactionandtranslationadjustmentbeforetaxportionattributabletoparent": 240000000,
        "othercomprehensiveincomeforeigncurrencytranslationadjustmenttaxportionattributabletoparent": -24000000,
        "othercomprehensiveincomeforeigncurrencytransactionandtranslationadjustmentnetoftaxportionattributabletoparent": 264000000,
        "comprehensiveincomenetoftax": 489000000
    },
    {
        "date": "2020-09-29",
        "symbol": "NDAQ",
        "period": "Q3",
        "revenuefromcontractwithcustomerexcludingassessedtax": 959000000,
        "costofgoodsandservicessold": 517000000,
        "grossprofit": 715000000,
        "laborandrelatedexpense": 198000000,
        "professionalfees": 38000000,
        "communicationsandinformationtechnology": 39000000,
        "occupancynet": 29000000,
        "generalandadministrativeexpense": 13000000,
        "marketingandadvertisingexpense": 6000000,
        "depreciationandamortization": 51000000,
        "regulatoryoperatingexpense": 2000000,
        "businesscombinationacquisitionrelatedcosts": 2000000,
        "restructuringcharges": 11000000,
        "operatingexpenses": 389000000,
        "operatingincomeloss": 326000000,
        "investmentincomeinterest": 1000000,
        "interestexpense": 25000000,
        "incomelossfromequitymethodinvestments": 54000000,
        "incomelossfromcontinuingoperationsbeforeincometaxesextraordinaryitemsnoncontrollinginterest": 356000000,
        "incometaxexpensebenefit": 92000000,
        "netincomeloss": 264000000,
        "earningspersharebasic": 1.6099999999999994,
        "earningspersharediluted": 1.5799999999999998,
        "commonstockdividendspersharedeclared": 0.49,
        "othercomprehensiveincomeforeigncurrencytransactionandtranslationadjustmentbeforetaxportionattributabletoparent": 60000000,
        "othercomprehensiveincomeforeigncurrencytranslationadjustmenttaxportionattributabletoparent": -23000000,
        "othercomprehensiveincomeforeigncurrencytransactionandtranslationadjustmentnetoftaxportionattributabletoparent": 83000000,
        "comprehensiveincomenetoftax": 347000000
    },
    {
        "date": "2020-06-29",
        "symbol": "NDAQ",
        "period": "Q2",
        "revenuefromcontractwithcustomerexcludingassessedtax": 975000000,
        "costofgoodsandservicessold": 530000000,
        "grossprofit": 699000000,
        "laborandrelatedexpense": 189000000,
        "professionalfees": 31000000,
        "communicationsandinformationtechnology": 35000000,
        "occupancynet": 26000000,
        "generalandadministrativeexpense": 25000000,
        "marketingandadvertisingexpense": 5000000,
        "depreciationandamortization": 50000000,
        "regulatoryoperatingexpense": 7000000,
        "businesscombinationacquisitionrelatedcosts": 3000000,
        "restructuringcharges": 13000000,
        "operatingexpenses": 384000000,
        "operatingincomeloss": 315000000,
        "investmentincomeinterest": 1000000,
        "interestexpense": 26000000,
        "othernonoperatingincome": 0,
        "incomelossfromequitymethodinvestments": 26000000,
        "incomelossfromcontinuingoperationsbeforeincometaxesextraordinaryitemsnoncontrollinginterest": 316000000,
        "incometaxexpensebenefit": 75000000,
        "netincomeloss": 241000000,
        "earningspersharebasic": 1.4700000000000002,
        "earningspersharediluted": 1.45,
        "commonstockdividendspersharedeclared": 0.49,
        "othercomprehensiveincomeforeigncurrencytransactionandtranslationadjustmentbeforetaxportionattributabletoparent": 184000000,
        "othercomprehensiveincomeforeigncurrencytranslationadjustmenttaxportionattributabletoparent": -10000000,
        "othercomprehensiveincomeforeigncurrencytransactionandtranslationadjustmentnetoftaxportionattributabletoparent": 194000000,
        "comprehensiveincomenetoftax": 435000000
    },
    {
        "date": "2020-03-30",
        "symbol": "NDAQ",
        "period": "Q1",
        "revenuefromcontractwithcustomerexcludingassessedtax": 933000000,
        "costofgoodsandservicessold": 479000000,
        "grossprofit": 701000000,
        "laborandrelatedexpense": 195000000,
        "professionalfees": 27000000,
        "communicationsandinformationtechnology": 35000000,
        "occupancynet": 25000000,
        "generalandadministrativeexpense": 61000000,
        "marketingandadvertisingexpense": 9000000,
        "depreciationandamortization": 48000000,
        "regulatoryoperatingexpense": 7000000,
        "businesscombinationacquisitionrelatedcosts": 7000000,
        "restructuringcharges": 12000000,
        "operatingexpenses": 426000000,
        "operatingincomeloss": 275000000,
        "investmentincomeinterest": 2000000,
        "interestexpense": 26000000,
        "othernonoperatingincome": 5000000,
        "incomelossfromequitymethodinvestments": 17000000,
        "incomelossfromcontinuingoperationsbeforeincometaxesextraordinaryitemsnoncontrollinginterest": 273000000,
        "incometaxexpensebenefit": 70000000,
        "netincomeloss": 203000000,
        "earningspersharebasic": 1.23,
        "earningspersharediluted": 1.22,
        "commonstockdividendspersharedeclared": 0.47,
        "othercomprehensiveincomeforeigncurrencytransactionandtranslationadjustmentbeforetaxportionattributabletoparent": -215000000,
        "othercomprehensiveincomeforeigncurrencytranslationadjustmenttaxportionattributabletoparent": 8000000,
        "othercomprehensiveincomeforeigncurrencytransactionandtranslationadjustmentnetoftaxportionattributabletoparent": -223000000,
        "comprehensiveincomenetoftax": -20000000
    },
    {
        "date": "2019-12-30",
        "symbol": "NDAQ",
        "period": "Q4",
        "netincomeloss": 203000000,
        "othercomprehensiveincomelossnetoftaxportionattributabletoparent": 147000000,
        "comprehensiveincomenetoftax": 350000000,
        "revenuefromcontractwithcustomerexcludingassessedtax": 644000000,
        "grossprofit": 646000000,
        "laborandrelatedexpense": 189000000,
        "professionalfees": 28000000,
        "communicationsandinformationtechnology": 35000000,
        "occupancynet": 25000000,
        "generalandadministrativeexpense": 30000000,
        "marketingandadvertisingexpense": 10000000,
        "depreciationandamortization": 47000000,
        "regulatoryoperatingexpense": 8000000,
        "businesscombinationacquisitionrelatedcosts": 5000000,
        "operatingexpenses": 386000000,
        "operatingincomeloss": 260000000,
        "investmentincomeinterest": 2000000,
        "interestexpense": 27000000,
        "incomelossfromequitymethodinvestments": 13000000,
        "incomelossfromcontinuingoperationsbeforeincometaxesextraordinaryitemsnoncontrollinginterest": 252000000,
        "incometaxexpensebenefit": 49000000,
        "earningspersharebasic": 1.2300000000000006,
        "earningspersharediluted": 1.21,
        "commonstockdividendspersharedeclared": 0.47000000000000014
    },
    {
        "date": "2019-09-29",
        "symbol": "NDAQ",
        "period": "Q3",
        "netincomeloss": 150000000,
        "othercomprehensiveincomelossforeigncurrencytransactionandtranslationadjustmentbeforetax": -121000000,
        "othercomprehensiveincomelossforeigncurrencytranslationadjustmenttax": 46000000,
        "othercomprehensiveincomelossforeigncurrencytransactionandtranslationadjustmentnetoftax": -167000000,
        "othercomprehensiveincomelossnetoftaxportionattributabletoparent": -167000000,
        "comprehensiveincomenetoftax": -17000000,
        "revenuefromcontractwithcustomerexcludingassessedtax": 691000000,
        "transactionrebate": 351000000,
        "floorbrokerageexchangeandclearancefees": 114000000,
        "grossprofit": 632000000,
        "laborandrelatedexpense": 174000000,
        "professionalfees": 31000000,
        "communicationsandinformationtechnology": 33000000,
        "occupancynet": 24000000,
        "generalandadministrativeexpense": 39000000,
        "marketingandadvertisingexpense": 9000000,
        "depreciationandamortization": 47000000,
        "regulatoryoperatingexpense": 8000000,
        "businesscombinationacquisitionrelatedcosts": 11000000,
        "operatingexpenses": 406000000,
        "operatingincomeloss": 226000000,
        "investmentincomeinterest": 2000000,
        "interestexpense": 29000000,
        "incomelossfromequitymethodinvestments": 16000000,
        "incomelossfromcontinuingoperationsbeforeincometaxesextraordinaryitemsnoncontrollinginterest": 215000000,
        "incometaxexpensebenefit": 65000000,
        "earningspersharebasic": 0.9200000000000002,
        "earningspersharediluted": 0.8999999999999999,
        "commonstockdividendspersharedeclared": 0.4699999999999999
    },
    {
        "date": "2019-06-29",
        "symbol": "NDAQ",
        "period": "Q2",
        "netincomeloss": 174000000,
        "othercomprehensiveincomelossforeigncurrencytransactionandtranslationadjustmentbeforetax": -29000000,
        "othercomprehensiveincomelossforeigncurrencytranslationadjustmenttax": -8000000,
        "othercomprehensiveincomelossforeigncurrencytransactionandtranslationadjustmentnetoftax": -21000000,
        "othercomprehensiveincomelossnetoftaxportionattributabletoparent": -21000000,
        "comprehensiveincomenetoftax": 153000000,
        "revenuefromcontractwithcustomerexcludingassessedtax": 1227000000,
        "transactionrebate": 330000000,
        "floorbrokerageexchangeandclearancefees": 108000000,
        "grossprofit": 1097000000,
        "laborandrelatedexpense": 169000000,
        "professionalfees": 31000000,
        "communicationsandinformationtechnology": 32000000,
        "occupancynet": 24000000,
        "generalandadministrativeexpense": 40000000,
        "marketingandadvertisingexpense": 10000000,
        "depreciationandamortization": 48000000,
        "regulatoryoperatingexpense": 8000000,
        "businesscombinationacquisitionrelatedcosts": 5000000,
        "operatingexpenses": 367000000,
        "operatingincomeloss": 524000000,
        "investmentincomeinterest": 3000000,
        "interestexpense": 31000000,
        "gainlossonsaleofbusiness": 0,
        "incomelossfromequitymethodinvestments": 46000000,
        "incomelossfromcontinuingoperationsbeforeincometaxesextraordinaryitemsnoncontrollinginterest": 239000000,
        "incometaxexpensebenefit": 65000000,
        "earningspersharebasic": 1.05,
        "earningspersharediluted": 1.04,
        "commonstockdividendspersharedeclared": 0.47000000000000003
    },
    {
        "date": "2019-03-30",
        "symbol": "NDAQ",
        "period": "Q1",
        "netincomeloss": 247000000,
        "othercomprehensiveincomelossforeigncurrencytransactionandtranslationadjustmentbeforetax": -106000000,
        "othercomprehensiveincomelossforeigncurrencytranslationadjustmenttax": 9000000,
        "othercomprehensiveincomelossforeigncurrencytransactionandtranslationadjustmentnetoftax": -115000000,
        "othercomprehensiveincomelossnetoftaxportionattributabletoparent": -115000000,
        "comprehensiveincomenetoftax": 132000000,
        "revenuefromcontractwithcustomerexcludingassessedtax": 77000000,
        "transactionrebate": 331000000,
        "floorbrokerageexchangeandclearancefees": 74000000,
        "grossprofit": 160000000,
        "laborandrelatedexpense": 175000000,
        "professionalfees": 37000000,
        "communicationsandinformationtechnology": 33000000,
        "occupancynet": 24000000,
        "generalandadministrativeexpense": 16000000,
        "marketingandadvertisingexpense": 10000000,
        "depreciationandamortization": 48000000,
        "regulatoryoperatingexpense": 7000000,
        "businesscombinationacquisitionrelatedcosts": 9000000,
        "operatingexpenses": 359000000,
        "operatingincomeloss": 7000000,
        "investmentincomeinterest": 3000000,
        "interestexpense": 37000000,
        "gainlossonsaleofbusiness": 27000000,
        "incomelossfromequitymethodinvestments": 9000000,
        "incomelossfromcontinuingoperationsbeforeincometaxesextraordinaryitemsnoncontrollinginterest": 313000000,
        "incometaxexpensebenefit": 66000000,
        "earningspersharebasic": 1.49,
        "earningspersharediluted": 1.48,
        "commonstockdividendspersharedeclared": 0.44
    },
    {
        "date": "2018-09-29",
        "symbol": "NDAQ",
        "period": "Q3",
        "netincomeloss": 163000000,
        "othercomprehensiveincomelossforeigncurrencytransactionandtranslationadjustmentbeforetax": 22000000,
        "othercomprehensiveincomelossforeigncurrencytranslationadjustmenttax": 15000000,
        "othercomprehensiveincomelossforeigncurrencytransactionandtranslationadjustmentnetoftax": 7000000,
        "othercomprehensiveincomelossnetoftaxportionattributabletoparent": 7000000,
        "comprehensiveincomenetoftax": 170000000,
        "transactionrebate": 290000000,
        "floorbrokerageexchangeandclearancefees": 72000000,
        "grossprofit": 0,
        "laborandrelatedexpense": 164000000,
        "professionalfees": 34000000,
        "communicationsandinformationtechnology": 32000000,
        "occupancynet": 23000000,
        "generalandadministrativeexpense": 26000000,
        "marketingandadvertisingexpense": 8000000,
        "depreciationandamortization": 53000000,
        "regulatoryoperatingexpense": 8000000,
        "operatingexpenses": 355000000,
        "operatingincomeloss": 9000000,
        "investmentincomeinterest": 3000000,
        "interestexpense": 37000000,
        "incomelossfromequitymethodinvestments": 6000000,
        "incomelossfromcontinuingoperationsbeforeincometaxesextraordinaryitemsnoncontrollinginterest": 209000000,
        "incometaxexpensebenefit": 46000000,
        "earningspersharebasic": 0.9899999999999998,
        "earningspersharediluted": 0.9700000000000004
    },
    {
        "date": "2018-06-29",
        "symbol": "NDAQ",
        "period": "Q2",
        "netincomeloss": 162000000,
        "othercomprehensiveincomelossforeigncurrencytransactionandtranslationadjustmentbeforetax": -185000000,
        "othercomprehensiveincomelossforeigncurrencytranslationadjustmenttax": -54000000,
        "othercomprehensiveincomelossforeigncurrencytransactionandtranslationadjustmentnetoftax": -131000000,
        "othercomprehensiveincomelossreclassificationadjustmentfromaocipensionandotherpostretirementbenefitplansnetoftax": 0,
        "othercomprehensiveincomelossnetoftaxportionattributabletoparent": -131000000,
        "comprehensiveincomenetoftax": 31000000,
        "transactionrebate": 309000000,
        "floorbrokerageexchangeandclearancefees": 103000000,
        "grossprofit": -610000000,
        "laborandrelatedexpense": 173000000,
        "professionalfees": 34000000,
        "communicationsandinformationtechnology": 30000000,
        "occupancynet": 24000000,
        "generalandadministrativeexpense": 25000000,
        "marketingandadvertisingexpense": 10000000,
        "depreciationandamortization": 53000000,
        "regulatoryoperatingexpense": 8000000,
        "operatingexpenses": 347000000,
        "operatingincomeloss": -262000000,
        "investmentincomeinterest": 3000000,
        "interestexpense": 37000000,
        "incomelossfromequitymethodinvestments": 5000000,
        "incomelossfromcontinuingoperationsbeforeincometaxesextraordinaryitemsnoncontrollinginterest": 288000000,
        "incometaxexpensebenefit": 126000000,
        "earningspersharebasic": 0.98,
        "earningspersharediluted": 0.97,
        "commonstockdividendspersharedeclared": 0
    },
    {
        "date": "2018-03-30",
        "symbol": "NDAQ",
        "period": "Q1",
        "netincomeloss": 177000000,
        "othercomprehensiveincomelossforeigncurrencytransactionandtranslationadjustmentbeforetax": -76000000,
        "othercomprehensiveincomelossforeigncurrencytranslationadjustmenttax": 115000000,
        "othercomprehensiveincomelossforeigncurrencytransactionandtranslationadjustmentnetoftax": -191000000,
        "othercomprehensiveincomelossreclassificationadjustmentfromaocipensionandotherpostretirementbenefitplansnetoftax": -7000000,
        "othercomprehensiveincomelossnetoftaxportionattributabletoparent": -198000000,
        "comprehensiveincomenetoftax": -21000000,
        "marketservicerevenue": 735000000,
        "corporateservices": 172000000,
        "globalinformationservices": 174000000,
        "technologyservicesrevenue": 70000000,
        "revenues": 1151000000,
        "transactionrebate": 348000000,
        "floorbrokerageexchangeandclearancefees": 137000000,
        "grossprofit": 666000000,
        "laborandrelatedexpense": 197000000,
        "professionalfees": 37000000,
        "communicationsandinformationtechnology": 32000000,
        "occupancynet": 25000000,
        "generalandadministrativeexpense": 22000000,
        "marketingandadvertisingexpense": 9000000,
        "depreciationandamortization": 53000000,
        "regulatoryoperatingexpense": 8000000,
        "businesscombinationacquisitionrelatedcosts": 10000000,
        "operatingexpenses": 393000000,
        "operatingincomeloss": 273000000,
        "investmentincomeinterest": 2000000,
        "interestexpense": 38000000,
        "incomelossfromequitymethodinvestments": 2000000,
        "incomelossfromcontinuingoperationsbeforeincometaxesextraordinaryitemsnoncontrollinginterest": 239000000,
        "incometaxexpensebenefit": 62000000,
        "earningspersharebasic": 1.06,
        "earningspersharediluted": 1.05,
        "commonstockdividendspersharedeclared": 0.82
    },
    {
        "date": "2017-09-29",
        "symbol": "NDAQ",
        "period": "Q3",
        "profitloss": 172000000,
        "othercomprehensiveincomelossforeigncurrencytransactionandtranslationadjustmentbeforetax": 92000000,
        "othercomprehensiveincomelossforeigncurrencytranslationadjustmenttax": 25000000,
        "othercomprehensiveincomelossforeigncurrencytransactionandtranslationadjustmentnetoftax": 67000000,
        "comprehensiveincomenetoftax": 239000000,
        "marketservicerevenue": 582000000,
        "corporateservices": 162000000,
        "globalinformationservices": 150000000,
        "technologyservicesrevenue": 76000000,
        "revenues": 76000000,
        "transactionrebate": 269000000,
        "floorbrokerageexchangeandclearancefees": 94000000,
        "grossprofit": 76000000,
        "laborandrelatedexpense": 169000000,
        "professionalfees": 38000000,
        "communicationsandinformationtechnology": 31000000,
        "occupancynet": 23000000,
        "generalandadministrativeexpense": 15000000,
        "marketingandadvertisingexpense": 7000000,
        "depreciationandamortization": 48000000,
        "regulatoryoperatingexpense": 9000000,
        "businesscombinationacquisitionrelatedcosts": 3000000,
        "operatingexpenses": 343000000,
        "operatingincomeloss": 15000000,
        "investmentincomeinterest": 2000000,
        "interestexpense": 34000000,
        "incomelossfromequitymethodinvestments": 4000000,
        "incomelossfromcontinuingoperationsbeforeincometaxesextraordinaryitemsnoncontrollinginterest": 237000000,
        "incometaxexpensebenefit": 65000000,
        "netincomeloss": 172000000,
        "earningspersharebasic": 1.02,
        "earningspersharediluted": 1.0199999999999998,
        "commonstockdividendspersharedeclared": 0.38000000000000006
    },
    {
        "date": "2017-06-29",
        "symbol": "NDAQ",
        "period": "Q2",
        "profitloss": 147000000,
        "othercomprehensiveincomelossforeigncurrencytransactionandtranslationadjustmentbeforetax": 124000000,
        "othercomprehensiveincomelossforeigncurrencytranslationadjustmenttax": 29000000,
        "othercomprehensiveincomelossforeigncurrencytransactionandtranslationadjustmentnetoftax": 95000000,
        "comprehensiveincomenetoftax": 242000000,
        "marketservicerevenue": 620000000,
        "corporateservices": 164000000,
        "globalinformationservices": 144000000,
        "technologyservicesrevenue": 72000000,
        "revenues": 72000000,
        "transactionrebate": 304000000,
        "floorbrokerageexchangeandclearancefees": 94000000,
        "grossprofit": 72000000,
        "laborandrelatedexpense": 163000000,
        "professionalfees": 38000000,
        "communicationsandinformationtechnology": 30000000,
        "occupancynet": 23000000,
        "generalandadministrativeexpense": 30000000,
        "marketingandadvertisingexpense": 8000000,
        "depreciationandamortization": 47000000,
        "regulatoryoperatingexpense": 8000000,
        "businesscombinationacquisitionrelatedcosts": 11000000,
        "operatingexpenses": 358000000,
        "operatingincomeloss": 16000000,
        "investmentincomeinterest": 2000000,
        "interestexpense": 36000000,
        "investmentincomenonoperating": 1000000,
        "incomelossfromequitymethodinvestments": 2000000,
        "incomelossfromcontinuingoperationsbeforeincometaxesextraordinaryitemsnoncontrollinginterest": 213000000,
        "incometaxexpensebenefit": 66000000,
        "netincomeloss": 147000000,
        "earningspersharebasic": 0.89,
        "earningspersharediluted": 0.87,
        "commonstockdividendspersharedeclared": 0.38
    },
    {
        "date": "2017-03-30",
        "symbol": "NDAQ",
        "period": "Q1",
        "profitloss": 169000000,
        "othercomprehensiveincomelossforeigncurrencytransactionandtranslationadjustmentbeforetax": 42000000,
        "othercomprehensiveincomelossforeigncurrencytranslationadjustmenttax": 50000000,
        "othercomprehensiveincomelossforeigncurrencytransactionandtranslationadjustmentnetoftax": -8000000,
        "comprehensiveincomenetoftax": 161000000,
        "marketservicerevenue": 606000000,
        "corporateservices": 160000000,
        "globalinformationservices": 138000000,
        "technologyservicesrevenue": 67000000,
        "revenues": 67000000,
        "transactionrebate": 301000000,
        "floorbrokerageexchangeandclearancefees": 87000000,
        "grossprofit": 67000000,
        "laborandrelatedexpense": 161000000,
        "professionalfees": 36000000,
        "communicationsandinformationtechnology": 30000000,
        "occupancynet": 23000000,
        "generalandadministrativeexpense": 19000000,
        "marketingandadvertisingexpense": 7000000,
        "depreciationandamortization": 45000000,
        "regulatoryoperatingexpense": 8000000,
        "businesscombinationacquisitionrelatedcosts": 6000000,
        "operatingexpenses": 335000000,
        "operatingincomeloss": 13000000,
        "investmentincomeinterest": 2000000,
        "interestexpense": 37000000,
        "incomelossfromequitymethodinvestments": 4000000,
        "incomelossfromcontinuingoperationsbeforeincometaxesextraordinaryitemsnoncontrollinginterest": 217000000,
        "incometaxexpensebenefit": 48000000,
        "netincomeloss": 169000000,
        "earningspersharebasic": 1.02,
        "earningspersharediluted": 0.99,
        "commonstockdividendspersharedeclared": 0.32
    },
    {
        "date": "2016-09-29",
        "symbol": "NDAQ",
        "period": "Q3",
        "marketservicerevenue": 557000000,
        "globallistingservices": 68000000,
        "globalinformationservices": 137000000,
        "technologyservicesrevenue": 167000000,
        "revenues": 167000000,
        "transactionrebate": 263000000,
        "floorbrokerageexchangeandclearancefees": 81000000,
        "grossprofit": 167000000,
        "laborandrelatedexpense": 168000000,
        "marketingandadvertisingexpense": 8000000,
        "depreciationandamortization": 46000000,
        "professionalfees": 41000000,
        "communicationsandinformationtechnology": 28000000,
        "occupancynet": 23000000,
        "regulatoryoperatingexpense": 8000000,
        "businesscombinationacquisitionrelatedcosts": 12000000,
        "generalandadministrativeexpense": 18000000,
        "restructuringcharges": 0,
        "operatingexpenses": 352000000,
        "operatingincomeloss": 30000000,
        "investmentincomeinterest": 2000000,
        "interestexpense": 38000000,
        "investmentincomenet": 0,
        "incomelossfromequitymethodinvestments": 3000000,
        "incomelossfromcontinuingoperationsbeforeincometaxesextraordinaryitemsnoncontrollinginterest": 200000000,
        "incometaxexpensebenefit": 69000000,
        "profitloss": 131000000,
        "netincomeloss": 131000000,
        "earningspersharebasic": 0.79,
        "earningspersharediluted": 0.77,
        "othercomprehensiveincomelossforeigncurrencytransactionandtranslationadjustmentbeforetax": 9000000,
        "othercomprehensiveincomelossforeigncurrencytranslationadjustmenttax": -23000000,
        "othercomprehensiveincomelossforeigncurrencytransactionandtranslationadjustmentnetoftax": -22000000,
        "comprehensiveincomenetoftax": 109000000
    },
    {
        "date": "2016-06-29",
        "symbol": "NDAQ",
        "period": "Q2",
        "marketservicerevenue": 532000000,
        "globallistingservices": 68000000,
        "globalinformationservices": 135000000,
        "technologyservicesrevenue": 163000000,
        "revenues": 163000000,
        "transactionrebate": 258000000,
        "floorbrokerageexchangeandclearancefees": 81000000,
        "grossprofit": 163000000,
        "laborandrelatedexpense": 164000000,
        "marketingandadvertisingexpense": 8000000,
        "depreciationandamortization": 41000000,
        "professionalfees": 35000000,
        "communicationsandinformationtechnology": 27000000,
        "occupancynet": 19000000,
        "regulatoryoperatingexpense": 6000000,
        "businesscombinationacquisitionrelatedcosts": 35000000,
        "generalandadministrativeexpense": 18000000,
        "restructuringcharges": 8000000,
        "operatingexpenses": 385000000,
        "operatingincomeloss": 29000000,
        "investmentincomeinterest": 1000000,
        "interestexpense": 32000000,
        "investmentincomenet": 2000000,
        "incomelossfromequitymethodinvestments": 1000000,
        "incomelossfromcontinuingoperationsbeforeincometaxesextraordinaryitemsnoncontrollinginterest": 146000000,
        "incometaxexpensebenefit": 76000000,
        "profitloss": 70000000,
        "netincomeloss": 70000000,
        "earningspersharebasic": 0.42999999999999994,
        "earningspersharediluted": 0.41999999999999993,
        "commonstockdividendspersharedeclared": 0,
        "othercomprehensiveincomelossforeigncurrencytransactionandtranslationadjustmentbeforetax": -17000000,
        "othercomprehensiveincomelossforeigncurrencytranslationadjustmenttax": -37000000,
        "othercomprehensiveincomelossforeigncurrencytransactionandtranslationadjustmentnetoftax": -90000000,
        "comprehensiveincomenetoftax": -20000000
    },
    {
        "date": "2016-03-30",
        "symbol": "NDAQ",
        "period": "Q1",
        "marketservicerevenue": 572000000,
        "globallistingservices": 66000000,
        "globalinformationservices": 133000000,
        "technologyservicesrevenue": 134000000,
        "revenues": 134000000,
        "transactionrebate": 283000000,
        "floorbrokerageexchangeandclearancefees": 88000000,
        "grossprofit": 134000000,
        "laborandrelatedexpense": 152000000,
        "marketingandadvertisingexpense": 6000000,
        "depreciationandamortization": 38000000,
        "professionalfees": 35000000,
        "communicationsandinformationtechnology": 25000000,
        "occupancynet": 20000000,
        "regulatoryoperatingexpense": 7000000,
        "businesscombinationacquisitionrelatedcosts": 9000000,
        "generalandadministrativeexpense": 14000000,
        "restructuringcharges": 2000000,
        "operatingexpenses": 315000000,
        "operatingincomeloss": 16000000,
        "investmentincomeinterest": 1000000,
        "interestexpense": 28000000,
        "investmentincomenet": 1000000,
        "incomelossfromequitymethodinvestments": 2000000,
        "incomelossfromcontinuingoperationsbeforeincometaxesextraordinaryitemsnoncontrollinginterest": 195000000,
        "incometaxexpensebenefit": 63000000,
        "profitloss": 132000000,
        "netincomeloss": 132000000,
        "earningspersharebasic": 0.8,
        "earningspersharediluted": 0.78,
        "commonstockdividendspersharedeclared": 0.57,
        "othercomprehensiveincomelossforeigncurrencytransactionandtranslationadjustmentbeforetax": 32000000,
        "othercomprehensiveincomelossforeigncurrencytranslationadjustmenttax": 44000000,
        "othercomprehensiveincomelossforeigncurrencytransactionandtranslationadjustmentnetoftax": 94000000,
        "comprehensiveincomenetoftax": 226000000
    },
    {
        "date": "2015-09-29",
        "symbol": "NDAQ",
        "period": "Q3",
        "marketservicerevenue": 544000000,
        "globallistingservices": 66000000,
        "globalinformationservices": 132000000,
        "technologyservicesrevenue": 131000000,
        "revenues": 131000000,
        "transactionrebate": 256000000,
        "floorbrokerageexchangeandclearancefees": 88000000,
        "grossprofit": 131000000,
        "laborandrelatedexpense": 150000000,
        "marketingandadvertisingexpense": 7000000,
        "depreciationandamortization": 34000000,
        "professionalfees": 33000000,
        "communicationsandinformationtechnology": 23000000,
        "occupancynet": 21000000,
        "regulatoryoperatingexpense": 6000000,
        "generalandadministrativeexpense": 12000000,
        "restructuringcharges": 2000000,
        "operatingexpenses": 298000000,
        "operatingincomeloss": 19000000,
        "investmentincomeinterest": 1000000,
        "interestexpense": 28000000,
        "incomelossfromequitymethodinvestments": 1000000,
        "incomelossfromcontinuingoperationsbeforeincometaxesextraordinaryitemsnoncontrollinginterest": 205000000,
        "incometaxexpensebenefit": 67000000,
        "profitloss": 138000000,
        "netincomeloss": 138000000,
        "earningspersharebasic": 0.8199999999999998,
        "earningspersharediluted": 0.8099999999999998,
        "commonstockdividendspersharedeclared": 0.25,
        "othercomprehensiveincomelossforeigncurrencytransactionandtranslationadjustmentbeforetax": -152000000,
        "othercomprehensiveincomelossforeigncurrencytranslationadjustmenttax": -26000000,
        "comprehensiveincomenetoftax": 97000000
    },
    {
        "date": "2015-06-29",
        "symbol": "NDAQ",
        "period": "Q2",
        "marketservicerevenue": 478000000,
        "globallistingservices": 66000000,
        "globalinformationservices": 128000000,
        "technologyservicesrevenue": 135000000,
        "revenues": 135000000,
        "transactionrebate": 216000000,
        "floorbrokerageexchangeandclearancefees": 73000000,
        "grossprofit": 135000000,
        "laborandrelatedexpense": 144000000,
        "marketingandadvertisingexpense": 6000000,
        "depreciationandamortization": 34000000,
        "professionalfees": 42000000,
        "communicationsandinformationtechnology": 23000000,
        "occupancynet": 21000000,
        "regulatoryoperatingexpense": 7000000,
        "businesscombinationacquisitionrelatedcosts": 3000000,
        "generalandadministrativeexpense": 19000000,
        "restructuringcharges": 3000000,
        "operatingexpenses": 301000000,
        "operatingincomeloss": 19000000,
        "investmentincomeinterest": 1000000,
        "interestexpense": 27000000,
        "incomelossfromequitymethodinvestments": 1000000,
        "incomelossfromcontinuingoperationsbeforeincometaxesextraordinaryitemsnoncontrollinginterest": 192000000,
        "incometaxexpensebenefit": 60000000,
        "profitloss": 132000000,
        "netincomelossattributabletononcontrollinginterest": -1000000,
        "netincomeloss": 133000000,
        "earningspersharebasic": 0.79,
        "earningspersharediluted": 0.77,
        "commonstockdividendspersharedeclared": 0.25,
        "othercomprehensiveincomelossforeigncurrencytransactionandtranslationadjustmentbeforetax": 125000000,
        "othercomprehensiveincomelossforeigncurrencytranslationadjustmenttax": 48000000,
        "othercomprehensiveincomelossnetoftax": 77000000,
        "comprehensiveincomenetoftaxincludingportionattributabletononcontrollinginterest": 209000000,
        "comprehensiveincomenetoftaxattributabletononcontrollinginterest": -1000000,
        "comprehensiveincomenetoftax": 210000000
    },
    {
        "date": "2015-03-30",
        "symbol": "NDAQ",
        "period": "Q1",
        "marketservicerevenue": 539000000,
        "globallistingservices": 64000000,
        "globalinformationservices": 125000000,
        "technologyservicesrevenue": 130000000,
        "revenues": 130000000,
        "transactionrebate": 261000000,
        "floorbrokerageexchangeandclearancefees": 90000000,
        "grossprofit": 130000000,
        "laborandrelatedexpense": 147000000,
        "marketingandadvertisingexpense": 7000000,
        "depreciationandamortization": 34000000,
        "professionalfees": 33000000,
        "communicationsandinformationtechnology": 35000000,
        "occupancynet": 21000000,
        "regulatoryoperatingexpense": 7000000,
        "generalandadministrativeexpense": 46000000,
        "restructuringcharges": 1000000,
        "operatingexpenses": 480000000,
        "operatingincomeloss": 14000000,
        "investmentincomeinterest": 1000000,
        "interestexpense": 28000000,
        "incomelossfromequitymethodinvestments": 14000000,
        "incomelossfromcontinuingoperationsbeforeincometaxesextraordinaryitemsnoncontrollinginterest": 14000000,
        "incometaxexpensebenefit": 5000000,
        "netincomeloss": 9000000,
        "earningspersharebasic": 0.05,
        "earningspersharediluted": 0.05,
        "commonstockdividendspersharedeclared": 0.15,
        "profitloss": 9000000,
        "othercomprehensiveincomelossforeigncurrencytransactionandtranslationadjustmentbeforetax": 82000000,
        "othercomprehensiveincomelossforeigncurrencytranslationadjustmenttax": -113000000,
        "othercomprehensiveincomelossnetoftax": -201000000,
        "comprehensiveincomenetoftax": -192000000
    },
    {
        "date": "2014-09-29",
        "symbol": "NDAQ",
        "period": "Q3",
        "marketservicerevenue": 514000000,
        "globallistingservices": 60000000,
        "globalinformationservices": 114000000,
        "technologyservicesrevenue": 130000000,
        "revenues": 130000000,
        "transactionrebate": 235000000,
        "floorbrokerageexchangeandclearancefees": 86000000,
        "costofrevenue": 321000000,
        "grossprofit": 130000000,
        "laborandrelatedexpense": 136000000,
        "marketingandadvertisingexpense": 5000000,
        "depreciationandamortization": 35000000,
        "professionalfees": 37000000,
        "communicationsandinformationtechnology": 22000000,
        "occupancynet": 26000000,
        "regulatoryoperatingexpense": 7000000,
        "businesscombinationacquisitionrelatedcosts": 4000000,
        "generalandadministrativeexpense": 19000000,
        "operatingexpenses": 291000000,
        "operatingincomeloss": -6000000,
        "investmentincomeinterest": 1000000,
        "interestexpense": 29000000,
        "incomelossfromcontinuingoperationsbeforeincometaxesextraordinaryitemsnoncontrollinginterest": 178000000,
        "incometaxexpensebenefit": 56000000,
        "profitloss": 122000000,
        "netincomeloss": 123000000,
        "earningspersharebasic": 0.7299999999999999,
        "earningspersharediluted": 0.7099999999999999,
        "othercomprehensiveincomelossforeigncurrencytransactionandtranslationadjustmentbeforetax": 63000000,
        "othercomprehensiveincomelossforeigncurrencytranslationadjustmenttax": -104000000,
        "othercomprehensiveincomelossforeigncurrencytransactionandtranslationadjustmentnetoftax": -183000000,
        "othercomprehensiveincomelossnetoftax": -183000000,
        "comprehensiveincomenetoftaxincludingportionattributabletononcontrollinginterest": -61000000,
        "comprehensiveincomenetoftax": -60000000
    },
    {
        "date": "2014-06-29",
        "symbol": "NDAQ",
        "period": "Q2",
        "marketservicerevenue": 544000000,
        "globallistingservices": 59000000,
        "globalinformationservices": 123000000,
        "technologyservicesrevenue": 138000000,
        "revenues": 138000000,
        "transactionrebate": 251000000,
        "floorbrokerageexchangeandclearancefees": 90000000,
        "costofrevenue": 341000000,
        "grossprofit": 138000000,
        "laborandrelatedexpense": 145000000,
        "marketingandadvertisingexpense": 10000000,
        "depreciationandamortization": 34000000,
        "professionalfees": 42000000,
        "communicationsandinformationtechnology": 23000000,
        "occupancynet": 24000000,
        "regulatoryoperatingexpense": 7000000,
        "businesscombinationacquisitionrelatedcosts": 14000000,
        "generalandadministrativeexpense": 33000000,
        "operatingexpenses": 332000000,
        "operatingincomeloss": -24000000,
        "investmentincomeinterest": 1000000,
        "interestexpense": 29000000,
        "incomelossfromcontinuingoperationsbeforeincometaxesextraordinaryitemsnoncontrollinginterest": 163000000,
        "incometaxexpensebenefit": 61000000,
        "profitloss": 102000000,
        "netincomeloss": 102000000,
        "earningspersharebasic": 0.6,
        "earningspersharediluted": 0.59,
        "commonstockdividendspersharedeclared": 0,
        "othercomprehensiveincomelossforeigncurrencytransactionandtranslationadjustmentbeforetax": 3000000,
        "othercomprehensiveincomelossforeigncurrencytranslationadjustmenttax": -54000000,
        "othercomprehensiveincomelossforeigncurrencytransactionandtranslationadjustmentnetoftax": -71000000,
        "othercomprehensiveincomelossnetoftax": -71000000,
        "comprehensiveincomenetoftaxincludingportionattributabletononcontrollinginterest": 31000000,
        "comprehensiveincomenetoftax": 31000000
    },
    {
        "date": "2014-03-30",
        "symbol": "NDAQ",
        "period": "Q1",
        "marketservicerevenue": 582000000,
        "globallistingservices": 58000000,
        "globalinformationservices": 123000000,
        "technologyservicesrevenue": 135000000,
        "revenues": 135000000,
        "transactionrebate": 285000000,
        "floorbrokerageexchangeandclearancefees": 84000000,
        "costofrevenue": 369000000,
        "grossprofit": 135000000,
        "laborandrelatedexpense": 158000000,
        "marketingandadvertisingexpense": 8000000,
        "depreciationandamortization": 35000000,
        "professionalfees": 39000000,
        "communicationsandinformationtechnology": 22000000,
        "occupancynet": 25000000,
        "regulatoryoperatingexpense": 7000000,
        "businesscombinationacquisitionrelatedcosts": 28000000,
        "generalandadministrativeexpense": 23000000,
        "operatingexpenses": 345000000,
        "operatingincomeloss": -30000000,
        "investmentincomeinterest": 2000000,
        "interestexpense": 30000000,
        "incomelossfromcontinuingoperationsbeforeincometaxesextraordinaryitemsnoncontrollinginterest": 156000000,
        "incometaxexpensebenefit": 53000000,
        "profitloss": 103000000,
        "netincomeloss": 103000000,
        "earningspersharebasic": 0.61,
        "earningspersharediluted": 0.59,
        "commonstockdividendspersharedeclared": 0.15,
        "othercomprehensiveincomelossforeigncurrencytransactionandtranslationadjustmentbeforetax": 1000000,
        "othercomprehensiveincomelossforeigncurrencytranslationadjustmenttax": -8000000,
        "othercomprehensiveincomelossforeigncurrencytransactionandtranslationadjustmentnetoftax": -4000000,
        "othercomprehensiveincomelossnetoftax": -4000000,
        "comprehensiveincomenetoftaxincludingportionattributabletononcontrollinginterest": 99000000,
        "comprehensiveincomenetoftax": 99000000
    },
    {
        "date": "2013-09-29",
        "symbol": "NDAQ",
        "period": "Q3",
        "marketservicerevenue": 499000000,
        "globallistingservices": 57000000,
        "globalinformationservices": 118000000,
        "technologyservicesrevenue": 131000000,
        "revenues": 131000000,
        "transactionrebate": 231000000,
        "floorbrokerageexchangeandclearancefees": 68000000,
        "costofrevenue": 299000000,
        "grossprofit": 131000000,
        "laborandrelatedexpense": 151000000,
        "marketingandadvertisingexpense": 7000000,
        "depreciationandamortization": 33000000,
        "professionalfees": 40000000,
        "communicationsandinformationtechnology": 23000000,
        "occupancynet": 25000000,
        "regulatoryoperatingexpense": 7000000,
        "generalandadministrativeexpense": 19000000,
        "operatingexpenses": 305000000,
        "operatingincomeloss": -1000000,
        "investmentincomeinterest": 2000000,
        "interestexpense": 31000000,
        "incomelossfromcontinuingoperationsbeforeincometaxesextraordinaryitemsnoncontrollinginterest": 171000000,
        "incometaxexpensebenefit": 58000000,
        "profitloss": 113000000,
        "netincomeloss": 114000000,
        "earningspersharebasic": 0.6799999999999999,
        "earningspersharediluted": 0.6599999999999999,
        "othercomprehensiveincomelossforeigncurrencytransactionandtranslationadjustmentbeforetax": 147000000,
        "othercomprehensiveincomelossforeigncurrencytranslationadjustmenttax": 65000000,
        "othercomprehensiveincomelossforeigncurrencytransactionandtranslationadjustmentnetoftax": 82000000,
        "othercomprehensiveincomelossnetoftax": 88000000,
        "comprehensiveincomenetoftaxincludingportionattributabletononcontrollinginterest": 201000000,
        "comprehensiveincomenetoftax": 202000000
    },
    {
        "date": "2013-06-29",
        "symbol": "NDAQ",
        "period": "Q2",
        "marketservicerevenue": 552000000,
        "globallistingservices": 58000000,
        "globalinformationservices": 107000000,
        "technologyservicesrevenue": 96000000,
        "revenues": 96000000,
        "transactionrebate": 276000000,
        "floorbrokerageexchangeandclearancefees": 86000000,
        "costofrevenue": 362000000,
        "grossprofit": 96000000,
        "laborandrelatedexpense": 126000000,
        "marketingandadvertisingexpense": 8000000,
        "depreciationandamortization": 28000000,
        "professionalfees": 35000000,
        "communicationsandinformationtechnology": 20000000,
        "occupancynet": 24000000,
        "regulatoryoperatingexpense": 9000000,
        "mergerandacquisitioncosts": 25000000,
        "restructuringcharges": 0,
        "generalandadministrativeexpense": 17000000,
        "voluntaryaccommodationprogram": 0,
        "operatingexpenses": 292000000,
        "operatingincomeloss": -25000000,
        "investmentincomeinterest": 2000000,
        "interestexpense": 26000000,
        "assetimpairmentcharges": 0,
        "incomelossfromcontinuingoperationsbeforeincometaxesextraordinaryitemsnoncontrollinginterest": 135000000,
        "incometaxexpensebenefit": 68000000,
        "profitloss": 88000000,
        "netincomeloss": 88000000,
        "earningspersharebasic": 0.52,
        "earningspersharediluted": 0.52,
        "commonstockdividendspersharedeclared": 0,
        "othercomprehensiveincomelossforeigncurrencytransactionandtranslationadjustmentbeforetax": -111000000,
        "othercomprehensiveincomelossforeigncurrencytranslationadjustmenttax": -176000000,
        "othercomprehensiveincomelossforeigncurrencytransactionandtranslationadjustmentnetoftax": 65000000,
        "othercomprehensiveincomelossnetoftax": 79000000,
        "comprehensiveincomenetoftaxincludingportionattributabletononcontrollinginterest": 167000000,
        "comprehensiveincomenetoftax": 167000000
    },
    {
        "date": "2013-03-30",
        "symbol": "NDAQ",
        "period": "Q1",
        "marketservicerevenue": 508000000,
        "globallistingservices": 55000000,
        "globalinformationservices": 108000000,
        "technologyservicesrevenue": 73000000,
        "revenues": 73000000,
        "transactionrebate": 242000000,
        "floorbrokerageexchangeandclearancefees": 84000000,
        "costofrevenue": 326000000,
        "grossprofit": 73000000,
        "laborandrelatedexpense": 117000000,
        "marketingandadvertisingexpense": 7000000,
        "depreciationandamortization": 27000000,
        "professionalfees": 29000000,
        "communicationsandinformationtechnology": 15000000,
        "occupancynet": 22000000,
        "regulatoryoperatingexpense": 7000000,
        "mergerandacquisitioncosts": 8000000,
        "restructuringcharges": 1000000,
        "generalandadministrativeexpense": 25000000,
        "voluntaryaccommodationprogram": 62000000,
        "operatingexpenses": 328000000,
        "operatingincomeloss": -91000000,
        "investmentincomeinterest": 3000000,
        "interestexpense": 24000000,
        "assetimpairmentcharges": 10000000,
        "incomelossfromcontinuingoperationsbeforeincometaxesextraordinaryitemsnoncontrollinginterest": 59000000,
        "incometaxexpensebenefit": -4000000,
        "profitloss": 42000000,
        "netincomeloss": 42000000,
        "earningspersharebasic": 0.26,
        "earningspersharediluted": 0.25,
        "commonstockdividendspersharedeclared": 0.13,
        "othercomprehensiveincomeunrealizedholdinggainlossonsecuritiesarisingduringperiodbeforetax": 1000000,
        "othercomprehensiveincomelossforeigncurrencytransactionandtranslationadjustmentbeforetax": -41000000,
        "othercomprehensiveincomelossforeigncurrencytranslationadjustmenttax": -7000000,
        "othercomprehensiveincomelossforeigncurrencytransactionandtranslationadjustmentnetoftax": -34000000,
        "othercomprehensiveincomelossnetoftax": -33000000,
        "comprehensiveincomenetoftaxincludingportionattributabletononcontrollinginterest": 9000000,
        "comprehensiveincomenetoftax": 9000000
    },
    {
        "date": "2012-09-29",
        "symbol": "NDAQ",
        "period": "Q3",
        "marketservicerevenue": 603000000,
        "issuerservicesrevenue": 93000000,
        "technologyservicesrevenue": 47000000,
        "revenues": 138000000,
        "floorbrokerageexchangeandclearancefees": 84000000,
        "costofrevenue": 334000000,
        "grossprofit": 138000000,
        "laborandrelatedexpense": 113000000,
        "marketingandadvertisingexpense": 8000000,
        "depreciationandamortization": 26000000,
        "professionalfees": 24000000,
        "communicationsandinformationtechnology": 17000000,
        "occupancynet": 21000000,
        "regulatoryoperatingexpense": 8000000,
        "restructuringcharges": -4000000,
        "generalandadministrativeexpense": 15000000,
        "operatingexpenses": 239000000,
        "operatingincomeloss": 170000000,
        "investmentincomeinterest": 2000000,
        "interestexpense": 25000000,
        "assetimpairmentcharges": 0,
        "incomelossfromcontinuingoperationsbeforeincometaxesextraordinaryitemsnoncontrollinginterest": -51000000,
        "incometaxexpensebenefit": 45000000,
        "profitloss": 88000000,
        "netincomelossattributabletononcontrollinginterest": 0,
        "netincomeloss": 88000000,
        "earningspersharebasic": 0.53,
        "earningspersharediluted": 0.52,
        "othercomprehensiveincomeunrealizedholdinggainlossonsecuritiesarisingduringperiodbeforetax": 15000000,
        "comprehensiveincomenetoftaxincludingportionattributabletononcontrollinginterest": 234000000,
        "comprehensiveincomenetoftaxattributabletononcontrollinginterest": 0,
        "comprehensiveincomenetoftax": 234000000
    },
    {
        "date": "2012-06-29",
        "symbol": "NDAQ",
        "period": "Q2",
        "marketservicerevenue": 688000000,
        "issuerservicesrevenue": 91000000,
        "technologyservicesrevenue": 44000000,
        "revenues": 91000000,
        "liquidityrebates": 299000000,
        "floorbrokerageexchangeandclearancefees": 100000000,
        "costofrevenue": 399000000,
        "grossprofit": 91000000,
        "laborandrelatedexpense": 113000000,
        "marketingandadvertisingexpense": 6000000,
        "depreciationandamortization": 25000000,
        "professionalfees": 23000000,
        "communicationsandinformationtechnology": 17000000,
        "occupancynet": 23000000,
        "regulatoryoperatingexpense": 9000000,
        "mergerandacquisitioncosts": 1000000,
        "restructuringcharges": 1000000,
        "generalandadministrativeexpense": 15000000,
        "operatingexpenses": 249000000,
        "operatingincomeloss": 175000000,
        "investmentincomeinterest": 2000000,
        "interestexpense": 24000000,
        "assetimpairmentcharges": 28000000,
        "incomelossfromcontinuingoperationsbeforeincometaxesextraordinaryitemsnoncontrollinginterest": -38000000,
        "incometaxexpensebenefit": 33000000,
        "profitloss": 92000000,
        "netincomelossattributabletononcontrollinginterest": -1000000,
        "netincomeloss": 93000000,
        "earningspersharebasic": 0.55,
        "earningspersharediluted": 0.53,
        "commonstockdividendspersharedeclared": 0.13,
        "othercomprehensiveincomeunrealizedholdinggainlossonsecuritiesarisingduringperiodbeforetax": -5000000,
        "othercomprehensiveincomelossavailableforsalesecuritiesadjustmentnetoftax": -5000000,
        "othercomprehensiveincomelossforeigncurrencytransactionandtranslationadjustmentbeforetax": -209000000,
        "othercomprehensiveincomelossforeigncurrencytranslationadjustmenttax": -64000000,
        "othercomprehensiveincomelossforeigncurrencytransactionandtranslationadjustmentnetoftax": -145000000,
        "othercomprehensiveincomelossnetoftax": -150000000,
        "comprehensiveincomenetoftaxincludingportionattributabletononcontrollinginterest": -58000000,
        "comprehensiveincomenetoftaxattributabletononcontrollinginterest": -1000000,
        "comprehensiveincomenetoftax": -57000000
    },
    {
        "date": "2012-03-30",
        "symbol": "NDAQ",
        "period": "Q1",
        "marketservicerevenue": 666000000,
        "issuerservicesrevenue": 90000000,
        "technologyservicesrevenue": 45000000,
        "revenues": 45000000,
        "liquidityrebates": 306000000,
        "floorbrokerageexchangeandclearancefees": 84000000,
        "costofrevenue": 390000000,
        "grossprofit": 45000000,
        "laborandrelatedexpense": 112000000,
        "marketingandadvertisingexpense": 6000000,
        "depreciationandamortization": 26000000,
        "professionalfees": 22000000,
        "communicationsandinformationtechnology": 17000000,
        "occupancynet": 23000000,
        "regulatoryoperatingexpense": 9000000,
        "mergerandacquisitioncosts": 2000000,
        "restructuringcharges": 5000000,
        "generalandadministrativeexpense": 14000000,
        "operatingexpenses": 240000000,
        "operatingincomeloss": 171000000,
        "investmentincomeinterest": 2000000,
        "interestexpense": 24000000,
        "assetimpairmentcharges": 12000000,
        "incomelossfromcontinuingoperationsbeforeincometaxesextraordinaryitemsnoncontrollinginterest": 3000000,
        "incometaxexpensebenefit": 53000000,
        "profitloss": 84000000,
        "netincomelossattributabletononcontrollinginterest": -1000000,
        "netincomeloss": 85000000,
        "earningspersharebasic": 0.49,
        "earningspersharediluted": 0.48,
        "othercomprehensiveincomeunrealizedholdinggainlossonsecuritiesarisingduringperiodbeforetax": -7000000,
        "othercomprehensiveincomeavailableforsalesecuritiesadjustmentnetoftaxperiodincreasedecrease": 7000000,
        "othercomprehensiveincomeforeigncurrencytransactionandtranslationadjustmentbeforetaxperiodincreasedecrease": 185000000,
        "othercomprehensiveincomeforeigncurrencytranslationadjustmenttax": -60000000,
        "othercomprehensiveincomeforeigncurrencytransactionandtranslationadjustmentnetoftaxperiodincreasedecrease": 125000000,
        "othercomprehensiveincomelossnetoftaxperiodincreasedecrease": 132000000,
        "comprehensiveincomenetoftaxincludingportionattributabletononcontrollinginterest": 216000000,
        "comprehensiveincomenetoftaxattributabletononcontrollinginterest": -1000000,
        "comprehensiveincomenetoftax": 217000000
    },
    {
        "date": "2011-09-29",
        "symbol": "NDAQ",
        "period": "Q3",
        "marketservicerevenue": 808000000,
        "issuerservicesrevenue": 92000000,
        "technologyservicesrevenue": 46000000,
        "revenues": 46000000,
        "liquidityrebates": 390000000,
        "floorbrokerageexchangeandclearancefees": 118000000,
        "costofrevenue": 508000000,
        "grossprofit": 46000000,
        "laborandrelatedexpense": 118000000,
        "marketingandadvertisingexpense": 4000000,
        "depreciationandamortization": 28000000,
        "professionalfees": 23000000,
        "communicationsandinformationtechnology": 17000000,
        "occupancynet": 23000000,
        "regulatoryoperatingexpense": 9000000,
        "mergerandacquisitioncosts": 3000000,
        "generalandadministrativeexpense": 18000000,
        "operatingexpenses": 243000000,
        "operatingincomeloss": 195000000,
        "investmentincomeinterest": 3000000,
        "interestexpense": 30000000,
        "investmentincomenet": 1000000,
        "incomelossfromequitymethodinvestments": 1000000,
        "incomelossfromcontinuingoperationsbeforeincometaxesextraordinaryitemsnoncontrollinginterest": 4000000,
        "incometaxexpensebenefit": 61000000,
        "profitloss": 109000000,
        "netincomelossattributabletononcontrollinginterest": -1000000,
        "netincomeloss": 110000000,
        "earningspersharebasic": 0.62,
        "earningspersharediluted": 0.61,
        "othercomprehensiveincomeunrealizedholdinggainlossonsecuritiesarisingduringperiodbeforetax": -2000000,
        "othercomprehensiveincomeunrealizedholdinggainlossonsecuritiesarisingduringperiodtax": -4000000,
        "othercomprehensiveincomeavailableforsalesecuritiesadjustmentnetoftaxperiodincreasedecrease": -6000000,
        "othercomprehensiveincomeforeigncurrencytransactionandtranslationadjustmentbeforetaxperiodincreasedecrease": -397000000,
        "othercomprehensiveincomeforeigncurrencytranslationadjustmenttax": 119000000,
        "othercomprehensiveincomeforeigncurrencytransactionandtranslationadjustmentnetoftaxperiodincreasedecrease": -278000000,
        "othercomprehensiveincomelossnetoftaxperiodincreasedecrease": -284000000,
        "comprehensiveincomenetoftaxincludingportionattributabletononcontrollinginterest": -175000000,
        "comprehensiveincomenetoftaxattributabletononcontrollinginterest": -1000000,
        "comprehensiveincomenetoftax": -174000000
    },
    {
        "date": "2011-06-29",
        "symbol": "NDAQ",
        "period": "Q2",
        "marketservicerevenue": 699000000,
        "issuerservicesrevenue": 93000000,
        "technologyservicesrevenue": 46000000,
        "revenues": -728000000,
        "floorbrokerageexchangeandclearancefees": 100000000,
        "costofrevenue": 422000000,
        "grossprofit": -326000000,
        "laborandrelatedexpense": 114000000,
        "marketingandadvertisingexpense": 5000000,
        "depreciationandamortization": 26000000,
        "professionalfees": 22000000,
        "communicationsandinformationtechnology": 17000000,
        "occupancynet": 23000000,
        "regulatoryoperatingexpense": 8000000,
        "mergerandacquisitioncosts": 29000000,
        "generalandadministrativeexpense": 12000000,
        "operatingexpenses": 256000000,
        "operatingincomeloss": 160000000,
        "investmentincomeinterest": 3000000,
        "interestexpense": 33000000,
        "investmentincomenet": 0,
        "incomelossfromcontinuingoperationsbeforeincometaxes": -146000000,
        "incometaxexpensebenefit": 40000000,
        "profitloss": 91000000,
        "netincomelossattributabletononcontrollinginterest": -1000000,
        "netincomeloss": 92000000,
        "earningspersharebasic": 0.5200000000000001,
        "earningspersharediluted": 0.5200000000000001,
        "othercomprehensiveincomeunrealizedholdinggainlossonsecuritiesarisingduringperiodbeforetax": -7000000,
        "othercomprehensiveincomeunrealizedholdinggainlossonsecuritiesarisingduringperiodtax": 1000000,
        "othercomprehensiveincomeavailableforsalesecuritiesadjustmentnetoftaxperiodincreasedecrease": -2000000,
        "othercomprehensiveincomeforeigncurrencytransactionandtranslationadjustmentbeforetaxperiodincreasedecrease": 23000000,
        "othercomprehensiveincomeforeigncurrencytranslationadjustmenttax": -1000000,
        "othercomprehensiveincomeforeigncurrencytransactionandtranslationadjustmentnetoftaxperiodincreasedecrease": 22000000,
        "othercomprehensiveincomelossnetoftaxperiodincreasedecrease": 20000000,
        "comprehensiveincomenetoftaxincludingportionattributabletononcontrollinginterest": 111000000,
        "comprehensiveincomenetoftaxattributabletononcontrollinginterest": -1000000,
        "comprehensiveincomenetoftax": 112000000
    },
    {
        "date": "2011-03-30",
        "symbol": "NDAQ",
        "period": "Q1",
        "marketservicerevenue": 683000000,
        "issuerservicesrevenue": 91000000,
        "technologyservicesrevenue": 43000000,
        "revenues": 817000000,
        "transactionrebates": 309000000,
        "floorbrokerageexchangeandclearancefees": 93000000,
        "costofrevenue": 402000000,
        "grossprofit": 415000000,
        "laborandrelatedexpense": 112000000,
        "marketingandadvertisingexpense": 5000000,
        "depreciationandamortization": 27000000,
        "professionalfees": 21000000,
        "communicationsandinformationtechnology": 17000000,
        "occupancynet": 23000000,
        "regulatoryoperatingexpense": 9000000,
        "mergerandacquisitioncosts": 5000000,
        "generalandadministrativeexpense": 15000000,
        "operatingexpenses": 234000000,
        "operatingincomeloss": 181000000,
        "investmentincomeinterest": 2000000,
        "interestexpense": 30000000,
        "investmentincomenet": -1000000,
        "incomelossfromcontinuingoperationsbeforeincometaxes": 152000000,
        "incometaxexpensebenefit": 49000000,
        "profitloss": 103000000,
        "netincomelossattributabletononcontrollinginterest": -1000000,
        "netincomeloss": 104000000,
        "earningspersharebasic": 0.59,
        "earningspersharediluted": 0.57,
        "othercomprehensiveincomeunrealizedholdinggainlossonsecuritiesarisingduringperiodbeforetax": -4000000,
        "othercomprehensiveincomeunrealizedholdinggainlossonsecuritiesarisingduringperiodtax": 2000000,
        "othercomprehensiveincomeavailableforsalesecuritiesadjustmentnetoftaxperiodincreasedecrease": -2000000,
        "othercomprehensiveincomeforeigncurrencytransactionandtranslationadjustmentbeforetaxperiodincreasedecrease": 276000000,
        "othercomprehensiveincomeforeigncurrencytranslationadjustmenttax": -84000000,
        "othercomprehensiveincomeforeigncurrencytransactionandtranslationadjustmentnetoftaxperiodincreasedecrease": 192000000,
        "othercomprehensiveincomelossnetoftaxperiodincreasedecrease": 190000000,
        "comprehensiveincomenetoftaxincludingportionattributabletononcontrollinginterest": 293000000,
        "comprehensiveincomenetoftaxattributabletononcontrollinginterest": -1000000,
        "comprehensiveincomenetoftax": 294000000
    }
]