[
    {
        "date": "2024-09-29",
        "symbol": "GPC",
        "period": "Q3",
        "revenuefromcontractwithcustomerexcludingassessedtax": 5970198000,
        "costofgoodsandservicessold": 3771757000,
        "grossprofit": 2198441000,
        "sellinggeneralandadministrativeexpense": 1722400000,
        "depreciationandamortization": 106036000,
        "provisionfordoubtfulaccounts": 7119000,
        "restructuringcharges": 41023000,
        "operatingexpenses": 1876578000,
        "interestexpensenonoperating": 27818000,
        "othernonoperatingincomeexpense": 3548000,
        "nonoperatingincomeexpense": -24270000,
        "incomelossfromcontinuingoperationsbeforeincometaxesextraordinaryitemsnoncontrollinginterest": 297593000,
        "incometaxexpensebenefit": 71011000,
        "netincomeloss": 226582000,
        "commonstockdividendspersharedeclared": 1,
        "earningspersharebasic": 1.63,
        "earningspersharediluted": 1.62,
        "othercomprehensiveincomeforeigncurrencytransactionandtranslationgainlossarisingduringperiodnetoftax": 90001000,
        "othercomprehensiveincomelosspensionandotherpostretirementbenefitplansadjustmentnetoftax": -2886000,
        "othercomprehensiveincomelossnetoftax": 92887000,
        "comprehensiveincomenetoftaxincludingportionattributabletononcontrollinginterest": 319469000,
        "othercomprehensiveincomelosspensionandotherpostretirementbenefitplanstax": -1062000
    },
    {
        "date": "2024-06-29",
        "symbol": "GPC",
        "period": "Q2",
        "revenuefromcontractwithcustomerexcludingassessedtax": 5962567000,
        "costofgoodsandservicessold": 3782264000,
        "grossprofit": 2180303000,
        "sellinggeneralandadministrativeexpense": 1647456000,
        "depreciationandamortization": 99202000,
        "provisionfordoubtfulaccounts": 5678000,
        "restructuringcharges": 29760000,
        "operatingexpenses": 1782096000,
        "interestexpensenonoperating": 21921000,
        "othernonoperatingincomeexpense": 9915000,
        "nonoperatingincomeexpense": -12006000,
        "incomelossfromcontinuingoperationsbeforeincometaxesextraordinaryitemsnoncontrollinginterest": 386201000,
        "incometaxexpensebenefit": 90657000,
        "netincomeloss": 295544000,
        "commonstockdividendspersharedeclared": 1,
        "earningspersharebasic": 2.12,
        "earningspersharediluted": 2.11,
        "othercomprehensiveincomeforeigncurrencytransactionandtranslationgainlossarisingduringperiodnetoftax": 15278000,
        "othercomprehensiveincomelosspensionandotherpostretirementbenefitplansadjustmentnetoftax": -2887000,
        "othercomprehensiveincomelossnetoftax": 18165000,
        "comprehensiveincomenetoftaxincludingportionattributabletononcontrollinginterest": 313709000,
        "othercomprehensiveincomelosspensionandotherpostretirementbenefitplanstax": -1063000
    },
    {
        "date": "2024-03-30",
        "symbol": "GPC",
        "period": "Q1",
        "revenuefromcontractwithcustomerexcludingassessedtax": 5783631000,
        "costofgoodsandservicessold": 3708976000,
        "grossprofit": 2074655000,
        "sellinggeneralandadministrativeexpense": 1574927000,
        "depreciationandamortization": 90610000,
        "provisionfordoubtfulaccounts": 6211000,
        "restructuringcharges": 83042000,
        "operatingexpenses": 1754790000,
        "interestexpense": 17690000,
        "othernonoperatingincomeexpense": 23006000,
        "nonoperatingincomeexpense": 5316000,
        "incomelossfromcontinuingoperationsbeforeincometaxesextraordinaryitemsnoncontrollinginterest": 325181000,
        "incometaxexpensebenefit": 76287000,
        "netincomeloss": 248894000,
        "commonstockdividendspersharedeclared": 1,
        "earningspersharebasic": 1.79,
        "earningspersharediluted": 1.78,
        "othercomprehensiveincomeforeigncurrencytransactionandtranslationgainlossarisingduringperiodnetoftax": -79920000,
        "othercomprehensiveincomelosspensionandotherpostretirementbenefitplansadjustmentnetoftax": -2888000,
        "othercomprehensiveincomelossnetoftax": -77032000,
        "comprehensiveincomenetoftaxincludingportionattributabletononcontrollinginterest": 171862000,
        "othercomprehensiveincomelosspensionandotherpostretirementbenefitplanstax": 1063000
    },
    {
        "date": "2023-12-30",
        "symbol": "GPC",
        "period": "Q4",
        "revenuefromcontractwithcustomerexcludingassessedtax": 5585884000,
        "costofgoodsandservicessold": 3552597000,
        "grossprofit": 2033287000,
        "sellinggeneralandadministrativeexpense": 1522447000,
        "depreciationandamortization": 88581000,
        "provisionfordoubtfulaccounts": 3569000,
        "operatingexpenses": 1614597000,
        "interestexpense": 15323000,
        "othernonoperatingincomeexpense": 15426000,
        "nonoperatingincomeexpense": 103000,
        "incomelossfromcontinuingoperationsbeforeincometaxesextraordinaryitemsnoncontrollinginterest": 418793000,
        "incometaxexpensebenefit": 101918000,
        "netincomeloss": 316875000,
        "othercomprehensiveincomeforeigncurrencytransactionandtranslationgainlossarisingduringperiodnetoftax": 127456000,
        "othercomprehensiveincomelosspensionandotherpostretirementbenefitplansadjustmentnetoftax": 17066000,
        "othercomprehensiveincomelossnetoftax": 110390000,
        "comprehensiveincomenetoftaxincludingportionattributabletononcontrollinginterest": 427265000,
        "othercomprehensiveincomelosspensionandotherpostretirementbenefitplanstax": -6282000
    },
    {
        "date": "2023-09-29",
        "symbol": "GPC",
        "period": "Q3",
        "revenuefromcontractwithcustomerexcludingassessedtax": 15708601000,
        "costofgoodsandservicessold": 3715361000,
        "grossprofit": 2109241000,
        "sellinggeneralandadministrativeexpense": 1551799000,
        "depreciationandamortization": 83860000,
        "provisionfordoubtfulaccounts": 8417000,
        "operatingexpenses": 1644076000,
        "interestexpense": 15827000,
        "othernonoperatingincomeexpense": 15722000,
        "nonoperatingincomeexpense": -105000,
        "incomelossfromcontinuingoperationsbeforeincometaxesextraordinaryitemsnoncontrollinginterest": 465060000,
        "incometaxexpensebenefit": 113862000,
        "netincomeloss": 351198000,
        "commonstockdividendspersharedeclared": 0.9500000000000002,
        "earningspersharebasic": 2.5,
        "earningspersharediluted": 2.5000000000000004,
        "othercomprehensiveincomeforeigncurrencytransactionandtranslationgainlossarisingduringperiodnetoftax": -77314000,
        "othercomprehensiveincomelosspensionandotherpostretirementbenefitplansadjustmentnetoftax": -1909000,
        "othercomprehensiveincomelossnetoftax": -75405000,
        "comprehensiveincomenetoftaxincludingportionattributabletononcontrollinginterest": 275793000,
        "othercomprehensiveincomelosspensionandotherpostretirementbenefitplanstax": 703000
    },
    {
        "date": "2023-06-29",
        "symbol": "GPC",
        "period": "Q2",
        "revenuefromcontractwithcustomerexcludingassessedtax": 902445000,
        "costofgoodsandservicessold": 3780263000,
        "grossprofit": 2134743000,
        "sellinggeneralandadministrativeexpense": 1581653000,
        "depreciationandamortization": 90873000,
        "provisionfordoubtfulaccounts": 8322000,
        "operatingexpenses": 1680848000,
        "interestexpense": 16455000,
        "othernonoperatingincomeexpense": 16649000,
        "nonoperatingincomeexpense": 194000,
        "incomelossfromcontinuingoperationsbeforeincometaxesextraordinaryitemsnoncontrollinginterest": 454089000,
        "incometaxexpensebenefit": 109595000,
        "netincomeloss": 344494000,
        "commonstockdividendspersharedeclared": 0.95,
        "earningspersharebasic": 2.45,
        "earningspersharediluted": 2.44,
        "othercomprehensiveincomeforeigncurrencytransactionandtranslationgainlossarisingduringperiodnetoftax": -9540000,
        "othercomprehensiveincomelosscashflowhedgeandnetinvestmenthedgegainlossafterreclassificationandtax": 2572000,
        "othercomprehensiveincomelosspensionandotherpostretirementbenefitplansadjustmentnetoftax": -1912000,
        "othercomprehensiveincomelossnetoftax": -5056000,
        "comprehensiveincomenetoftaxincludingportionattributabletononcontrollinginterest": 339438000,
        "gainlossonderivativeusedinnetinvestmenthedgetax": -951000,
        "othercomprehensiveincomelosspensionandotherpostretirementbenefitplanstax": 702000
    },
    {
        "date": "2023-03-30",
        "symbol": "GPC",
        "period": "Q1",
        "revenuefromcontractwithcustomerexcludingassessedtax": 893680000,
        "costofgoodsandservicessold": 3751717000,
        "grossprofit": 2013401000,
        "sellinggeneralandadministrativeexpense": 1511244000,
        "depreciationandamortization": 87215000,
        "provisionfordoubtfulaccounts": 5639000,
        "operatingexpenses": 1604098000,
        "interestexpense": 16864000,
        "othernonoperatingincomeexpense": 11967000,
        "nonoperatingincomeexpense": -4897000,
        "incomelossfromcontinuingoperationsbeforeincometaxesextraordinaryitemsnoncontrollinginterest": 404406000,
        "incometaxexpensebenefit": 100449000,
        "netincomeloss": 303957000,
        "commonstockdividendspersharedeclared": 0.95,
        "earningspersharebasic": 2.16,
        "earningspersharediluted": 2.14,
        "othercomprehensiveincomeforeigncurrencytransactionandtranslationgainlossarisingduringperiodnetoftax": 23827000,
        "othercomprehensiveincomelosspensionandotherpostretirementbenefitplansadjustmentnetoftax": -1914000,
        "othercomprehensiveincomelossnetoftax": 25741000,
        "comprehensiveincomenetoftaxincludingportionattributabletononcontrollinginterest": 329698000,
        "othercomprehensiveincomelossforeigncurrencytranslationadjustmenttax": -5255000,
        "othercomprehensiveincomelosspensionandotherpostretirementbenefitplanstax": 703000
    },
    {
        "date": "2022-12-30",
        "symbol": "GPC",
        "period": "Q4",
        "revenuefromcontractwithcustomerexcludingassessedtax": -1819486000,
        "costofgoodsandservicessold": 3549959000,
        "grossprofit": 1973691000,
        "sellinggeneralandadministrativeexpense": -3819412000,
        "depreciationandamortization": -102385000,
        "provisionfordoubtfulaccounts": 6252000,
        "operatingexpenses": 1626132000,
        "interestexpense": 15569000,
        "othernonoperatingincomeexpense": 5393000,
        "nonoperatingincomeexpense": -10176000,
        "incomelossfromcontinuingoperationsbeforeincometaxesextraordinaryitemsnoncontrollinginterest": 337383000,
        "incometaxexpensebenefit": 85407000,
        "netincomeloss": 251976000,
        "earningspersharebasic": 1.7899999999999996,
        "earningspersharediluted": 1.7700000000000002,
        "weightedaveragenumberofsharesoutstandingbasic": -283365000,
        "weightedaveragenumberdilutedsharesoutstandingadjustment": -1568000,
        "weightedaveragenumberofdilutedsharesoutstanding": -284933000,
        "othercomprehensiveincomeforeigncurrencytransactionandtranslationgainlossarisingduringperiodnetoftax": 104867000,
        "othercomprehensiveincomelosspensionandotherpostretirementbenefitplansadjustmentnetoftax": 64340000,
        "othercomprehensiveincomelossnetoftax": 41774000,
        "comprehensiveincomenetoftaxincludingportionattributabletononcontrollinginterest": 293750000,
        "othercomprehensiveincomelosspensionandotherpostretirementbenefitplanstax": 23582000
    },
    {
        "date": "2022-09-29",
        "symbol": "GPC",
        "period": "Q3",
        "revenuefromcontractwithcustomerexcludingassessedtax": 752364000,
        "costofgoodsandservicessold": 3695607000,
        "grossprofit": 1979667000,
        "sellinggeneralandadministrativeexpense": 1458418000,
        "depreciationandamortization": 86563000,
        "provisionfordoubtfulaccounts": 6146000,
        "operatingexpenses": 1551127000,
        "interestexpense": 18220000,
        "othernonoperatingincomeexpense": 7616000,
        "nonoperatingincomeexpense": -10604000,
        "incomelossfromcontinuingoperationsbeforeincometaxesextraordinaryitemsnoncontrollinginterest": 417936000,
        "incometaxexpensebenefit": 105578000,
        "netincomeloss": 312358000,
        "commonstockdividendspersharedeclared": 0.895,
        "earningspersharebasic": 2.21,
        "earningspersharediluted": 2.2,
        "weightedaveragenumberofsharesoutstandingbasic": 141336000,
        "weightedaveragenumberdilutedsharesoutstandingadjustment": 773000,
        "weightedaveragenumberofdilutedsharesoutstanding": 142109000,
        "othercomprehensiveincomeforeigncurrencytransactionandtranslationgainlossarisingduringperiodnetoftax": -131811000,
        "othercomprehensiveincomelosscashflowhedgeandnetinvestmenthedgegainlossafterreclassificationandtax": 3741000,
        "othercomprehensiveincomelosspensionandotherpostretirementbenefitplansadjustmentnetoftax": -6982000,
        "othercomprehensiveincomelossnetoftax": -121088000,
        "comprehensiveincomenetoftaxincludingportionattributabletononcontrollinginterest": 191270000,
        "othercomprehensiveincomelossforeigncurrencytranslationadjustmenttax": -33843000,
        "gainlossonderivativeusedinnetinvestmenthedgetax": -1384000,
        "othercomprehensiveincomelosspensionandotherpostretirementbenefitplanstax": -2576000
    },
    {
        "date": "2022-06-29",
        "symbol": "GPC",
        "period": "Q2",
        "revenuefromcontractwithcustomerexcludingassessedtax": 766546000,
        "costofgoodsandservicessold": 3641615000,
        "grossprofit": 1960799000,
        "sellinggeneralandadministrativeexpense": 1364015000,
        "depreciationandamortization": 85890000,
        "provisionfordoubtfulaccounts": 2899000,
        "operatingexpenses": 1452804000,
        "interestexpense": 20248000,
        "othernonoperatingincomeexpense": 3820000,
        "nonoperatingincomeexpense": -16428000,
        "incomelossfromcontinuingoperationsbeforeincometaxesextraordinaryitemsnoncontrollinginterest": 491567000,
        "incometaxexpensebenefit": 119038000,
        "netincomeloss": 372529000,
        "commonstockdividendspersharedeclared": 0.895,
        "earningspersharebasic": 2.63,
        "earningspersharediluted": 2.62,
        "weightedaveragenumberofsharesoutstandingbasic": 141581000,
        "weightedaveragenumberdilutedsharesoutstandingadjustment": 723000,
        "weightedaveragenumberofdilutedsharesoutstanding": 142304000,
        "othercomprehensiveincomeforeigncurrencytransactionandtranslationgainlossarisingduringperiodnetoftax": -159078000,
        "othercomprehensiveincomelosscashflowhedgeandnetinvestmenthedgegainlossafterreclassificationandtax": 3741000,
        "othercomprehensiveincomelosspensionandotherpostretirementbenefitplansadjustmentnetoftax": -6986000,
        "othercomprehensiveincomelossnetoftax": -148351000,
        "comprehensiveincomenetoftaxincludingportionattributabletononcontrollinginterest": 224178000,
        "othercomprehensiveincomelossforeigncurrencytranslationadjustmenttax": -31638000,
        "gainlossonderivativeusedinnetinvestmenthedgetax": -1383000,
        "othercomprehensiveincomelosspensionandotherpostretirementbenefitplanstax": -2580000
    },
    {
        "date": "2022-03-30",
        "symbol": "GPC",
        "period": "Q1",
        "revenuefromcontractwithcustomerexcludingassessedtax": 765839000,
        "costofgoodsandservicessold": 3468688000,
        "grossprofit": 1825947000,
        "sellinggeneralandadministrativeexpense": 1403979000,
        "depreciationandamortization": 87369000,
        "provisionfordoubtfulaccounts": 4494000,
        "operatingexpenses": 1495842000,
        "interestexpense": 19850000,
        "othernonoperatingincomeexpense": 15461000,
        "nonoperatingincomeexpense": -4389000,
        "incomelossfromcontinuingoperationsbeforeincometaxesextraordinaryitemsnoncontrollinginterest": 325716000,
        "incometaxexpensebenefit": 79878000,
        "netincomeloss": 245838000,
        "commonstockdividendspersharedeclared": 0.895,
        "earningspersharebasic": 1.73,
        "earningspersharediluted": 1.72,
        "weightedaveragenumberofsharesoutstandingbasic": 141916000,
        "weightedaveragenumberdilutedsharesoutstandingadjustment": 926000,
        "weightedaveragenumberofdilutedsharesoutstanding": 142842000,
        "othercomprehensiveincomeforeigncurrencytransactionandtranslationgainlossarisingduringperiodnetoftax": 42132000,
        "othercomprehensiveincomelosscashflowhedgeandnetinvestmenthedgegainlossafterreclassificationandtax": 3741000,
        "othercomprehensiveincomelosspensionandotherpostretirementbenefitplansadjustmentnetoftax": -6989000,
        "othercomprehensiveincomelossnetoftax": 52862000,
        "comprehensiveincomenetoftaxincludingportionattributabletononcontrollinginterest": 298700000,
        "othercomprehensiveincomelossforeigncurrencytranslationadjustmenttax": -8411000,
        "gainlossonderivativeusedinnetinvestmenthedgetax": -1384000,
        "othercomprehensiveincomelosspensionandotherpostretirementbenefitplanstax": -2580000
    },
    {
        "date": "2021-12-30",
        "symbol": "GPC",
        "period": "Q4",
        "revenuefromcontractwithcustomerexcludingassessedtax": -1713528000,
        "costofgoodsandservicessold": 9128292000,
        "grossprofit": 4923369000,
        "sellinggeneralandadministrativeexpense": -988399000,
        "depreciationandamortization": -115104000,
        "provisionfordoubtfulaccounts": 3509000,
        "operatingexpenses": 4056043000,
        "interestexpense": 12023000,
        "othernonoperatingincomeexpense": 19848000,
        "nonoperatingincomeexpense": 7825000,
        "incomelossfromcontinuingoperationsbeforeincometaxesextraordinaryitemsnoncontrollinginterest": 345906000,
        "incometaxexpensebenefit": 89907000,
        "incomelossfromcontinuingoperations": 255999000,
        "netincomeloss": 255999000,
        "incomelossfromcontinuingoperationsperbasicshare": 1.7999999999999996,
        "earningspersharebasic": 1.7999999999999996,
        "incomelossfromcontinuingoperationsperdilutedshare": 1.7800000000000002,
        "earningspersharediluted": 1.7800000000000002,
        "weightedaveragenumberofsharesoutstandingbasic": -288060000,
        "weightedaveragenumberdilutedsharesoutstandingadjustment": -1591000,
        "weightedaveragenumberofdilutedsharesoutstanding": -289651000,
        "othercomprehensiveincomeforeigncurrencytransactionandtranslationgainlossarisingduringperiodnetoftax": 9895000,
        "othercomprehensiveincomelosscashflowhedgeandnetinvestmenthedgegainlossafterreclassificationandtax": 3742000,
        "othercomprehensiveincomelosspensionandotherpostretirementbenefitplansadjustmentnetoftax": -201710000,
        "othercomprehensiveincomelossnetoftax": 215347000,
        "comprehensiveincomenetoftaxincludingportionattributabletononcontrollinginterest": 471346000,
        "gainlossonderivativeusedinnetinvestmenthedgetax": -1384000,
        "othercomprehensiveincomelosspensionandotherpostretirementbenefitplanstax": -74370000
    },
    {
        "date": "2021-09-29",
        "symbol": "GPC",
        "period": "Q3",
        "revenuefromcontractwithcustomerexcludingassessedtax": 730117000,
        "costofgoodsandservicessold": 3108082000,
        "grossprofit": 1710767000,
        "sellinggeneralandadministrativeexpense": 1338768000,
        "depreciationandamortization": 72121000,
        "provisionfordoubtfulaccounts": 4284000,
        "operatingexpenses": 1415173000,
        "interestexpense": 14958000,
        "othernonoperatingincomeexpense": 18338000,
        "nonoperatingincomeexpense": 3380000,
        "incomelossfromcontinuingoperationsbeforeincometaxesextraordinaryitemsnoncontrollinginterest": 298974000,
        "incometaxexpensebenefit": 70389000,
        "incomelossfromcontinuingoperations": 228585000,
        "netincomeloss": 228585000,
        "commonstockdividendspersharedeclared": 0.815,
        "incomelossfromcontinuingoperationsperbasicshare": 1.6,
        "earningspersharebasic": 1.6,
        "incomelossfromcontinuingoperationsperdilutedshare": 1.59,
        "earningspersharediluted": 1.59,
        "weightedaveragenumberofsharesoutstandingbasic": 142871000,
        "weightedaveragenumberdilutedsharesoutstandingadjustment": 718000,
        "weightedaveragenumberofdilutedsharesoutstanding": 143589000,
        "othercomprehensiveincomeforeigncurrencytransactionandtranslationgainlossarisingduringperiodnetoftax": -82574000,
        "othercomprehensiveincomelosscashflowhedgeandnetinvestmenthedgegainlossafterreclassificationandtax": 3741000,
        "othercomprehensiveincomelosspensionandotherpostretirementbenefitplansadjustmentnetoftax": -9301000,
        "othercomprehensiveincomelossnetoftax": -69532000,
        "comprehensiveincomenetoftaxincludingportionattributabletononcontrollinginterest": 159053000,
        "othercomprehensiveincomelossforeigncurrencytranslationadjustmenttax": -11328000,
        "gainlossonderivativeusedinnetinvestmenthedgetax": -1384000,
        "othercomprehensiveincomelosspensionandotherpostretirementbenefitplanstax": -3425000
    },
    {
        "date": "2021-06-29",
        "symbol": "GPC",
        "period": "Q2",
        "revenuefromcontractwithcustomerexcludingassessedtax": 4783738000,
        "costofgoodsandservicessold": 3094633000,
        "grossprofit": 1689105000,
        "sellinggeneralandadministrativeexpense": 1349309000,
        "depreciationandamortization": 73960000,
        "provisionfordoubtfulaccounts": 5037000,
        "operatingexpenses": 1428306000,
        "interestexpense": 16107000,
        "othernonoperatingincomeexpense": 24915000,
        "nonoperatingincomeexpense": 8808000,
        "incomelossfromcontinuingoperationsbeforeincometaxesextraordinaryitemsnoncontrollinginterest": 269607000,
        "incometaxexpensebenefit": 73111000,
        "incomelossfromcontinuingoperations": 196496000,
        "netincomeloss": 196496000,
        "commonstockdividendspersharedeclared": 0.815,
        "incomelossfromcontinuingoperationsperbasicshare": 1.36,
        "earningspersharebasic": 1.36,
        "incomelossfromcontinuingoperationsperdilutedshare": 1.36,
        "earningspersharediluted": 1.36,
        "weightedaveragenumberofsharesoutstandingbasic": 144211000,
        "weightedaveragenumberdilutedsharesoutstandingadjustment": 772000,
        "weightedaveragenumberofdilutedsharesoutstanding": 144983000,
        "othercomprehensiveincomeforeigncurrencytransactionandtranslationgainlossarisingduringperiodnetoftax": 7131000,
        "othercomprehensiveincomelosscashflowhedgeandnetinvestmenthedgegainlossafterreclassificationandtax": 3741000,
        "othercomprehensiveincomelosspensionandotherpostretirementbenefitplansadjustmentnetoftax": -9334000,
        "othercomprehensiveincomelossnetoftax": 20206000,
        "comprehensiveincomenetoftaxincludingportionattributabletononcontrollinginterest": 216702000,
        "othercomprehensiveincomelossforeigncurrencytranslationadjustmenttax": -7019000,
        "gainlossonderivativeusedinnetinvestmenthedgetax": -1383000,
        "othercomprehensiveincomelosspensionandotherpostretirementbenefitplanstax": -3434000
    },
    {
        "date": "2021-03-30",
        "symbol": "GPC",
        "period": "Q1",
        "revenuefromcontractwithcustomerexcludingassessedtax": 4464714000,
        "costofgoodsandservicessold": 2923899000,
        "grossprofit": 1540815000,
        "sellinggeneralandadministrativeexpense": 1195164000,
        "depreciationandamortization": 72296000,
        "provisionfordoubtfulaccounts": 4909000,
        "operatingexpenses": 1272369000,
        "interestexpense": 19062000,
        "othernonoperatingincomeexpense": 36475000,
        "nonoperatingincomeexpense": 17413000,
        "incomelossfromcontinuingoperationsbeforeincometaxesextraordinaryitemsnoncontrollinginterest": 285859000,
        "incometaxexpensebenefit": 68149000,
        "incomelossfromcontinuingoperations": 217710000,
        "netincomeloss": 217710000,
        "commonstockdividendspersharedeclared": 0.815,
        "incomelossfromcontinuingoperationsperbasicshare": 1.51,
        "earningspersharebasic": 1.51,
        "incomelossfromcontinuingoperationsperdilutedshare": 1.5,
        "earningspersharediluted": 1.5,
        "weightedaveragenumberofsharesoutstandingbasic": 144413000,
        "weightedaveragenumberdilutedsharesoutstandingadjustment": 887000,
        "weightedaveragenumberofdilutedsharesoutstanding": 145300000,
        "othercomprehensiveincomeforeigncurrencytransactionandtranslationgainlossarisingduringperiodnetoftax": -295000,
        "othercomprehensiveincomelosscashflowhedgeandnetinvestmenthedgegainlossafterreclassificationandtax": 3741000,
        "othercomprehensiveincomelosspensionandotherpostretirementbenefitplansadjustmentnetoftax": -9296000,
        "othercomprehensiveincomelossnetoftax": 12742000,
        "comprehensiveincomenetoftaxincludingportionattributabletononcontrollinginterest": 230452000,
        "othercomprehensiveincomelossforeigncurrencytranslationadjustmenttax": -21185000,
        "gainlossonderivativeusedinnetinvestmenthedgetax": -1384000,
        "othercomprehensiveincomelosspensionandotherpostretirementbenefitplanstax": -3421000
    },
    {
        "date": "2020-12-30",
        "symbol": "GPC",
        "period": "Q4",
        "revenuefromcontractwithcustomerexcludingassessedtax": 3784588000,
        "costofgoodsandservicessold": 2449091000,
        "grossprofit": 1335497000,
        "sellinggeneralandadministrativeexpense": 1042251000,
        "depreciationandamortization": 66569000,
        "provisionfordoubtfulaccounts": -656000,
        "businessexitcosts1": 12553000,
        "operatingexpenses": 1120717000,
        "interestexpense": 21491000,
        "othernonoperatingincomeexpense": 13905000,
        "nonoperatingincomeexpense": -7586000,
        "incomelossfromcontinuingoperationsbeforeincometaxesextraordinaryitemsnoncontrollinginterest": 207194000,
        "incometaxexpensebenefit": 49751000,
        "netincomeloss": 171204000,
        "weightedaveragenumberofsharesoutstandingbasic": -289113000,
        "weightedaveragenumberofdilutedsharesoutstanding": -289805000,
        "othercomprehensiveincomeforeigncurrencytransactionandtranslationgainlossarisingduringperiodnetoftax": 139546000,
        "othercomprehensiveincomelosscashflowhedgeandnetinvestmenthedgegainlossafterreclassificationandtax": 3456000,
        "othercomprehensiveincomelosspensionandotherpostretirementbenefitplansadjustmentnetoftax": 12932000,
        "othercomprehensiveincomelossnetoftax": 130070000,
        "comprehensiveincomenetoftaxincludingportionattributabletononcontrollinginterest": 301274000,
        "gainlossonderivativeusedinnetinvestmenthedgetax": 5024000,
        "othercomprehensiveincomelosspensionandotherpostretirementbenefitplanstax": 4384000
    },
    {
        "date": "2020-09-29",
        "symbol": "GPC",
        "period": "Q3",
        "revenuefromcontractwithcustomerexcludingassessedtax": 4370086000,
        "costofgoodsandservicessold": 2842020000,
        "grossprofit": 1528066000,
        "sellinggeneralandadministrativeexpense": 1140156000,
        "depreciationandamortization": 69097000,
        "provisionfordoubtfulaccounts": 5633000,
        "businessexitcosts1": 10968000,
        "operatingexpenses": 1225854000,
        "interestexpense": 25788000,
        "othernonoperatingincomeexpense": 21241000,
        "nonoperatingincomeexpense": -4547000,
        "incomelossfromcontinuingoperationsbeforeincometaxesextraordinaryitemsnoncontrollinginterest": 297665000,
        "incometaxexpensebenefit": 64747000,
        "incomelossfromcontinuingoperations": 232918000,
        "incomelossfromdiscontinuedoperationsnetoftaxattributabletoreportingentity": -5387000,
        "netincomeloss": 227531000,
        "commonstockdividendspersharedeclared": 0.79,
        "incomelossfromcontinuingoperationsperbasicshare": 1.61,
        "incomelossfromdiscontinuedoperationsnetoftaxperbasicshare": -0.03,
        "earningspersharebasic": 1.58,
        "incomelossfromcontinuingoperationsperdilutedshare": 1.61,
        "incomelossfromdiscontinuedoperationsnetoftaxperdilutedshare": -0.04,
        "earningspersharediluted": 1.57,
        "weightedaveragenumberofsharesoutstandingbasic": 144273000,
        "weightedaveragenumberdilutedsharesoutstandingadjustment": 762000,
        "weightedaveragenumberofdilutedsharesoutstanding": 145035000,
        "othercomprehensiveincomeforeigncurrencytransactionandtranslationgainlossarisingduringperiodnetoftax": 34063000,
        "othercomprehensiveincomelosscashflowhedgeandnetinvestmenthedgegainlossafterreclassificationandtax": 3550000,
        "othercomprehensiveincomelosspensionandotherpostretirementbenefitplansadjustmentnetoftax": -8187000,
        "othercomprehensiveincomelossnetoftax": 45800000,
        "comprehensiveincomenetoftaxincludingportionattributabletononcontrollinginterest": 273331000,
        "othercomprehensiveincomelossforeigncurrencytranslationadjustmenttax": -22896000,
        "gainlossonderivativeusedinnetinvestmenthedgetax": -1313000,
        "othercomprehensiveincomelosspensionandotherpostretirementbenefitplanstax": -2998000
    },
    {
        "date": "2020-06-29",
        "symbol": "GPC",
        "period": "Q2",
        "revenuefromcontractwithcustomerexcludingassessedtax": 3823227000,
        "costofgoodsandservicessold": 2532740000,
        "grossprofit": 1290487000,
        "sellinggeneralandadministrativeexpense": 971589000,
        "depreciationandamortization": 66733000,
        "provisionfordoubtfulaccounts": 11300000,
        "businessexitcosts1": 25059000,
        "goodwillimpairmentloss": 506721000,
        "operatingexpenses": 1581402000,
        "interestexpense": 25465000,
        "othernonoperatingincomeexpense": 11944000,
        "nonoperatingincomeexpense": -13521000,
        "incomelossfromcontinuingoperationsbeforeincometaxesextraordinaryitemsnoncontrollinginterest": -304436000,
        "incometaxexpensebenefit": 59065000,
        "incomelossfromcontinuingoperations": -363501000,
        "incomelossfromdiscontinuedoperationsnetoftaxattributabletoreportingentity": -200871000,
        "netincomeloss": -564372000,
        "commonstockdividendspersharedeclared": 0.79,
        "incomelossfromcontinuingoperationsperbasicshare": -2.52,
        "incomelossfromcontinuingoperationsperdilutedshare": -2.52,
        "weightedaveragenumberofsharesoutstandingbasic": 144262000,
        "weightedaveragenumberofdilutedsharesoutstanding": 144262000,
        "othercomprehensiveincomeforeigncurrencytransactionandtranslationgainlossarisingduringperiodnetoftax": 111599000,
        "othercomprehensiveincomelosscashflowhedgeandnetinvestmenthedgegainlossafterreclassificationandtax": 1514000,
        "othercomprehensiveincomelosspensionandotherpostretirementbenefitplansadjustmentnetoftax": -7844000,
        "othercomprehensiveincomelossnetoftax": 120957000,
        "comprehensiveincomenetoftaxincludingportionattributabletononcontrollinginterest": -443415000,
        "othercomprehensiveincomelossforeigncurrencytranslationadjustmenttax": -12114000,
        "gainlossonderivativeusedinnetinvestmenthedgetax": -560000,
        "othercomprehensiveincomelosspensionandotherpostretirementbenefitplanstax": -3008000
    },
    {
        "date": "2020-03-30",
        "symbol": "GPC",
        "period": "Q1",
        "revenuefromcontractwithcustomerexcludingassessedtax": 4559532000,
        "costofgoodsandservicessold": 3058741000,
        "grossprofit": 1500791000,
        "sellinggeneralandadministrativeexpense": 1232743000,
        "depreciationandamortization": 70443000,
        "provisionfordoubtfulaccounts": 7300000,
        "businessexitcosts1": 1439000,
        "operatingexpenses": 1311925000,
        "interestexpense": 20969000,
        "othernonoperatingincomeexpense": 11048000,
        "nonoperatingincomeexpense": -9921000,
        "incomelossfromcontinuingoperationsbeforeincometaxesextraordinaryitemsnoncontrollinginterest": 178945000,
        "incometaxexpensebenefit": 42410000,
        "netincomeloss": 136535000,
        "earningspersharebasic": 0.94,
        "earningspersharediluted": 0.94,
        "commonstockdividendspersharedeclared": 0.79,
        "weightedaveragenumberofsharesoutstandingbasic": 145052000,
        "weightedaveragenumberdilutedsharesoutstandingadjustment": 571000,
        "weightedaveragenumberofdilutedsharesoutstanding": 145623000,
        "othercomprehensiveincomeforeigncurrencytransactionandtranslationgainlossarisingduringperiodnetoftax": -182613000,
        "othercomprehensiveincomelosscashflowhedgeandnetinvestmenthedgegainlossafterreclassificationandtax": -17856000,
        "othercomprehensiveincomelosspensionandotherpostretirementbenefitplansadjustmentnetoftax": -8448000,
        "othercomprehensiveincomelossnetoftax": -192021000,
        "comprehensiveincomenetoftaxincludingportionattributabletononcontrollinginterest": -55486000,
        "othercomprehensiveincomelossforeigncurrencytranslationadjustmenttax": -15560000,
        "gainlossonderivativeusedinnetinvestmenthedgetax": -6604000,
        "othercomprehensiveincomelosspensionandotherpostretirementbenefitplanstax": -3017000
    },
    {
        "date": "2019-12-30",
        "symbol": "GPC",
        "period": "Q4",
        "revenuefromcontractwithcustomerexcludingassessedtax": 4706189000,
        "costofgoodsandservicessold": 3121095000,
        "grossprofit": 1585094000,
        "sellinggeneralandadministrativeexpense": 1250141000,
        "depreciationandamortization": 73235000,
        "provisionfordoubtfulaccounts": 3281000,
        "operatingexpenses": 1520809000,
        "interestexpense": 22047000,
        "othernonoperatingincomeexpense": 12645000,
        "nonoperatingincomeexpense": -52159000,
        "incomelossfromcontinuingoperationsbeforeincometaxesextraordinaryitemsnoncontrollinginterest": 12126000,
        "incometaxexpensebenefit": 3208000,
        "netincomeloss": 8918000,
        "earningspersharebasic": 0.05999999999999961,
        "earningspersharediluted": 0.06000000000000005,
        "weightedaveragenumberofsharesoutstandingbasic": -291892000,
        "weightedaveragenumberdilutedsharesoutstandingadjustment": -1310000,
        "weightedaveragenumberofdilutedsharesoutstanding": -293202000,
        "othercomprehensiveincomeforeigncurrencytransactionandtranslationgainlossarisingduringperiodnetoftax": 126615000,
        "othercomprehensiveincomelosscashflowhedgeandnetinvestmenthedgegainlossafterreclassificationandtax": -27087000,
        "othercomprehensiveincomelosspensionandotherpostretirementbenefitplansadjustmentnetoftax": -27744000,
        "othercomprehensiveincomelossnetoftax": 127272000,
        "comprehensiveincomenetoftaxincludingportionattributabletononcontrollinginterest": 136190000,
        "gainlossonderivativeusedinnetinvestmenthedgetax": 31057000,
        "othercomprehensiveincomelosspensionandotherpostretirementbenefitplanstax": 1130000
    },
    {
        "date": "2019-09-29",
        "symbol": "GPC",
        "period": "Q3",
        "revenuefromcontractwithcustomerexcludingassessedtax": 5015023000,
        "costofgoodsandservicessold": 3390597000,
        "grossprofit": 1624426000,
        "sellinggeneralandadministrativeexpense": 1269893000,
        "depreciationandamortization": 68922000,
        "provisionfordoubtfulaccounts": 1693000,
        "operatingexpenses": 1340508000,
        "interestexpense": 26485000,
        "othernonoperatingincomeexpense": 47100000,
        "nonoperatingincomeexpense": 20615000,
        "incomelossfromcontinuingoperationsbeforeincometaxesextraordinaryitemsnoncontrollinginterest": 304533000,
        "incometaxexpensebenefit": 77046000,
        "netincomeloss": 227487000,
        "earningspersharebasic": 1.56,
        "earningspersharediluted": 1.56,
        "commonstockdividendspersharedeclared": 0.7625,
        "weightedaveragenumberofsharesoutstandingbasic": 145572000,
        "weightedaveragenumberdilutedsharesoutstandingadjustment": 617000,
        "weightedaveragenumberofdilutedsharesoutstanding": 146189000,
        "othercomprehensiveincomeforeigncurrencytransactionandtranslationgainlossarisingduringperiodnetoftax": -126350000,
        "othercomprehensiveincomelosscashflowhedgeandnetinvestmenthedgegainlossafterreclassificationandtax": 45925000,
        "othercomprehensiveincomelosspensionandotherpostretirementbenefitplansadjustmentnetoftax": -7024000,
        "othercomprehensiveincomelossnetoftax": -73401000,
        "comprehensiveincomenetoftaxincludingportionattributabletononcontrollinginterest": 154086000,
        "gainlossonderivativeusedinnetinvestmenthedgetax": -16988000,
        "othercomprehensiveincomelosspensionandotherpostretirementbenefitplanstax": -2592000
    },
    {
        "date": "2019-06-29",
        "symbol": "GPC",
        "period": "Q2",
        "revenuefromcontractwithcustomerexcludingassessedtax": 4934260000,
        "costofgoodsandservicessold": 3335679000,
        "grossprofit": 1598581000,
        "sellinggeneralandadministrativeexpense": 1216913000,
        "depreciationandamortization": 66154000,
        "provisionfordoubtfulaccounts": 5962000,
        "operatingexpenses": 1289029000,
        "interestexpense": 23296000,
        "othernonoperatingincomeexpense": 15873000,
        "nonoperatingincomeexpense": -7423000,
        "incomelossfromcontinuingoperationsbeforeincometaxesextraordinaryitemsnoncontrollinginterest": 302129000,
        "incometaxexpensebenefit": 77699000,
        "netincomeloss": 224430000,
        "earningspersharebasic": 1.54,
        "earningspersharediluted": 1.53,
        "commonstockdividendspersharedeclared": 0.7625,
        "weightedaveragenumberofsharesoutstandingbasic": 146075000,
        "weightedaveragenumberdilutedsharesoutstandingadjustment": 661000,
        "weightedaveragenumberofdilutedsharesoutstanding": 146736000,
        "othercomprehensiveincomeforeigncurrencytransactionandtranslationgainlossarisingduringperiodnetoftax": 10864000,
        "othercomprehensiveincomelosscashflowhedgeandnetinvestmenthedgegainlossafterreclassificationandtax": -20889000,
        "othercomprehensiveincomelosspensionandotherpostretirementbenefitplansadjustmentnetoftax": -4833000,
        "othercomprehensiveincomelossnetoftax": -5192000,
        "comprehensiveincomenetoftaxincludingportionattributabletononcontrollinginterest": 219238000,
        "gainlossonderivativeusedinnetinvestmenthedgetax": 7726000,
        "othercomprehensiveincomelosspensionandotherpostretirementbenefitplanstax": -1786000
    },
    {
        "date": "2019-03-30",
        "symbol": "GPC",
        "period": "Q1",
        "revenuefromcontractwithcustomerexcludingassessedtax": 4736833000,
        "costofgoodsandservicessold": 3228665000,
        "grossprofit": 1508168000,
        "sellinggeneralandadministrativeexpense": 1197220000,
        "depreciationandamortization": 61977000,
        "provisionfordoubtfulaccounts": 3969000,
        "operatingexpenses": 1263166000,
        "interestexpense": 23883000,
        "othernonoperatingincomeexpense": -9607000,
        "nonoperatingincomeexpense": -33490000,
        "incomelossfromcontinuingoperationsbeforeincometaxesextraordinaryitemsnoncontrollinginterest": 211512000,
        "incometaxexpensebenefit": 51262000,
        "netincomeloss": 160250000,
        "earningspersharebasic": 1.1,
        "earningspersharediluted": 1.09,
        "commonstockdividendspersharedeclared": 0.7625,
        "weightedaveragenumberofsharesoutstandingbasic": 145981000,
        "weightedaveragenumberdilutedsharesoutstandingadjustment": 713000,
        "weightedaveragenumberofdilutedsharesoutstanding": 146694000,
        "othercomprehensiveincomeforeigncurrencytransactionandtranslationgainlossarisingduringperiodnetoftax": 27117000,
        "othercomprehensiveincomelosscashflowhedgeandnetinvestmenthedgegainlossafterreclassificationandtax": 15668000,
        "othercomprehensiveincomelosspensionandotherpostretirementbenefitplansadjustmentnetoftax": -4832000,
        "othercomprehensiveincomelossnetoftax": 47617000,
        "comprehensiveincomenetoftaxincludingportionattributabletononcontrollinginterest": 207867000,
        "gainlossonderivativeusedinnetinvestmenthedgetax": -5795000,
        "othercomprehensiveincomelosspensionandotherpostretirementbenefitplanstax": -1788000
    },
    {
        "date": "2018-12-30",
        "symbol": "GPC",
        "period": "Q4",
        "grossprofit": 1542159000,
        "sellinggeneralandadministrativeexpense": 1214036000,
        "depreciationandamortization": -163378000,
        "provisionfordoubtfulaccounts": 5841000,
        "operatingexpenses": 1283616000,
        "interestexpense": 26256000,
        "othernonoperatingincomeexpense": 22000000,
        "nonoperatingincomeexpense": -4256000,
        "incomelossfromcontinuingoperationsbeforeincometaxesextraordinaryitemsnoncontrollinginterest": 254287000,
        "incometaxexpensebenefit": 67588000,
        "netincomeloss": 186699000,
        "earningspersharebasic": 1.2800000000000005,
        "earningspersharediluted": 1.2699999999999998,
        "weightedaveragenumberofsharesoutstandingbasic": -293581000,
        "weightedaveragenumberdilutedsharesoutstandingadjustment": -1213000,
        "weightedaveragenumberofdilutedsharesoutstanding": -294794000,
        "othercomprehensiveincomeforeigncurrencytransactionandtranslationgainlossarisingduringperiodnetoftax": -85531000,
        "othercomprehensiveincomelosspensionandotherpostretirementbenefitplansadjustmentnetoftax": 78586000,
        "othercomprehensiveincomelossnetoftax": -152800000,
        "comprehensiveincomenetoftaxincludingportionattributabletononcontrollinginterest": 33899000,
        "gainlossonderivativeusedinnetinvestmenthedgetax": 22791000,
        "othercomprehensiveincomelosspensionandotherpostretirementbenefitplanstax": 29147000
    },
    {
        "date": "2018-09-29",
        "symbol": "GPC",
        "period": "Q3",
        "revenuefromcontractwithcustomerexcludingassessedtax": 1577329000,
        "costofgoodsandservicessold": 3238687000,
        "grossprofit": 1484235000,
        "sellinggeneralandadministrativeexpense": 1119266000,
        "depreciationandamortization": 61082000,
        "provisionfordoubtfulaccounts": 4939000,
        "operatingexpenses": 1185287000,
        "interestexpense": 25084000,
        "othernonoperatingincomeexpense": 17871000,
        "nonoperatingincomeexpense": -7213000,
        "incomelossfromcontinuingoperationsbeforeincometaxesextraordinaryitemsnoncontrollinginterest": 291735000,
        "incometaxexpensebenefit": 71508000,
        "netincomeloss": 220227000,
        "earningspersharebasic": 1.5,
        "earningspersharediluted": 1.49,
        "commonstockdividendspersharedeclared": 0.72,
        "weightedaveragenumberofsharesoutstandingbasic": 146763000,
        "weightedaveragenumberdilutedsharesoutstandingadjustment": 690000,
        "weightedaveragenumberofdilutedsharesoutstanding": 147453000,
        "othercomprehensiveincomeforeigncurrencytransactionandtranslationgainlossarisingduringperiodnetoftax": -26591000,
        "othercomprehensiveincomelosscashflowhedgeandnetinvestmenthedgegainlossafterreclassificationandtax": 752000,
        "othercomprehensiveincomelosspensionandotherpostretirementbenefitplansadjustmentnetoftax": -6912000,
        "othercomprehensiveincomelossnetoftax": -18927000,
        "comprehensiveincomenetoftaxincludingportionattributabletononcontrollinginterest": 201300000,
        "gainlossonderivativeusedinnetinvestmenthedgetax": -278000,
        "othercomprehensiveincomelosspensionandotherpostretirementbenefitplanstax": -2560000
    },
    {
        "date": "2018-06-29",
        "symbol": "GPC",
        "period": "Q2",
        "revenuefromcontractwithcustomerexcludingassessedtax": 1602665000,
        "costofgoodsandservicessold": 3300479000,
        "grossprofit": 1521586000,
        "sellinggeneralandadministrativeexpense": 1148217000,
        "depreciationandamortization": 58451000,
        "provisionfordoubtfulaccounts": 3666000,
        "operatingexpenses": 1210334000,
        "interestexpense": 26476000,
        "othernonoperatingincomeexpense": 15495000,
        "nonoperatingincomeexpense": -10981000,
        "incomelossfromcontinuingoperationsbeforeincometaxesextraordinaryitemsnoncontrollinginterest": 300271000,
        "incometaxexpensebenefit": 73299000,
        "netincomeloss": 226972000,
        "earningspersharebasic": 1.55,
        "earningspersharediluted": 1.54,
        "commonstockdividendspersharedeclared": 0.72,
        "weightedaveragenumberofsharesoutstandingbasic": 146748000,
        "weightedaveragenumberdilutedsharesoutstandingadjustment": 512000,
        "weightedaveragenumberofdilutedsharesoutstanding": 147260000,
        "othercomprehensiveincomeforeigncurrencytransactionandtranslationgainlossarisingduringperiodnetoftax": -163993000,
        "translationadjustmentfornetinvestmenthedgeincreasedecreasenetoftax": 32755000,
        "othercomprehensiveincomelosspensionandotherpostretirementbenefitplansadjustmentnetoftax": -7145000,
        "othercomprehensiveincomelossnetoftax": -124093000,
        "comprehensiveincomenetoftaxincludingportionattributabletononcontrollinginterest": 102879000,
        "gainlossonderivativeusedinnetinvestmenthedgetax": -5935000,
        "othercomprehensiveincomelosspensionandotherpostretirementbenefitplanstax": -2642000
    },
    {
        "date": "2018-03-30",
        "symbol": "GPC",
        "period": "Q1",
        "salesrevenuegoodsnet": 1547944000,
        "costofgoodssold": 3150487000,
        "grossprofit": 1435807000,
        "sellinggeneralandadministrativeexpense": 1133771000,
        "depreciationandamortization": 58363000,
        "provisionfordoubtfulaccounts": 2701000,
        "operatingexpenses": 1194835000,
        "interestexpense": 24109000,
        "othernonoperatingincomeexpense": 12456000,
        "nonoperatingincomeexpense": -11653000,
        "incomelossfromcontinuingoperationsbeforeincometaxesextraordinaryitemsnoncontrollinginterest": 229319000,
        "incometaxexpensebenefit": 52743000,
        "netincomeloss": 176576000,
        "earningspersharebasic": 1.2,
        "earningspersharediluted": 1.2,
        "commonstockdividendspersharedeclared": 0.72,
        "weightedaveragenumberofsharesoutstandingbasic": 146727000,
        "weightedaveragenumberdilutedsharesoutstandingadjustment": 595000,
        "weightedaveragenumberofdilutedsharesoutstanding": 147322000,
        "othercomprehensiveincomeforeigncurrencytransactionandtranslationgainlossarisingduringperiodnetoftax": 42880000,
        "translationadjustmentfornetinvestmenthedgeincreasedecreasenetoftax": -16710000,
        "othercomprehensiveincomelosspensionandotherpostretirementbenefitplansadjustmentnetoftax": -7164000,
        "othercomprehensiveincomelossnetoftax": 33334000,
        "comprehensiveincomenetoftaxincludingportionattributabletononcontrollinginterest": 209910000,
        "gainlossonderivativeusedinnetinvestmenthedgetax": -6180000,
        "othercomprehensiveincomelosspensionandotherpostretirementbenefitplanstax": -2648000
    },
    {
        "date": "2017-12-30",
        "symbol": "GPC",
        "period": "Q4",
        "salesrevenuegoodsnet": -1277008000,
        "costofgoodssold": 2923001000,
        "grossprofit": 1284075000,
        "sellinggeneralandadministrativeexpense": 987720000,
        "depreciationandamortization": -107287000,
        "operatingexpenses": 1051703000,
        "incomelossfromcontinuingoperationsbeforeincometaxesextraordinaryitemsnoncontrollinginterest": 222001000,
        "incometaxexpensebenefit": 113818000,
        "earningspersharebasic": 0.7400000000000002,
        "earningspersharediluted": 0.7299999999999995,
        "weightedaveragenumberofsharesoutstandingbasic": -294813000,
        "weightedaveragenumberdilutedsharesoutstandingadjustment": -1146000,
        "weightedaveragenumberofdilutedsharesoutstanding": -295959000,
        "netincomeloss": 108183000,
        "comprehensiveincomenetoftaxincludingportionattributabletononcontrollinginterest": 132525000
    },
    {
        "date": "2017-09-29",
        "symbol": "GPC",
        "period": "Q3",
        "salesrevenuegoodsnet": 509966000,
        "costofgoodssold": 2869016000,
        "grossprofit": 1226890000,
        "sellinggeneralandadministrativeexpense": 940259000,
        "depreciationandamortization": 40276000,
        "operatingexpenses": 980535000,
        "incomelossfromcontinuingoperationsbeforeincometaxesextraordinaryitemsnoncontrollinginterest": 246355000,
        "incometaxexpensebenefit": 87913000,
        "netincomeloss": 158442000,
        "earningspersharebasic": 1.08,
        "earningspersharediluted": 1.08,
        "commonstockdividendspersharedeclared": 0.675,
        "weightedaveragenumberofsharesoutstandingbasic": 146720000,
        "weightedaveragenumberdilutedsharesoutstandingadjustment": 502000,
        "weightedaveragenumberofdilutedsharesoutstanding": 147222000,
        "comprehensiveincomenetoftaxincludingportionattributabletononcontrollinginterest": 202897000
    },
    {
        "date": "2017-06-29",
        "symbol": "GPC",
        "period": "Q2",
        "salesrevenuegoodsnet": 504401000,
        "costofgoodssold": 2860466000,
        "grossprofit": 1239712000,
        "sellinggeneralandadministrativeexpense": 903343000,
        "depreciationandamortization": 39232000,
        "operatingexpenses": 942575000,
        "incomelossfromcontinuingoperationsbeforeincometaxesextraordinaryitemsnoncontrollinginterest": 297137000,
        "incometaxexpensebenefit": 107165000,
        "netincomeloss": 189972000,
        "earningspersharebasic": 1.29,
        "earningspersharediluted": 1.29,
        "commonstockdividendspersharedeclared": 0.675,
        "weightedaveragenumberofsharesoutstandingbasic": 147079000,
        "weightedaveragenumberdilutedsharesoutstandingadjustment": 571000,
        "weightedaveragenumberofdilutedsharesoutstanding": 147650000,
        "comprehensiveincomenetoftaxincludingportionattributabletononcontrollinginterest": 218852000
    },
    {
        "date": "2017-03-30",
        "symbol": "GPC",
        "period": "Q1",
        "salesrevenuegoodsnet": 519005000,
        "costofgoodssold": 2749920000,
        "grossprofit": 1155721000,
        "sellinggeneralandadministrativeexpense": 873814000,
        "depreciationandamortization": 38132000,
        "operatingexpenses": 911946000,
        "incomelossfromcontinuingoperationsbeforeincometaxesextraordinaryitemsnoncontrollinginterest": 243775000,
        "incometaxexpensebenefit": 83615000,
        "netincomeloss": 160160000,
        "earningspersharebasic": 1.08,
        "earningspersharediluted": 1.08,
        "commonstockdividendspersharedeclared": 0.675,
        "weightedaveragenumberofsharesoutstandingbasic": 148154000,
        "weightedaveragenumberdilutedsharesoutstandingadjustment": 634000,
        "weightedaveragenumberofdilutedsharesoutstanding": 148788000,
        "comprehensiveincomenetoftaxincludingportionattributabletononcontrollinginterest": 222912000
    },
    {
        "date": "2016-12-30",
        "symbol": "GPC",
        "period": "Q4",
        "salesrevenuegoodsnet": 106770000,
        "costofgoodssold": 2648982000,
        "grossprofit": 1131083000,
        "sellinggeneralandadministrativeexpense": 848610000,
        "depreciationandamortization": -96849000,
        "operatingexpenses": 899365000,
        "incomelossfromcontinuingoperationsbeforeincometaxesextraordinaryitemsnoncontrollinginterest": 236286000,
        "incometaxexpensebenefit": 83766000,
        "earningspersharebasic": 1.0299999999999998,
        "earningspersharediluted": 1.0199999999999994,
        "weightedaveragenumberofsharesoutstandingbasic": -298682000,
        "weightedaveragenumberdilutedsharesoutstandingadjustment": -1612000,
        "weightedaveragenumberofdilutedsharesoutstanding": -300294000,
        "netincomeloss": 152520000,
        "comprehensiveincomenetoftaxincludingportionattributabletononcontrollinginterest": 5009000
    },
    {
        "date": "2016-09-29",
        "symbol": "GPC",
        "period": "Q3",
        "salesrevenuegoodsnet": 535175000,
        "costofgoodssold": 2743142000,
        "grossprofit": 1198601000,
        "sellinggeneralandadministrativeexpense": 869562000,
        "depreciationandamortization": 37682000,
        "operatingexpenses": 907244000,
        "incomelossfromcontinuingoperationsbeforeincometaxesextraordinaryitemsnoncontrollinginterest": 291357000,
        "incometaxexpensebenefit": 106031000,
        "netincomeloss": 185326000,
        "earningspersharebasic": 1.24,
        "earningspersharediluted": 1.24,
        "commonstockdividendspersharedeclared": 0.6575,
        "weightedaveragenumberofsharesoutstandingbasic": 148899000,
        "weightedaveragenumberdilutedsharesoutstandingadjustment": 828000,
        "weightedaveragenumberofdilutedsharesoutstanding": 149727000,
        "comprehensiveincomenetoftaxincludingportionattributabletononcontrollinginterest": 201981000
    },
    {
        "date": "2016-06-29",
        "symbol": "GPC",
        "period": "Q2",
        "salesrevenuegoodsnet": 481605000,
        "costofgoodssold": 2734186000,
        "grossprofit": 1165452000,
        "sellinggeneralandadministrativeexpense": 829489000,
        "depreciationandamortization": 35911000,
        "operatingexpenses": 865400000,
        "incomelossfromcontinuingoperationsbeforeincometaxesextraordinaryitemsnoncontrollinginterest": 300052000,
        "incometaxexpensebenefit": 108683000,
        "netincomeloss": 191369000,
        "earningspersharebasic": 1.28,
        "earningspersharediluted": 1.28,
        "commonstockdividendspersharedeclared": 0.6575,
        "weightedaveragenumberofsharesoutstandingbasic": 149241000,
        "weightedaveragenumberdilutedsharesoutstandingadjustment": 788000,
        "weightedaveragenumberofdilutedsharesoutstanding": 150029000,
        "comprehensiveincomenetoftaxincludingportionattributabletononcontrollinginterest": 171723000
    },
    {
        "date": "2016-03-30",
        "symbol": "GPC",
        "period": "Q1",
        "salesrevenuegoodsnet": -19039000,
        "costofgoodssold": 2613796000,
        "grossprofit": 1104471000,
        "sellinggeneralandadministrativeexpense": 823172000,
        "depreciationandamortization": 34654000,
        "operatingexpenses": 857826000,
        "incomelossfromcontinuingoperationsbeforeincometaxesextraordinaryitemsnoncontrollinginterest": 246645000,
        "incometaxexpensebenefit": 88620000,
        "netincomeloss": 158025000,
        "earningspersharebasic": 1.06,
        "earningspersharediluted": 1.05,
        "commonstockdividendspersharedeclared": 0.6575,
        "weightedaveragenumberofsharesoutstandingbasic": 149593000,
        "weightedaveragenumberdilutedsharesoutstandingadjustment": 749000,
        "weightedaveragenumberofdilutedsharesoutstanding": 150342000,
        "comprehensiveincomenetoftaxincludingportionattributabletononcontrollinginterest": 226124000
    },
    {
        "date": "2015-12-30",
        "symbol": "GPC",
        "period": "Q4",
        "salesrevenuegoodsnet": -208765000,
        "costofgoodssold": 2586312000,
        "grossprofit": 1095478000,
        "sellinggeneralandadministrativeexpense": 784854000,
        "depreciationandamortization": -92895000,
        "operatingexpenses": 833137000,
        "incomelossfromcontinuingoperationsbeforeincometaxesextraordinaryitemsnoncontrollinginterest": 261608000,
        "incometaxexpensebenefit": 100335000,
        "earningspersharebasic": 1.0799999999999998,
        "earningspersharediluted": 1.0599999999999994,
        "weightedaveragenumberofsharesoutstandingbasic": -304477000,
        "weightedaveragenumberdilutedsharesoutstandingadjustment": -1733000,
        "weightedaveragenumberofdilutedsharesoutstanding": -306210000,
        "comprehensiveincomenetoftaxincludingportionattributabletononcontrollinginterest": 145241000
    },
    {
        "date": "2015-09-29",
        "symbol": "GPC",
        "period": "Q3",
        "salesrevenuegoodsnet": -20211000,
        "costofgoodssold": 2752577000,
        "grossprofit": 1169225000,
        "sellinggeneralandadministrativeexpense": 834372000,
        "depreciationandamortization": 34278000,
        "operatingexpenses": 868650000,
        "incomelossfromcontinuingoperationsbeforeincometaxesextraordinaryitemsnoncontrollinginterest": 300575000,
        "incometaxexpensebenefit": 112559000,
        "netincomeloss": 188016000,
        "earningspersharebasic": 1.24,
        "earningspersharediluted": 1.24,
        "commonstockdividendspersharedeclared": 0.615,
        "weightedaveragenumberofsharesoutstandingbasic": 151354000,
        "weightedaveragenumberdilutedsharesoutstandingadjustment": 789000,
        "weightedaveragenumberofdilutedsharesoutstanding": 152143000,
        "comprehensiveincomenetoftaxincludingportionattributabletononcontrollinginterest": 82931000
    },
    {
        "date": "2015-06-29",
        "symbol": "GPC",
        "period": "Q2",
        "salesrevenuegoodsnet": -23212000,
        "costofgoodssold": 2762071000,
        "grossprofit": 1178330000,
        "sellinggeneralandadministrativeexpense": 832610000,
        "depreciationandamortization": 35603000,
        "operatingexpenses": 868213000,
        "incomelossfromcontinuingoperationsbeforeincometaxesextraordinaryitemsnoncontrollinginterest": 310117000,
        "incometaxexpensebenefit": 114744000,
        "profitloss": 195373000,
        "earningspersharebasic": 1.28,
        "earningspersharediluted": 1.28,
        "commonstockdividendspersharedeclared": 0.615,
        "weightedaveragenumberofsharesoutstandingbasic": 152134000,
        "weightedaveragenumberdilutedsharesoutstandingadjustment": 855000,
        "weightedaveragenumberofdilutedsharesoutstanding": 152989000,
        "comprehensiveincomenetoftaxincludingportionattributabletononcontrollinginterest": 213554000
    },
    {
        "date": "2015-03-30",
        "symbol": "GPC",
        "period": "Q1",
        "salesrevenuegoodsnet": 182046000,
        "costofgoodssold": 2623232000,
        "grossprofit": 1112819000,
        "sellinggeneralandadministrativeexpense": 825554000,
        "depreciationandamortization": 35884000,
        "operatingexpenses": 861438000,
        "incomelossfromcontinuingoperationsbeforeincometaxesextraordinaryitemsnoncontrollinginterest": 251381000,
        "incometaxexpensebenefit": 90371000,
        "profitloss": 161010000,
        "earningspersharebasic": 1.05,
        "earningspersharediluted": 1.05,
        "commonstockdividendspersharedeclared": 0.615,
        "weightedaveragenumberofsharesoutstandingbasic": 152656000,
        "weightedaveragenumberdilutedsharesoutstandingadjustment": 918000,
        "weightedaveragenumberofdilutedsharesoutstanding": 153574000,
        "comprehensiveincomenetoftaxincludingportionattributabletononcontrollinginterest": 53539000
    },
    {
        "date": "2014-12-30",
        "symbol": "GPC",
        "period": "Q4",
        "salesrevenuegoodsnet": -629869000,
        "costofgoodssold": 2675913000,
        "grossprofit": 1146541000,
        "sellinggeneralandadministrativeexpense": 827867000,
        "depreciationandamortization": -105964000,
        "operatingexpenses": 874750000,
        "incomelossfromcontinuingoperationsbeforeincometaxesextraordinaryitemsnoncontrollinginterest": 265304000,
        "incometaxexpensebenefit": 99745000,
        "profitloss": 165559000,
        "earningspersharebasic": 1.0799999999999996,
        "earningspersharediluted": 1.0699999999999998,
        "weightedaveragenumberofsharesoutstandingbasic": -306911000,
        "weightedaveragenumberdilutedsharesoutstandingadjustment": -2140000,
        "weightedaveragenumberofdilutedsharesoutstanding": -309051000,
        "comprehensiveincomenetoftaxincludingportionattributabletononcontrollinginterest": -107798000
    },
    {
        "date": "2014-09-29",
        "symbol": "GPC",
        "period": "Q3",
        "salesrevenuegoodsnet": 193321000,
        "costofgoodssold": 2802487000,
        "grossprofit": 1183422000,
        "sellinggeneralandadministrativeexpense": 850156000,
        "depreciationandamortization": 34983000,
        "operatingexpenses": 885139000,
        "incomelossfromcontinuingoperationsbeforeincometaxesextraordinaryitemsnoncontrollinginterest": 298283000,
        "incometaxexpensebenefit": 107767000,
        "profitloss": 190516000,
        "earningspersharebasic": 1.25,
        "earningspersharediluted": 1.24,
        "commonstockdividendspersharedeclared": 0.575,
        "weightedaveragenumberofsharesoutstandingbasic": 153018000,
        "weightedaveragenumberdilutedsharesoutstandingadjustment": 1080000,
        "weightedaveragenumberofdilutedsharesoutstanding": 154098000,
        "comprehensiveincomenetoftaxincludingportionattributabletononcontrollinginterest": 95077000
    },
    {
        "date": "2014-06-29",
        "symbol": "GPC",
        "period": "Q2",
        "salesrevenuegoodsnet": 188034000,
        "costofgoodssold": 2729219000,
        "grossprofit": 1179168000,
        "sellinggeneralandadministrativeexpense": 832205000,
        "depreciationandamortization": 36783000,
        "operatingexpenses": 868988000,
        "incomelossfromcontinuingoperationsbeforeincometaxesextraordinaryitemsnoncontrollinginterest": 310180000,
        "incometaxexpensebenefit": 112453000,
        "profitloss": 197727000,
        "earningspersharebasic": 1.29,
        "earningspersharediluted": 1.28,
        "commonstockdividendspersharedeclared": 0.575,
        "weightedaveragenumberofsharesoutstandingbasic": 153463000,
        "weightedaveragenumberdilutedsharesoutstandingadjustment": 1069000,
        "weightedaveragenumberofdilutedsharesoutstanding": 154532000,
        "comprehensiveincomenetoftaxincludingportionattributabletononcontrollinginterest": 240074000
    },
    {
        "date": "2014-03-30",
        "symbol": "GPC",
        "period": "Q1",
        "salesrevenuegoodsnet": 180331000,
        "costofgoodssold": 2540267000,
        "grossprofit": 1084630000,
        "sellinggeneralandadministrativeexpense": 803802000,
        "depreciationandamortization": 36856000,
        "operatingexpenses": 840658000,
        "incomelossfromcontinuingoperationsbeforeincometaxesextraordinaryitemsnoncontrollinginterest": 243972000,
        "incometaxexpensebenefit": 86488000,
        "profitloss": 157484000,
        "earningspersharebasic": 1.02,
        "earningspersharediluted": 1.02,
        "commonstockdividendspersharedeclared": 0.575,
        "weightedaveragenumberofsharesoutstandingbasic": 153729000,
        "weightedaveragenumberdilutedsharesoutstandingadjustment": 1067000,
        "weightedaveragenumberofdilutedsharesoutstanding": 154796000,
        "comprehensiveincomenetoftaxincludingportionattributabletononcontrollinginterest": 161377000
    },
    {
        "date": "2013-12-30",
        "symbol": "GPC",
        "period": "Q4",
        "salesrevenuegoodsnet": 13652870000,
        "costofgoodssold": 2425660000,
        "grossprofit": 1092141000,
        "sellinggeneralandadministrativeexpense": 797940000,
        "depreciationandamortization": -96168000,
        "operatingexpenses": 842516000,
        "incomelossfromcontinuingoperationsbeforeincometaxesextraordinaryitemsnoncontrollinginterest": 235693000,
        "profitloss": 150467000,
        "earningspersharebasic": 0.9799999999999996,
        "earningspersharediluted": 0.9600000000000003,
        "weightedaveragenumberofsharesoutstandingbasic": -155135891,
        "weightedaveragenumberdilutedsharesoutstandingadjustment": -1113040,
        "weightedaveragenumberofdilutedsharesoutstanding": -156248931,
        "comprehensiveincomenetoftaxincludingportionattributabletononcontrollinginterest": 334464000
    },
    {
        "date": "2013-09-29",
        "symbol": "GPC",
        "period": "Q3",
        "salesrevenuegoodsnet": 142818000,
        "costofgoodssold": 2584320000,
        "grossprofit": 1100923000,
        "sellinggeneralandadministrativeexpense": 793957000,
        "depreciationandamortization": 35220000,
        "operatingexpenses": 829177000,
        "incomelossfromcontinuingoperationsbeforeincometaxesextraordinaryitemsnoncontrollinginterest": 271746000,
        "currentincometaxexpensebenefit": 98000000,
        "profitloss": 173746000,
        "earningspersharebasic": 1.12,
        "earningspersharediluted": 1.12,
        "commonstockdividendspersharedeclared": 0.5375,
        "weightedaveragenumberofsharesoutstandingbasic": 154567000,
        "weightedaveragenumberdilutedsharesoutstandingadjustment": 1096000,
        "weightedaveragenumberofdilutedsharesoutstanding": 155663000,
        "comprehensiveincomenetoftaxincludingportionattributabletononcontrollinginterest": 192317000
    },
    {
        "date": "2013-06-29",
        "symbol": "GPC",
        "period": "Q2",
        "salesrevenuegoodsnet": 142970000,
        "costofgoodssold": 2570889000,
        "grossprofit": 1105108000,
        "sellinggeneralandadministrativeexpense": 753527000,
        "depreciationandamortization": 36853000,
        "operatingexpenses": 790380000,
        "incomelossfromcontinuingoperationsbeforeincometaxesextraordinaryitemsnoncontrollinginterest": 314728000,
        "currentincometaxexpensebenefit": 98371000,
        "profitloss": 216357000,
        "earningspersharebasic": 1.4,
        "earningspersharediluted": 1.39,
        "commonstockdividendspersharedeclared": 0.5375,
        "weightedaveragenumberofsharesoutstandingbasic": 155050000,
        "weightedaveragenumberdilutedsharesoutstandingadjustment": 1094000,
        "weightedaveragenumberofdilutedsharesoutstanding": 156144000,
        "comprehensiveincomenetoftaxincludingportionattributabletononcontrollinginterest": 114068000
    },
    {
        "date": "2013-03-30",
        "symbol": "GPC",
        "period": "Q1",
        "salesrevenuegoodsnet": 139185000,
        "costofgoodssold": 2277054000,
        "grossprofit": 921748000,
        "sellinggeneralandadministrativeexpense": 673612000,
        "depreciationandamortization": 25999000,
        "operatingexpenses": 699611000,
        "incomelossfromcontinuingoperationsbeforeincometaxesextraordinaryitemsnoncontrollinginterest": 222137000,
        "currentincometaxexpensebenefit": 77748000,
        "profitloss": 144389000,
        "earningspersharebasic": 0.93,
        "earningspersharediluted": 0.93,
        "commonstockdividendspersharedeclared": 0.5375,
        "weightedaveragenumberofsharesoutstandingbasic": 154891,
        "weightedaveragenumberdilutedsharesoutstandingadjustment": 1040,
        "weightedaveragenumberofdilutedsharesoutstanding": 155931,
        "comprehensiveincomenetoftaxincludingportionattributabletononcontrollinginterest": 147947000
    },
    {
        "date": "2012-09-29",
        "symbol": "GPC",
        "period": "Q3",
        "salesrevenuegoodsnet": 150877000,
        "costofgoodssold": 2399742000,
        "grossprofit": 976036000,
        "sellinggeneralandadministrativeexpense": 678894000,
        "depreciationandamortization": 25609000,
        "operatingexpenses": 704503000,
        "incomelossfromcontinuingoperationsbeforeincometaxesextraordinaryitemsnoncontrollinginterest": 271533000,
        "currentincometaxexpensebenefit": 98590000,
        "profitloss": 172943000,
        "earningspersharebasic": 1.11,
        "earningspersharediluted": 1.11,
        "commonstockdividendspersharedeclared": 0.495,
        "weightedaveragenumberofsharesoutstandingbasic": 155147,
        "weightedaveragenumberdilutedsharesoutstandingadjustment": 988,
        "weightedaveragenumberofdilutedsharesoutstanding": 156135,
        "comprehensiveincomenetoftaxincludingportionattributabletononcontrollinginterest": 210542000
    },
    {
        "date": "2012-06-29",
        "symbol": "GPC",
        "period": "Q2",
        "salesrevenuegoodsnet": 413340000,
        "costofgoodssold": 2365550000,
        "grossprofit": 972286000,
        "sellinggeneralandadministrativeexpense": 680246000,
        "depreciationandamortization": 24735000,
        "operatingexpenses": 704981000,
        "incomelossfromcontinuingoperationsbeforeincometaxesextraordinaryitemsnoncontrollinginterest": 267305000,
        "currentincometaxexpensebenefit": 98687000,
        "profitloss": 168618000,
        "earningspersharebasic": 1.08,
        "earningspersharediluted": 1.08,
        "commonstockdividendspersharedeclared": 0.495,
        "weightedaveragenumberofsharesoutstandingbasic": 155753000,
        "weightedaveragenumberdilutedsharesoutstandingadjustment": 1019000,
        "weightedaveragenumberofdilutedsharesoutstanding": 156772000,
        "comprehensiveincomenetoftaxincludingportionattributabletononcontrollinginterest": 163693000
    },
    {
        "date": "2012-03-30",
        "symbol": "GPC",
        "period": "Q1",
        "salesrevenuegoodsnet": 426153000,
        "costofgoodssold": 2262177000,
        "grossprofit": 919111000,
        "sellinggeneralandadministrativeexpense": 667958000,
        "depreciationandamortization": 22985000,
        "operatingexpenses": 690943000,
        "incomelossfromcontinuingoperationsbeforeincometaxesextraordinaryitemsnoncontrollinginterest": 228168000,
        "currentincometaxexpensebenefit": 81913000,
        "profitloss": 146255000,
        "earningspersharebasic": 0.94,
        "earningspersharediluted": 0.93,
        "commonstockdividendspersharedeclared": 0.495,
        "weightedaveragenumberofsharesoutstandingbasic": 155810000,
        "weightedaveragenumberdilutedsharesoutstandingadjustment": 1139000,
        "weightedaveragenumberofdilutedsharesoutstanding": 156949000,
        "comprehensiveincomenetoftaxincludingportionattributabletononcontrollinginterest": 174774000
    },
    {
        "date": "2011-09-29",
        "symbol": "GPC",
        "period": "Q3",
        "salesrevenuegoodsnet": 447310000,
        "costofgoodssold": 2337028000,
        "grossprofit": 948532000,
        "sellinggeneralandadministrativeexpense": 679967000,
        "depreciationandamortization": 21465000,
        "operatingexpenses": 701432000,
        "incomelossfromcontinuingoperationsbeforeincometaxesminorityinterestandincomelossfromequitymethodinvestments": 247100000,
        "currentincometaxexpensebenefit": 95268000,
        "profitloss": 151832000,
        "earningspersharebasic": 0.97,
        "earningspersharediluted": 0.97,
        "commonstockdividendspersharedeclared": 0.45,
        "weightedaveragenumberofsharesoutstandingbasic": 156206000,
        "weightedaveragenumberdilutedsharesoutstandingadjustment": 942000,
        "weightedaveragenumberofdilutedsharesoutstanding": 157148000
    },
    {
        "date": "2011-06-29",
        "symbol": "GPC",
        "period": "Q2",
        "salesrevenuegoodsnet": -6117000,
        "costofgoodssold": 2268870000,
        "grossprofit": 916114000,
        "sellinggeneralandadministrativeexpense": 651635000,
        "depreciationandamortization": 22928000,
        "operatingexpenses": 674563000,
        "incomelossfromcontinuingoperationsbeforeincometaxesminorityinterestandincomelossfromequitymethodinvestments": 241551000,
        "currentincometaxexpensebenefit": 89739000,
        "profitloss": 151812000,
        "earningspersharebasic": 0.97,
        "earningspersharediluted": 0.96,
        "commonstockdividendspersharedeclared": 0.45,
        "weightedaveragenumberofsharesoutstandingbasic": 157248000,
        "weightedaveragenumberdilutedsharesoutstandingadjustment": 995000,
        "weightedaveragenumberofdilutedsharesoutstanding": 158243000
    },
    {
        "date": "2011-03-30",
        "symbol": "GPC",
        "period": "Q1",
        "salesrevenuegoodsnet": 1404865000,
        "costofgoodssold": 2125404000,
        "grossprofit": 848794000,
        "sellinggeneralandadministrativeexpense": 634269000,
        "depreciationandamortization": 22545000,
        "operatingexpenses": 656814000,
        "incomelossfromcontinuingoperationsbeforeincometaxesminorityinterestandincomelossfromequitymethodinvestments": 191980000,
        "currentincometaxexpensebenefit": 65465000,
        "profitloss": 126515000,
        "earningspersharebasic": 0.8,
        "earningspersharediluted": 0.8,
        "commonstockdividendspersharedeclared": 0.45,
        "weightedaveragenumberofsharesoutstandingbasic": 157633000,
        "weightedaveragenumberdilutedsharesoutstandingadjustment": 1023000,
        "weightedaveragenumberofdilutedsharesoutstanding": 158656000
    },
    {
        "date": "2010-12-30",
        "symbol": "GPC",
        "period": "Q4",
        "salesrevenuegoodsnet": -2840092000,
        "costofgoodssold": 1990600000,
        "grossprofit": 817128000,
        "sellinggeneralandadministrativeexpense": 573670000,
        "depreciationandamortization": -57685000,
        "operatingexpenses": 606177000,
        "incomelossfromcontinuingoperationsbeforeincometaxesminorityinterestandincomelossfromequitymethodinvestments": 186386000,
        "currentincometaxexpensebenefit": 67736000,
        "profitloss": 118650000,
        "earningspersharebasic": 0.7499999999999999,
        "earningspersharediluted": 0.7599999999999999,
        "weightedaveragenumberofsharesoutstandingbasic": -316572000,
        "weightedaveragenumberdilutedsharesoutstandingadjustment": -788000,
        "weightedaveragenumberofdilutedsharesoutstanding": -317360000
    },
    {
        "date": "2010-09-29",
        "symbol": "GPC",
        "period": "Q3",
        "salesrevenuegoodsnet": 117290000,
        "costofgoodssold": 2097529000,
        "grossprofit": 853031000,
        "sellinggeneralandadministrativeexpense": 618449000,
        "depreciationandamortization": 22093000,
        "operatingexpenses": 640542000,
        "incomelossfromcontinuingoperationsbeforeincometaxesminorityinterestandincomelossfromequitymethodinvestments": 212489000,
        "currentincometaxexpensebenefit": 80704000,
        "profitloss": 131785000,
        "earningspersharebasic": 0.84,
        "earningspersharediluted": 0.83,
        "commonstockdividendspersharedeclared": 0.41,
        "weightedaveragenumberofsharesoutstandingbasic": 157573000,
        "weightedaveragenumberdilutedsharesoutstandingadjustment": 407000,
        "weightedaveragenumberofdilutedsharesoutstanding": 157980000
    },
    {
        "date": "2010-06-29",
        "symbol": "GPC",
        "period": "Q2",
        "salesrevenuegoodsnet": 106579000,
        "costofgoodssold": 2024876000,
        "grossprofit": 822310000,
        "sellinggeneralandadministrativeexpense": 598331000,
        "depreciationandamortization": 23186000,
        "operatingexpenses": 621517000,
        "incomelossfromcontinuingoperationsbeforeincometaxesminorityinterestandincomelossfromequitymethodinvestments": 200793000,
        "currentincometaxexpensebenefit": 76326000,
        "profitloss": 124467000,
        "earningspersharebasic": 0.79,
        "earningspersharediluted": 0.78,
        "commonstockdividendspersharedeclared": 0.41,
        "weightedaveragenumberofsharesoutstandingbasic": 158260000,
        "weightedaveragenumberdilutedsharesoutstandingadjustment": 402000,
        "weightedaveragenumberofdilutedsharesoutstanding": 158662000
    },
    {
        "date": "2010-03-30",
        "symbol": "GPC",
        "period": "Q1",
        "salesrevenuegoodsnet": 2602115000,
        "costofgoodssold": 1841640000,
        "grossprofit": 760475000,
        "sellinggeneralandadministrativeexpense": 576217000,
        "depreciationandamortization": 22143000,
        "operatingexpenses": 598360000,
        "incomelossfromcontinuingoperationsbeforeincometaxesminorityinterestandincomelossfromequitymethodinvestments": 162115000,
        "currentincometaxexpensebenefit": 61506000,
        "profitloss": 100609000,
        "earningspersharebasic": 0.63,
        "earningspersharediluted": 0.63,
        "commonstockdividendspersharedeclared": 0.41,
        "weightedaveragenumberofsharesoutstandingbasic": 158771000,
        "weightedaveragenumberdilutedsharesoutstandingadjustment": 408000,
        "weightedaveragenumberofdilutedsharesoutstanding": 159179000
    },
    {
        "date": "2009-09-29",
        "symbol": "GPC",
        "period": "Q3",
        "salesrevenuegoodsnet": 2606757000,
        "costofgoodssold": 1841511000,
        "grossprofit": 765246000,
        "sellinggeneralandadministrativeexpense": 571978000,
        "depreciationandamortization": 22562000,
        "operatingexpenses": 594540000,
        "incomelossfromcontinuingoperationsbeforeincometaxesminorityinterestandincomelossfromequitymethodinvestments": 170706000,
        "currentincometaxexpensebenefit": 63067000,
        "profitloss": 107639000,
        "earningspersharebasic": 0.67,
        "earningspersharediluted": 0.67,
        "commonstockdividendspersharedeclared": 0.4,
        "weightedaveragenumberofsharesoutstandingbasic": 159541000,
        "weightedaveragenumberdilutedsharesoutstandingadjustment": 335000,
        "weightedaveragenumberofdilutedsharesoutstanding": 159876000
    },
    {
        "date": "2009-06-29",
        "symbol": "GPC",
        "period": "Q2",
        "salesrevenuegoodsnet": 2535045000,
        "costofgoodssold": 1790190000,
        "grossprofit": 744855000,
        "sellinggeneralandadministrativeexpense": 556394000,
        "depreciationandamortization": 22411000,
        "operatingexpenses": 578805000,
        "incomelossfromcontinuingoperationsbeforeincometaxesminorityinterestandincomelossfromequitymethodinvestments": 166050000,
        "currentincometaxexpensebenefit": 62440000,
        "profitloss": 103610000,
        "earningspersharebasic": 0.65,
        "earningspersharediluted": 0.65,
        "commonstockdividendspersharedeclared": 0.4,
        "weightedaveragenumberofsharesoutstandingbasic": 159513000,
        "weightedaveragenumberdilutedsharesoutstandingadjustment": 253000,
        "weightedaveragenumberofdilutedsharesoutstanding": 159766000
    }
]