[
    {
        "date": "2024-09-29",
        "symbol": "BKR",
        "period": "Q3",
        "revenuefromcontractwithcustomerexcludingassessedtax": 6908000000,
        "costofgoodsandservicessold": 1785000000,
        "sellinggeneralandadministrativeexpense": 612000000,
        "costsandexpenses": 5978000000,
        "operatingincomeloss": 930000000,
        "othernonoperatingincomeexpense": 134000000,
        "interestincomeexpensenet": -55000000,
        "incomelossfromcontinuingoperationsbeforeincometaxesextraordinaryitemsnoncontrollinginterest": 1009000000,
        "incometaxexpensebenefit": 235000000,
        "profitloss": 774000000,
        "netincomelossattributabletononcontrollinginterest": 8000000,
        "netincomeloss": 766000000,
        "earningspersharebasic": 0.77,
        "earningspersharediluted": 0.77,
        "commonstockdividendspersharecashpaid": 0.21,
        "othercomprehensiveincomelossforeigncurrencytransactionandtranslationadjustmentnetoftax": 142000000,
        "othercomprehensiveincomelosscashflowhedgegainlossafterreclassificationandtax": 8000000,
        "othercomprehensiveincomelosspensionandotherpostretirementbenefitplansadjustmentnetoftax": 5000000,
        "othercomprehensiveincomelossnetoftax": 145000000,
        "othercomprehensiveincomelossnetoftaxportionattributabletononcontrollinginterest": 1000000,
        "othercomprehensiveincomelossnetoftaxportionattributabletoparent": 144000000,
        "comprehensiveincomenetoftaxincludingportionattributabletononcontrollinginterest": 919000000,
        "comprehensiveincomenetoftaxattributabletononcontrollinginterest": 8000000,
        "comprehensiveincomenetoftax": 911000000
    },
    {
        "date": "2024-06-29",
        "symbol": "BKR",
        "period": "Q2",
        "revenuefromcontractwithcustomerexcludingassessedtax": 4552000000,
        "costofgoodsandservicessold": 3780000000,
        "sellinggeneralandadministrativeexpense": 643000000,
        "restructuringimpairmentandother": 14000000,
        "costsandexpenses": 6306000000,
        "operatingincomeloss": 833000000,
        "othernonoperatingincomeexpense": 38000000,
        "interestincomeexpensenet": -47000000,
        "incomelossfromcontinuingoperationsbeforeincometaxesextraordinaryitemsnoncontrollinginterest": 824000000,
        "incometaxexpensebenefit": 243000000,
        "profitloss": 581000000,
        "netincomelossattributabletononcontrollinginterest": 2000000,
        "netincomeloss": 579000000,
        "earningspersharebasic": 0.58,
        "earningspersharediluted": 0.58,
        "commonstockdividendspersharecashpaid": 0.21,
        "othercomprehensiveincomelossforeigncurrencytransactionandtranslationadjustmentnetoftax": -128000000,
        "othercomprehensiveincomelosscashflowhedgegainlossafterreclassificationandtax": -4000000,
        "othercomprehensiveincomelosspensionandotherpostretirementbenefitplansadjustmentnetoftax": -6000000,
        "othercomprehensiveincomelossnetoftax": -126000000,
        "othercomprehensiveincomelossnetoftaxportionattributabletoparent": -126000000,
        "comprehensiveincomenetoftaxincludingportionattributabletononcontrollinginterest": 455000000,
        "comprehensiveincomenetoftaxattributabletononcontrollinginterest": 2000000,
        "comprehensiveincomenetoftax": 453000000
    },
    {
        "date": "2024-03-30",
        "symbol": "BKR",
        "period": "Q1",
        "revenuefromcontractwithcustomerexcludingassessedtax": 3999000000,
        "costofgoodsandservicessold": 3401000000,
        "sellinggeneralandadministrativeexpense": 618000000,
        "restructuringimpairmentandother": 7000000,
        "costsandexpenses": 5765000000,
        "operatingincomeloss": 653000000,
        "othernonoperatingincomeexpense": 29000000,
        "interestincomeexpensenet": -41000000,
        "incomelossfromcontinuingoperationsbeforeincometaxesextraordinaryitemsnoncontrollinginterest": 641000000,
        "incometaxexpensebenefit": 178000000,
        "profitloss": 463000000,
        "netincomelossattributabletononcontrollinginterest": 8000000,
        "netincomeloss": 455000000,
        "earningspersharebasic": 0.46,
        "earningspersharediluted": 0.45,
        "commonstockdividendspersharecashpaid": 0.21,
        "othercomprehensiveincomelossforeigncurrencytransactionandtranslationadjustmentnetoftax": -63000000,
        "othercomprehensiveincomelosscashflowhedgegainlossafterreclassificationandtax": 2000000,
        "othercomprehensiveincomelosspensionandotherpostretirementbenefitplansadjustmentnetoftax": -2000000,
        "othercomprehensiveincomelossnetoftax": -59000000,
        "othercomprehensiveincomelossnetoftaxportionattributabletoparent": -59000000,
        "comprehensiveincomenetoftaxincludingportionattributabletononcontrollinginterest": 404000000,
        "comprehensiveincomenetoftaxattributabletononcontrollinginterest": 8000000,
        "comprehensiveincomenetoftax": 396000000
    },
    {
        "date": "2023-12-30",
        "symbol": "BKR",
        "period": "Q4",
        "revenuefromcontractwithcustomerexcludingassessedtax": 4297000000,
        "costofgoodsandservicessold": 3605000000,
        "sellinggeneralandadministrativeexpense": 634000000,
        "restructuringimpairmentandother": 162000000,
        "costsandexpenses": 6184000000,
        "operatingincomeloss": 651000000,
        "othernonoperatingincomeexpense": -84000000,
        "interestincomeexpensenet": -45000000,
        "incomelossfromcontinuingoperationsbeforeincometaxesextraordinaryitemsnoncontrollinginterest": 522000000,
        "incometaxexpensebenefit": 71000000,
        "profitloss": 451000000,
        "netincomelossattributabletononcontrollinginterest": 11000000,
        "netincomeloss": 440000000,
        "earningspersharebasic": 0.44000000000000006,
        "earningspersharediluted": 0.42999999999999994,
        "commonstockdividendspersharecashpaid": 0.20000000000000007,
        "othercomprehensiveincomelossforeigncurrencytransactionandtranslationadjustmentnetoftax": 107000000,
        "othercomprehensiveincomelosscashflowhedgegainlossafterreclassificationandtax": 6000000,
        "othercomprehensiveincomelosspensionandotherpostretirementbenefitplansadjustmentnetoftax": 1000000,
        "othercomprehensiveincomelossnetoftax": 111000000,
        "comprehensiveincomenetoftaxincludingportionattributabletononcontrollinginterest": 562000000,
        "comprehensiveincomenetoftaxattributabletononcontrollinginterest": 11000000,
        "comprehensiveincomenetoftax": 551000000
    },
    {
        "date": "2023-09-29",
        "symbol": "BKR",
        "period": "Q3",
        "revenuefromcontractwithcustomerexcludingassessedtax": 6744000000,
        "costofgoodsandservicessold": 6370000000,
        "sellinggeneralandadministrativeexpense": 627000000,
        "restructuringimpairmentandother": 3000000,
        "costsandexpenses": 5926000000,
        "operatingincomeloss": 714000000,
        "othernonoperatingincomeexpense": 94000000,
        "interestincomeexpensenet": -49000000,
        "incomelossfromcontinuingoperationsbeforeincometaxesextraordinaryitemsnoncontrollinginterest": 2330000000,
        "incometaxexpensebenefit": 235000000,
        "profitloss": 1510000000,
        "netincomelossattributabletononcontrollinginterest": 7000000,
        "netincomeloss": 517000000,
        "earningspersharebasic": 0.5100000000000001,
        "earningspersharediluted": 0.5100000000000001,
        "commonstockdividendspersharecashpaid": 0.19999999999999996,
        "othercomprehensiveincomelossforeigncurrencytransactionandtranslationadjustmentnetoftax": -123000000,
        "othercomprehensiveincomelosscashflowhedgegainlossafterreclassificationandtax": -13000000,
        "othercomprehensiveincomelosspensionandotherpostretirementbenefitplansadjustmentnetoftax": -23000000,
        "othercomprehensiveincomelossnetoftax": -175000000,
        "comprehensiveincomenetoftaxincludingportionattributabletononcontrollinginterest": 411000000,
        "comprehensiveincomenetoftaxattributabletononcontrollinginterest": 7000000,
        "comprehensiveincomenetoftax": 405000000
    },
    {
        "date": "2023-06-29",
        "symbol": "BKR",
        "period": "Q2",
        "revenuefromcontractwithcustomerexcludingassessedtax": 2438000000,
        "costofgoodsandservicessold": 1749000000,
        "sellinggeneralandadministrativeexpense": 695000000,
        "restructuringimpairmentandother": 102000000,
        "costsandexpenses": 5801000000,
        "operatingincomeloss": 514000000,
        "othernonoperatingincomeexpense": 158000000,
        "interestincomeexpensenet": -58000000,
        "incomelossfromcontinuingoperationsbeforeincometaxesextraordinaryitemsnoncontrollinginterest": -97000000,
        "incometaxexpensebenefit": 200000000,
        "profitloss": 4000000,
        "netincomelossattributabletononcontrollinginterest": 4000000,
        "netincomeloss": 410000000,
        "earningspersharebasic": 0.41,
        "earningspersharediluted": 0.4,
        "commonstockdividendspersharecashpaid": 0.19,
        "othercomprehensiveincomelossavailableforsalesecuritiesadjustmentnetoftax": 1000000,
        "othercomprehensiveincomelossforeigncurrencytransactionandtranslationadjustmentnetoftax": 230000000,
        "othercomprehensiveincomelosscashflowhedgegainlossafterreclassificationandtax": 11000000,
        "othercomprehensiveincomelosspensionandotherpostretirementbenefitplansadjustmentnetoftax": 10000000,
        "othercomprehensiveincomelossnetoftax": 232000000,
        "othercomprehensiveincomelossnetoftaxportionattributabletoparent": 232000000,
        "comprehensiveincomenetoftaxincludingportionattributabletononcontrollinginterest": 646000000,
        "comprehensiveincomenetoftaxattributabletononcontrollinginterest": 4000000,
        "comprehensiveincomenetoftax": 641000000
    },
    {
        "date": "2023-03-30",
        "symbol": "BKR",
        "period": "Q1",
        "revenuefromcontractwithcustomerexcludingassessedtax": 2138000000,
        "costofgoodsandservicessold": 1585000000,
        "sellinggeneralandadministrativeexpense": 655000000,
        "restructuringimpairmentandother": 56000000,
        "costsandexpenses": 5278000000,
        "operatingincomeloss": 438000000,
        "othernonoperatingincomeexpense": 386000000,
        "interestincomeexpensenet": -64000000,
        "incomelossfromcontinuingoperationsbeforeincometaxesextraordinaryitemsnoncontrollinginterest": -100000000,
        "incometaxexpensebenefit": 179000000,
        "profitloss": 5000000,
        "netincomelossattributabletononcontrollinginterest": 5000000,
        "netincomeloss": 576000000,
        "earningspersharebasic": 0.57,
        "earningspersharediluted": 0.57,
        "commonstockdividendspersharecashpaid": 0.19,
        "othercomprehensiveincomelossforeigncurrencytransactionandtranslationadjustmentnetoftax": -61000000,
        "othercomprehensiveincomelosscashflowhedgegainlossafterreclassificationandtax": -1000000,
        "othercomprehensiveincomelosspensionandotherpostretirementbenefitplansadjustmentnetoftax": -7000000,
        "othercomprehensiveincomelossnetoftax": 7000000,
        "comprehensiveincomenetoftaxincludingportionattributabletononcontrollinginterest": 526000000,
        "comprehensiveincomenetoftaxattributabletononcontrollinginterest": 5000000,
        "comprehensiveincomenetoftax": 521000000
    },
    {
        "date": "2022-12-30",
        "symbol": "BKR",
        "period": "Q4",
        "revenuefromcontractwithcustomerexcludingassessedtax": 14688000000,
        "costofgoodsandservicessold": 1625000000,
        "sellinggeneralandadministrativeexpense": 645000000,
        "restructuringimpairmentandother": 29000000,
        "operatingincomeloss": 663000000,
        "othernonoperatingincomeexpense": -254000000,
        "interestincomeexpensenet": -64000000,
        "incomelossfromcontinuingoperationsbeforeincometaxesextraordinaryitemsnoncontrollinginterest": -100000000,
        "incometaxexpensebenefit": 157000000,
        "profitloss": 6000000,
        "netincomelossattributabletononcontrollinginterest": 6000000,
        "netincomeloss": 182000000,
        "earningspersharebasic": 0.19,
        "earningspersharediluted": 0.19,
        "commonstockdividendspersharecashpaid": 0.18999999999999995,
        "othercomprehensiveincomelossforeigncurrencytransactionandtranslationadjustmentnetoftax": 205000000,
        "othercomprehensiveincomelosspensionandotherpostretirementbenefitplansadjustmentnetoftax": 19000000,
        "othercomprehensiveincomelossnetoftax": -19000000,
        "othercomprehensiveincomelossnetoftaxportionattributabletoparent": 186000000,
        "comprehensiveincomenetoftaxincludingportionattributabletononcontrollinginterest": 375000000,
        "comprehensiveincomenetoftax": 368000000
    },
    {
        "date": "2022-09-29",
        "symbol": "BKR",
        "period": "Q3",
        "revenuefromcontractwithcustomerexcludingassessedtax": 529000000,
        "costofgoodsandservicessold": 1605000000,
        "sellinggeneralandadministrativeexpense": 620000000,
        "restructuringimpairmentandother": 230000000,
        "separationandmergerrelatedcosts": 5000000,
        "costsandexpenses": 5100000000,
        "operatingincomeloss": 269000000,
        "othernonoperatingincomeexpense": -60000000,
        "interestincomeexpensenet": -64000000,
        "incomelossfromcontinuingoperationsbeforeincometaxesextraordinaryitemsnoncontrollinginterest": -103000000,
        "incometaxexpensebenefit": 154000000,
        "profitloss": 7000000,
        "netincomelossattributabletononcontrollinginterest": 7000000,
        "netincomeloss": -16000000,
        "earningspersharebasic": -0.01000000000000005,
        "earningspersharediluted": -0.01000000000000005,
        "commonstockdividendspersharecashpaid": 0.18000000000000005,
        "othercomprehensiveincomelossforeigncurrencytransactionandtranslationadjustmentnetoftax": -321000000,
        "othercomprehensiveincomelosspensionandotherpostretirementbenefitplansadjustmentnetoftax": 27000000,
        "othercomprehensiveincomelossnetoftax": -27000000,
        "othercomprehensiveincomelossnetoftaxportionattributabletoparent": -346000000,
        "comprehensiveincomenetoftaxincludingportionattributabletononcontrollinginterest": -357000000,
        "comprehensiveincomenetoftax": -362000000
    },
    {
        "date": "2022-06-29",
        "symbol": "BKR",
        "period": "Q2",
        "revenuefromcontractwithcustomerexcludingassessedtax": 523000000,
        "costofgoodsandservicessold": 1582000000,
        "sellinggeneralandadministrativeexpense": 624000000,
        "restructuringimpairmentandother": 362000000,
        "separationandmergerrelatedcosts": 9000000,
        "costsandexpenses": 5073000000,
        "operatingincomeloss": -26000000,
        "othernonoperatingincomeexpense": -569000000,
        "interestincomeexpensenet": -60000000,
        "incomelossfromcontinuingoperationsbeforeincometaxesextraordinaryitemsnoncontrollinginterest": -108000000,
        "incometaxexpensebenefit": 182000000,
        "profitloss": 2000000,
        "netincomelossattributabletononcontrollinginterest": 2000000,
        "netincomeloss": -839000000,
        "earningspersharebasic": -0.87,
        "earningspersharediluted": -0.87,
        "commonstockdividendspersharecashpaid": 0.18,
        "othercomprehensiveincomelossforeigncurrencytransactionandtranslationadjustmentnetoftax": -170000000,
        "othercomprehensiveincomelosscashflowhedgegainlossafterreclassificationandtax": 0,
        "othercomprehensiveincomelosspensionandotherpostretirementbenefitplansadjustmentnetoftax": -24000000,
        "othercomprehensiveincomelossnetoftax": 24000000,
        "othercomprehensiveincomelossnetoftaxportionattributabletoparent": -144000000,
        "comprehensiveincomenetoftaxincludingportionattributabletononcontrollinginterest": -983000000,
        "comprehensiveincomenetoftaxattributabletononcontrollinginterest": 0,
        "comprehensiveincomenetoftax": -983000000
    },
    {
        "date": "2022-03-30",
        "symbol": "BKR",
        "period": "Q1",
        "revenuefromcontractwithcustomerexcludingassessedtax": 474000000,
        "costofgoodsandservicessold": 1499000000,
        "sellinggeneralandadministrativeexpense": 621000000,
        "restructuringimpairmentandother": 61000000,
        "separationandmergerrelatedcosts": 9000000,
        "costsandexpenses": 4556000000,
        "operatingincomeloss": 279000000,
        "othernonoperatingincomeexpense": -28000000,
        "interestincomeexpensenet": -64000000,
        "incomelossfromcontinuingoperationsbeforeincometaxesextraordinaryitemsnoncontrollinginterest": -105000000,
        "incometaxexpensebenefit": 107000000,
        "profitloss": 8000000,
        "netincomelossattributabletononcontrollinginterest": 8000000,
        "netincomeloss": 72000000,
        "earningspersharebasic": 0.08,
        "earningspersharediluted": 0.08,
        "commonstockdividendspersharecashpaid": 0.18,
        "othercomprehensiveincomelossforeigncurrencytransactionandtranslationadjustmentnetoftax": 17000000,
        "othercomprehensiveincomelosscashflowhedgegainlossafterreclassificationandtax": 1000000,
        "othercomprehensiveincomelosspensionandotherpostretirementbenefitplansadjustmentnetoftax": -8000000,
        "othercomprehensiveincomelossnetoftax": 8000000,
        "othercomprehensiveincomelossnetoftaxportionattributabletoparent": 26000000,
        "comprehensiveincomenetoftaxincludingportionattributabletononcontrollinginterest": 106000000,
        "comprehensiveincomenetoftaxattributabletononcontrollinginterest": 8000000,
        "comprehensiveincomenetoftax": 98000000
    },
    {
        "date": "2021-12-30",
        "symbol": "BKR",
        "period": "Q4",
        "revenuefromcontractwithcustomerexcludingassessedtax": 19002000000,
        "costofgoodsandservicessold": 1591000000,
        "sellinggeneralandadministrativeexpense": 634000000,
        "restructuringimpairmentandother": -10000000,
        "operatingincomeloss": 574000000,
        "othernonoperatingincomeexpense": 208000000,
        "interestincomeexpensenet": -93000000,
        "incometaxexpensebenefit": 353000000,
        "profitloss": 43000000,
        "netincomelossattributabletononcontrollinginterest": 43000000,
        "netincomeloss": 293000000,
        "commonstockdividendspersharecashpaid": 0.18000000000000005,
        "othercomprehensiveincomelossforeigncurrencytransactionandtranslationadjustmentnetoftax": -254000000,
        "othercomprehensiveincomelosscashflowhedgegainlossafterreclassificationandtax": -4000000,
        "othercomprehensiveincomelosspensionandotherpostretirementbenefitplansadjustmentnetoftax": -92000000,
        "othercomprehensiveincomelossnetoftax": 152000000,
        "othercomprehensiveincomelossnetoftaxportionattributabletononcontrollinginterest": 8000000,
        "othercomprehensiveincomelossnetoftaxportionattributabletoparent": -146000000,
        "comprehensiveincomenetoftaxincludingportionattributabletononcontrollinginterest": 170000000,
        "comprehensiveincomenetoftaxattributabletononcontrollinginterest": 23000000,
        "comprehensiveincomenetoftax": 147000000
    },
    {
        "date": "2021-09-29",
        "symbol": "BKR",
        "period": "Q3",
        "revenuefromcontractwithcustomerexcludingassessedtax": 510000000,
        "costofgoodsandservicessold": 1522000000,
        "sellinggeneralandadministrativeexpense": 607000000,
        "restructuringimpairmentandother": 14000000,
        "separationandmergerrelatedcosts": 11000000,
        "costsandexpenses": 4715000000,
        "operatingincomeloss": 378000000,
        "othernonoperatingincomeexpense": -102000000,
        "interestincomeexpensenet": -67000000,
        "incomelossfromcontinuingoperationsbeforeincometaxesextraordinaryitemsnoncontrollinginterest": -105000000,
        "incometaxexpensebenefit": 193000000,
        "profitloss": 8000000,
        "netincomelossattributabletononcontrollinginterest": 8000000,
        "netincomeloss": 8000000,
        "earningspersharebasic": 0.01,
        "earningspersharediluted": 0.01,
        "commonstockdividendspersharecashpaid": 0.18,
        "othercomprehensiveincomelossforeigncurrencytransactionandtranslationadjustmentnetoftax": -158000000,
        "othercomprehensiveincomelosscashflowhedgegainlossafterreclassificationandtax": -2000000,
        "othercomprehensiveincomelosspensionandotherpostretirementbenefitplansadjustmentnetoftax": -25000000,
        "othercomprehensiveincomelossnetoftax": -24000000,
        "othercomprehensiveincomelossnetoftaxportionattributabletononcontrollinginterest": -24000000,
        "othercomprehensiveincomelossnetoftaxportionattributabletoparent": -111000000,
        "comprehensiveincomenetoftaxincludingportionattributabletononcontrollinginterest": -119000000,
        "comprehensiveincomenetoftaxattributabletononcontrollinginterest": -16000000,
        "comprehensiveincomenetoftax": -103000000
    },
    {
        "date": "2021-06-29",
        "symbol": "BKR",
        "period": "Q2",
        "revenuefromcontractwithcustomerexcludingassessedtax": 3078000000,
        "costofgoodsandservicessold": 2674000000,
        "sellinggeneralandadministrativeexpense": 642000000,
        "restructuringimpairmentandother": 125000000,
        "separationandmergerrelatedcosts": 15000000,
        "costsandexpenses": 4948000000,
        "operatingincomeloss": 194000000,
        "othernonoperatingincomeexpense": -63000000,
        "interestincomeexpensenet": -65000000,
        "incomelossfromcontinuingoperationsbeforeincometaxesminorityinterestandincomelossfromequitymethodinvestments": 66000000,
        "incometaxexpensebenefit": 143000000,
        "profitloss": -77000000,
        "netincomelossattributabletononcontrollinginterest": -9000000,
        "netincomeloss": -68000000,
        "earningspersharebasic": -0.08,
        "earningspersharediluted": -0.08,
        "commonstockdividendspersharecashpaid": 0.18,
        "othercomprehensiveincomelossforeigncurrencytransactionandtranslationadjustmentnetoftax": 158000000,
        "othercomprehensiveincomelosscashflowhedgegainlossafterreclassificationandtax": -16000000,
        "othercomprehensiveincomelosspensionandotherpostretirementbenefitplansadjustmentnetoftax": -50000000,
        "othercomprehensiveincomelossnetoftax": 192000000,
        "othercomprehensiveincomelossnetoftaxportionattributabletononcontrollinginterest": 39000000,
        "othercomprehensiveincomelossnetoftaxportionattributabletoparent": 153000000,
        "comprehensiveincomenetoftaxincludingportionattributabletononcontrollinginterest": 115000000,
        "comprehensiveincomenetoftaxattributabletononcontrollinginterest": 30000000,
        "comprehensiveincomenetoftax": 85000000
    },
    {
        "date": "2021-03-30",
        "symbol": "BKR",
        "period": "Q1",
        "revenuefromcontractwithcustomerexcludingassessedtax": 2936000000,
        "costofgoodsandservicessold": 2534000000,
        "sellinggeneralandadministrativeexpense": 587000000,
        "restructuringimpairmentandother": 80000000,
        "separationandmergerrelatedcosts": 27000000,
        "costsandexpenses": 4618000000,
        "operatingincomeloss": 164000000,
        "othernonoperatingincomeexpense": -626000000,
        "interestincomeexpensenet": -74000000,
        "incomelossfromcontinuingoperationsbeforeincometaxesminorityinterestandincomelossfromequitymethodinvestments": -536000000,
        "incometaxexpensebenefit": 69000000,
        "profitloss": -605000000,
        "netincomelossattributabletononcontrollinginterest": -153000000,
        "netincomeloss": -452000000,
        "earningspersharebasicanddiluted": -0.61,
        "commonstockdividendspersharecashpaid": 0.18,
        "othercomprehensiveincomelossforeigncurrencytransactionandtranslationadjustmentnetoftax": -51000000,
        "othercomprehensiveincomelosscashflowhedgegainlossafterreclassificationandtax": 6000000,
        "othercomprehensiveincomelosspensionandotherpostretirementbenefitplansadjustmentnetoftax": -3000000,
        "othercomprehensiveincomelossnetoftax": -42000000,
        "othercomprehensiveincomelossnetoftaxportionattributabletononcontrollinginterest": -11000000,
        "othercomprehensiveincomelossnetoftaxportionattributabletoparent": -31000000,
        "comprehensiveincomenetoftaxincludingportionattributabletononcontrollinginterest": -647000000,
        "comprehensiveincomenetoftaxattributabletononcontrollinginterest": -164000000,
        "comprehensiveincomenetoftax": -483000000
    },
    {
        "date": "2020-12-30",
        "symbol": "BKR",
        "period": "Q4",
        "revenuefromcontractwithcustomerexcludingassessedtax": 11386000000,
        "costofgoodsandservicessold": 6659000000,
        "sellinggeneralandadministrativeexpense": 574000000,
        "operatingincomeloss": 182000000,
        "othernonoperatingincomeexpense": 1407000000,
        "interestincomeexpensenet": -69000000,
        "incomelossfromcontinuingoperationsbeforeincometaxesminorityinterestandincomelossfromequitymethodinvestments": -14849000000,
        "incometaxexpensebenefit": 569000000,
        "profitloss": -9641000000,
        "netincomelossattributabletononcontrollinginterest": 299000000,
        "netincomeloss": 652000000,
        "commonstockdividendspersharecashpaid": 0.17999999999999994,
        "othercomprehensiveincomelossforeigncurrencytransactionandtranslationadjustmentnetoftax": 276000000,
        "othercomprehensiveincomelosspensionandotherpostretirementbenefitplansadjustmentnetoftax": 101000000,
        "othercomprehensiveincomelossnetoftax": 67000000,
        "othercomprehensiveincomelossnetoftaxportionattributabletononcontrollinginterest": 6000000,
        "othercomprehensiveincomelossnetoftaxportionattributabletoparent": 124000000,
        "comprehensiveincomenetoftaxincludingportionattributabletononcontrollinginterest": 1127000000,
        "comprehensiveincomenetoftaxattributabletononcontrollinginterest": 351000000,
        "comprehensiveincomenetoftax": 776000000
    },
    {
        "date": "2020-09-29",
        "symbol": "BKR",
        "period": "Q3",
        "revenuefromcontractwithcustomerexcludingassessedtax": 503000000,
        "costofgoodsandservicessold": 1373000000,
        "sellinggeneralandadministrativeexpense": 565000000,
        "restructuringimpairmentandother": 208000000,
        "separationandmergerrelatedcosts": 33000000,
        "costsandexpenses": 5099000000,
        "operatingincomeloss": -49000000,
        "othernonoperatingincomeexpense": -137000000,
        "interestincomeexpensenet": -67000000,
        "incomelossfromcontinuingoperationsbeforeincometaxesminorityinterestandincomelossfromequitymethodinvestments": -114000000,
        "incometaxexpensebenefit": 6000000,
        "profitloss": -78000000,
        "netincomelossattributabletononcontrollinginterest": -78000000,
        "netincomeloss": -181000000,
        "earningspersharebasicanddiluted": -0.09000000000000163,
        "commonstockdividendspersharecashpaid": 0.18000000000000005,
        "othercomprehensiveincomelossforeigncurrencytransactionandtranslationadjustmentnetoftax": 124000000,
        "othercomprehensiveincomelosspensionandotherpostretirementbenefitplansadjustmentnetoftax": 54000000,
        "othercomprehensiveincomelossnetoftax": -54000000,
        "othercomprehensiveincomelossnetoftaxportionattributabletononcontrollinginterest": -18000000,
        "othercomprehensiveincomelossnetoftaxportionattributabletoparent": 48000000,
        "comprehensiveincomenetoftaxincludingportionattributabletononcontrollinginterest": -187000000,
        "comprehensiveincomenetoftaxattributabletononcontrollinginterest": -54000000,
        "comprehensiveincomenetoftax": -133000000
    },
    {
        "date": "2020-06-29",
        "symbol": "BKR",
        "period": "Q2",
        "revenuefromcontractwithcustomerexcludingassessedtax": 468000000,
        "costofgoodsandservicessold": 1527000000,
        "sellinggeneralandadministrativeexpense": 590000000,
        "goodwillimpairmentloss": 0,
        "restructuringimpairmentandother": 104000000,
        "separationandmergerrelatedcosts": 36000000,
        "costsandexpenses": 4787000000,
        "operatingincomeloss": -52000000,
        "othernonoperatingincomeexpense": -255000000,
        "interestincomeexpensenet": -69000000,
        "incomelossfromcontinuingoperationsbeforeincometaxesminorityinterestandincomelossfromequitymethodinvestments": -117000000,
        "incometaxexpensebenefit": -21000000,
        "profitloss": -154000000,
        "netincomelossattributabletononcontrollinginterest": -154000000,
        "netincomeloss": -201000000,
        "earningspersharebasicanddiluted": -0.27999999999999936,
        "commonstockdividendspersharecashpaid": 0.18,
        "othercomprehensiveincomelossavailableforsalesecuritiesadjustmentnetoftax": 0,
        "othercomprehensiveincomelossforeigncurrencytransactionandtranslationadjustmentnetoftax": 52000000,
        "othercomprehensiveincomelosscashflowhedgegainlossafterreclassificationandtax": 0,
        "othercomprehensiveincomelosspensionandotherpostretirementbenefitplansadjustmentnetoftax": -8000000,
        "othercomprehensiveincomelossnetoftax": 8000000,
        "othercomprehensiveincomelossnetoftaxportionattributabletononcontrollinginterest": 3000000,
        "othercomprehensiveincomelossnetoftaxportionattributabletoparent": 39000000,
        "comprehensiveincomenetoftaxincludingportionattributabletononcontrollinginterest": -295000000,
        "comprehensiveincomenetoftaxattributabletononcontrollinginterest": -133000000,
        "comprehensiveincomenetoftax": -162000000
    },
    {
        "date": "2020-03-30",
        "symbol": "BKR",
        "period": "Q1",
        "revenuefromcontractwithcustomerexcludingassessedtax": 489000000,
        "costofgoodsandservicessold": 1824000000,
        "sellinggeneralandadministrativeexpense": 675000000,
        "goodwillimpairmentloss": 14773000000,
        "restructuringimpairmentandother": 1325000000,
        "separationandmergerrelatedcosts": 41000000,
        "costsandexpenses": 21484000000,
        "operatingincomeloss": -16059000000,
        "othernonoperatingincomeexpense": 25000000,
        "interestincomeexpensenet": -59000000,
        "incomelossfromcontinuingoperationsbeforeincometaxesminorityinterestandincomelossfromequitymethodinvestments": -122000000,
        "incometaxexpensebenefit": 5000000,
        "profitloss": -5888000000,
        "netincomelossattributabletononcontrollinginterest": -5888000000,
        "netincomeloss": -10210000000,
        "earningspersharebasicanddiluted": -15.64,
        "commonstockdividendspersharecashpaid": 0.18,
        "othercomprehensiveincomelossavailableforsalesecuritiesadjustmentnetoftax": -2000000,
        "othercomprehensiveincomelossforeigncurrencytransactionandtranslationadjustmentnetoftax": -277000000,
        "othercomprehensiveincomelosscashflowhedgegainlossafterreclassificationandtax": -9000000,
        "othercomprehensiveincomelosspensionandotherpostretirementbenefitplansadjustmentnetoftax": -22000000,
        "othercomprehensiveincomelossnetoftax": 22000000,
        "othercomprehensiveincomelossnetoftaxportionattributabletononcontrollinginterest": 8000000,
        "othercomprehensiveincomelossnetoftaxportionattributabletoparent": -168000000,
        "comprehensiveincomenetoftaxincludingportionattributabletononcontrollinginterest": -16363000000,
        "comprehensiveincomenetoftaxattributabletononcontrollinginterest": -5985000000,
        "comprehensiveincomenetoftax": -10378000000
    },
    {
        "date": "2019-12-30",
        "symbol": "BKR",
        "period": "Q4",
        "profitloss": 174000000,
        "netincomelossattributabletononcontrollinginterest": 46000000,
        "netincomeloss": 48000000,
        "othercomprehensiveincomelossavailableforsalesecuritiesadjustmentnetoftax": 2000000,
        "othercomprehensiveincomelossforeigncurrencytransactionandtranslationadjustmentnetoftax": 149000000,
        "othercomprehensiveincomelosscashflowhedgegainlossafterreclassificationandtax": 10000000,
        "othercomprehensiveincomelossnetoftax": -60000000,
        "othercomprehensiveincomelossnetoftaxportionattributabletononcontrollinginterest": 206000000,
        "othercomprehensiveincomelossnetoftaxportionattributabletoparent": 59000000,
        "comprehensiveincomenetoftaxincludingportionattributabletononcontrollinginterest": 185000000,
        "comprehensiveincomenetoftaxattributabletononcontrollinginterest": 78000000,
        "comprehensiveincomenetoftax": 107000000,
        "revenuefromcontractwithcustomerexcludingassessedtax": 11856000000,
        "costofgoodsandservicessold": 6094000000,
        "sellinggeneralandadministrativeexpense": 748000000,
        "restructuringsettlementandimpairmentprovisions": 159000000,
        "businesscombinationacquisitionrelatedcosts": 56000000,
        "costsandexpenses": 6017000000,
        "operatingincomeloss": 330000000,
        "othernonoperatingincomeexpense": 40000000,
        "interestincomeexpensenet": -63000000,
        "incomelossfromcontinuingoperationsbeforeincometaxesminorityinterestandincomelossfromequitymethodinvestments": 1067000000,
        "incometaxexpensebenefit": 213000000,
        "commonstockdividendspersharecashpaid": 0.18000000000000005
    },
    {
        "date": "2019-09-29",
        "symbol": "BKR",
        "period": "Q3",
        "profitloss": 60000000,
        "netincomelossattributabletononcontrollinginterest": 60000000,
        "netincomeloss": 57000000,
        "othercomprehensiveincomelossavailableforsalesecuritiesadjustmentnetoftax": -1000000,
        "othercomprehensiveincomelossforeigncurrencytransactionandtranslationadjustmentnetoftax": -123000000,
        "othercomprehensiveincomelosscashflowhedgegainlossafterreclassificationandtax": 1000000,
        "othercomprehensiveincomelosspensionandotherpostretirementbenefitplansadjustmentnetoftax": -7000000,
        "othercomprehensiveincomelossnetoftax": -42000000,
        "othercomprehensiveincomelossnetoftaxportionattributabletononcontrollinginterest": -42000000,
        "othercomprehensiveincomelossnetoftaxportionattributabletoparent": -73000000,
        "comprehensiveincomenetoftaxincludingportionattributabletononcontrollinginterest": 2000000,
        "comprehensiveincomenetoftaxattributabletononcontrollinginterest": 18000000,
        "comprehensiveincomenetoftax": -16000000,
        "revenuefromcontractwithcustomerexcludingassessedtax": 609000000,
        "costofgoodsandservicessold": 1880000000,
        "sellinggeneralandadministrativeexpense": 679000000,
        "restructuringsettlementandimpairmentprovisions": 71000000,
        "businesscombinationacquisitionrelatedcosts": 54000000,
        "costsandexpenses": 5585000000,
        "operatingincomeloss": 297000000,
        "othernonoperatingincomeexpense": -14000000,
        "interestincomeexpensenet": -59000000,
        "incomelossfromcontinuingoperationsbeforeincometaxesminorityinterestandincomelossfromequitymethodinvestments": -109000000,
        "incometaxexpensebenefit": 107000000,
        "earningspersharebasicanddiluted": 0.11,
        "commonstockdividendspersharecashpaid": 0.18
    },
    {
        "date": "2019-06-29",
        "symbol": "BKR",
        "period": "Q2",
        "profitloss": -2000000,
        "netincomelossattributabletononcontrollinginterest": -2000000,
        "netincomeloss": -9000000,
        "othercomprehensiveincomelossavailableforsalesecuritiesadjustmentnetoftax": -1000000,
        "othercomprehensiveincomelossforeigncurrencytransactionandtranslationadjustmentnetoftax": -139000000,
        "othercomprehensiveincomelosscashflowhedgegainlossafterreclassificationandtax": -4000000,
        "othercomprehensiveincomelosspensionandotherpostretirementbenefitplansadjustmentnetoftax": 13000000,
        "othercomprehensiveincomelossnetoftax": -78000000,
        "othercomprehensiveincomelossnetoftaxportionattributabletononcontrollinginterest": -78000000,
        "othercomprehensiveincomelossnetoftaxportionattributabletoparent": -78000000,
        "comprehensiveincomenetoftaxincludingportionattributabletononcontrollinginterest": -167000000,
        "comprehensiveincomenetoftaxattributabletononcontrollinginterest": -80000000,
        "comprehensiveincomenetoftax": -87000000,
        "revenuefromcontractwithcustomerexcludingassessedtax": 632000000,
        "costofgoodsandservicessold": 1995000000,
        "sellinggeneralandadministrativeexpense": 701000000,
        "restructuringsettlementandimpairmentprovisions": 50000000,
        "businesscombinationacquisitionrelatedcosts": 40000000,
        "costsandexpenses": 5723000000,
        "operatingincomeloss": 271000000,
        "othernonoperatingincomeexpense": -131000000,
        "interestincomeexpensenet": -56000000,
        "incomelossfromcontinuingoperationsbeforeincometaxesminorityinterestandincomelossfromequitymethodinvestments": -105000000,
        "incometaxexpensebenefit": 95000000,
        "earningspersharebasicanddiluted": -0.02,
        "commonstockdividendspersharecashpaid": 0.18
    },
    {
        "date": "2019-03-30",
        "symbol": "BKR",
        "period": "Q1",
        "profitloss": 39000000,
        "netincomelossattributabletononcontrollinginterest": 39000000,
        "netincomeloss": 32000000,
        "othercomprehensiveincomelossavailableforsalesecuritiesadjustmentnetoftax": 2000000,
        "othercomprehensiveincomelossforeigncurrencytransactionandtranslationadjustmentnetoftax": 166000000,
        "othercomprehensiveincomelosscashflowhedgegainlossafterreclassificationandtax": 5000000,
        "othercomprehensiveincomelossnetoftax": 172000000,
        "othercomprehensiveincomelossnetoftaxportionattributabletononcontrollinginterest": -87000000,
        "othercomprehensiveincomelossnetoftaxportionattributabletoparent": 85000000,
        "comprehensiveincomenetoftaxincludingportionattributabletononcontrollinginterest": 243000000,
        "comprehensiveincomenetoftaxattributabletononcontrollinginterest": 126000000,
        "comprehensiveincomenetoftax": 117000000,
        "revenuefromcontractwithcustomerexcludingassessedtax": 592000000,
        "costofgoodsandservicessold": 1829000000,
        "sellinggeneralandadministrativeexpense": 704000000,
        "restructuringsettlementandimpairmentprovisions": 62000000,
        "businesscombinationacquisitionrelatedcosts": 34000000,
        "costsandexpenses": 5439000000,
        "operatingincomeloss": 176000000,
        "othernonoperatingincomeexpense": 21000000,
        "interestincomeexpensenet": -59000000,
        "incomelossfromcontinuingoperationsbeforeincometaxesminorityinterestandincomelossfromequitymethodinvestments": -100000000,
        "incometaxexpensebenefit": 67000000,
        "earningspersharebasicanddiluted": 0.06,
        "commonstockdividendspersharecashpaid": 0.18
    },
    {
        "date": "2018-09-29",
        "symbol": "BKR",
        "period": "Q3",
        "profitloss": 25000000,
        "netincomelossattributabletononcontrollinginterest": 25000000,
        "netincomeloss": 13000000,
        "othercomprehensiveincomelossavailableforsalesecuritiesadjustmentnetoftax": -1000000,
        "othercomprehensiveincomelossforeigncurrencytransactionandtranslationadjustmentnetoftax": -88000000,
        "othercomprehensiveincomelossderivativesqualifyingashedgesnetoftax": -2000000,
        "othercomprehensiveincomelosspensionandotherpostretirementbenefitplansadjustmentnetoftax": -1000000,
        "othercomprehensiveincomelossnetoftax": -56000000,
        "othercomprehensiveincomelossnetoftaxportionattributabletononcontrollinginterest": -56000000,
        "othercomprehensiveincomelossnetoftaxportionattributabletoparent": -34000000,
        "comprehensiveincomenetoftaxincludingportionattributabletononcontrollinginterest": -52000000,
        "comprehensiveincomenetoftaxattributabletononcontrollinginterest": -31000000,
        "comprehensiveincomenetoftax": -21000000,
        "revenuefromcontractwithcustomerincludingassessedtax": 3990000000,
        "costofgoodsandservicessold": 2819000000,
        "sellinggeneralandadministrativeexpense": 608000000,
        "restructuringsettlementandimpairmentprovisions": 66000000,
        "businesscombinationacquisitionrelatedcosts": 17000000,
        "costsandexpenses": 5383000000,
        "operatingincomeloss": 282000000,
        "othernonoperatingincomeexpense": 6000000,
        "interestincomeexpensenet": -55000000,
        "incomelossfromcontinuingoperationsbeforeincometaxesminorityinterestandincomelossfromequitymethodinvestments": 132000000,
        "incomelossfromequitymethodinvestments": -85000000,
        "incometaxexpensebenefit": 110000000,
        "earningspersharebasic": 0.03,
        "earningspersharediluted": 0.03,
        "commonstockdividendspersharecashpaid": 0.18
    },
    {
        "date": "2018-06-29",
        "symbol": "BKR",
        "period": "Q2",
        "profitloss": -38000000,
        "netincomelossattributabletononcontrollinginterest": -19000000,
        "netincomeloss": -19000000,
        "othercomprehensiveincomelossavailableforsalesecuritiesadjustmentnetoftax": -2000000,
        "othercomprehensiveincomelossforeigncurrencytransactionandtranslationadjustmentnetoftax": -536000000,
        "othercomprehensiveincomelossderivativesqualifyingashedgesnetoftax": -6000000,
        "othercomprehensiveincomelosspensionandotherpostretirementbenefitplansadjustmentnetoftax": -5000000,
        "othercomprehensiveincomelossnetoftax": -539000000,
        "othercomprehensiveincomelossnetoftaxportionattributabletononcontrollinginterest": -337000000,
        "othercomprehensiveincomelossnetoftaxportionattributabletoparent": -202000000,
        "comprehensiveincomenetoftaxincludingportionattributabletononcontrollinginterest": -577000000,
        "comprehensiveincomenetoftaxattributabletononcontrollinginterest": -356000000,
        "comprehensiveincomenetoftax": -221000000,
        "revenuefromcontractwithcustomerincludingassessedtax": 3988000000,
        "costofgoodssold": 2752000000,
        "costofservices": 1860000000,
        "sellinggeneralandadministrativeexpense": 662000000,
        "restructuringsettlementandimpairmentprovisions": 146000000,
        "businesscombinationacquisitionrelatedcosts": 50000000,
        "costsandexpenses": 5470000000,
        "operatingincomeloss": 78000000,
        "othernonoperatingincomeexpense": 43000000,
        "interestincomeexpensenet": -63000000,
        "incomelossfromcontinuingoperationsbeforeincometaxesminorityinterestandincomelossfromequitymethodinvestments": 113000000,
        "incomelossfromequitymethodinvestments": -34000000,
        "incometaxexpensebenefit": 62000000,
        "earningspersharebasic": -0.05,
        "earningspersharediluted": -0.05,
        "commonstockdividendspersharecashpaid": 0.18
    },
    {
        "date": "2017-09-29",
        "symbol": "BKR",
        "period": "Q3"
    },
    {
        "date": "2017-06-29",
        "symbol": "BKR",
        "period": "Q2",
        "weightedaveragenumberofshareoutstandingbasicanddiluted": 100
    },
    {
        "date": "2017-03-30",
        "symbol": "BKR",
        "period": "Q1",
        "profitloss": -2000000,
        "netincomelossattributabletononcontrollinginterestpremerger": 68000000,
        "netincomelossattributabletononcontrollinginterest": -2000000,
        "othercomprehensiveincomelossavailableforsalesecuritiesadjustmentnetoftax": 26000000,
        "othercomprehensiveincomelossforeigncurrencytransactionandtranslationadjustmentnetoftax": 46000000,
        "othercomprehensiveincomelossderivativesqualifyingashedgesnetoftax": 4000000,
        "othercomprehensiveincomelosspensionandotherpostretirementbenefitplansadjustmentnetoftax": 1000000,
        "othercomprehensiveincomelossnetoftax": 2000000,
        "othercomprehensiveincomelossnetoftaxportionattributabletononcontrollinginterestpremerger": 73000000,
        "othercomprehensiveincomelossnetoftaxportionattributabletononcontrollinginterest": -2000000,
        "comprehensiveincomenetoftaxincludingportionattributabletononcontrollinginterest": 141000000,
        "comprehensiveincomelossnetoftaxattributabletononcontrollinginterestpremerger": 141000000,
        "salesrevenuegoodsnet": 27000000,
        "salesrevenueservicesnet": -74000000,
        "salesrevenuenet": 1644000000,
        "costofgoodssold": 1846000000,
        "costofservices": 532000000,
        "sellinggeneralandadministrativeexpense": 492000000,
        "restructuringsettlementandimpairmentprovisions": 42000000,
        "businesscombinationacquisitionrelatedcosts": 66000000,
        "costsandexpenses": 2978000000,
        "operatingincomeloss": -91000000,
        "othernonoperatingincomeexpense": 8000000,
        "interestincomeexpensenet": -20000000,
        "incomelossfromcontinuingoperationsbeforeincometaxesminorityinterestandincomelossfromequitymethodinvestments": 252000000,
        "incometaxexpensebenefit": 8000000
    }
]