[
    {
        "date": "2024-03-30",
        "symbol": "ET",
        "period": "Q1",
        "revenues": 5513000000,
        "costofgoodsandservicessold": 16597000000,
        "operatingcostsandexpenses": 1138000000,
        "depreciationdepletionandamortization": 1254000000,
        "sellinggeneralandadministrativeexpense": 260000000,
        "costsandexpenses": 19249000000,
        "operatingincomeloss": 2380000000,
        "interestexpense": 728000000,
        "incomelossfromequitymethodinvestments": 98000000,
        "gainslossesonextinguishmentofdebt": -5000000,
        "gainlossoninterestratederivativeinstrumentsnotdesignatedashedginginstruments": 9000000,
        "othernonoperatingincomeexpense": 27000000,
        "incomelossincludingportionattributabletononcontrollinginterest": 1781000000,
        "incometaxexpensebenefit": 89000000,
        "profitloss": 1692000000,
        "netincomelossattributabletononcontrollinginterest": 436000000,
        "netincomelossattributabletoredeemablenoncontrollinginterest": 16000000,
        "netincomeloss": 1240000000,
        "netincomelossallocatedtogeneralpartners": 1000000,
        "preferredstockdividendsincomestatementimpact": 129000000,
        "preferredstockredemptionpremium": 21000000,
        "netincomelossallocatedtolimitedpartners": 1089000000,
        "netincomelossperoutstandinglimitedpartnershipunitbasicnetoftax": 0.32,
        "netincomelossnetoftaxperoutstandinglimitedpartnershipunitdiluted": 0.32,
        "othercomprehensiveincomelossavailableforsalesecuritiesadjustmentnetoftax": 2000000,
        "othercomprehensiveincomelossreclassificationadjustmentfromaocipensionandotherpostretirementbenefitplansfornetgainlossnetoftax": -9000000,
        "changeinothercomprehensiveincomefromequityinvestments": 2000000,
        "othercomprehensiveincomelossnetoftax": 13000000,
        "comprehensiveincomenetoftaxincludingportionattributabletononcontrollinginterest": 1705000000,
        "comprehensiveincomenetoftaxattributabletononcontrollinginterest": 436000000,
        "comprehensiveincomenetoftax": 1253000000
    },
    {
        "date": "2023-06-29",
        "symbol": "ET",
        "period": "Q2",
        "revenues": -2810000000,
        "costofgoodsandservicessold": 14092000000,
        "operatingcostsandexpenses": 1094000000,
        "depreciationandamortization": 1061000000,
        "sellinggeneralandadministrativeexpense": 228000000,
        "assetimpairmentcharges": 10000000,
        "costsandexpenses": 16485000000,
        "operatingincomeloss": 1835000000,
        "interestexpense": 641000000,
        "incomelossfromequitymethodinvestments": 95000000,
        "gainlossoninterestratederivativeinstrumentsnotdesignatedashedginginstruments": 35000000,
        "incomelossincludingportionattributabletononcontrollinginterest": 1341000000,
        "incometaxexpensebenefit": 108000000,
        "profitloss": 1233000000,
        "netincomelossattributabletononcontrollinginterest": 308000000,
        "netincomelossattributabletoredeemablenoncontrollinginterest": 14000000,
        "netincomeloss": 911000000,
        "netincomelossallocatedtogeneralpartners": -1000000,
        "preferredstockdividendsincomestatementimpact": 113000000,
        "netincomelossallocatedtolimitedpartners": 797000000,
        "netincomelossperoutstandinglimitedpartnershipunitbasicnetoftax": 0.25,
        "netincomelossnetoftaxperoutstandinglimitedpartnershipunitdiluted": 0.25,
        "revenuefromcontractwithcustomerincludingassessedtax": 268000000,
        "othernonoperatingincomeexpense": 17000000,
        "othercomprehensiveincomelossavailableforsalesecuritiesadjustmentnetoftax": -1000000,
        "othercomprehensiveincomelossreclassificationadjustmentfromaocipensionandotherpostretirementbenefitplansfornetgainlossnetoftax": -5000000,
        "othercomprehensiveincomeforeigncurrencytransactionandtranslationadjustmentnetoftaxportionattributabletoparent": -6000000,
        "changeinothercomprehensiveincomefromequityinvestments": 3000000,
        "othercomprehensiveincomelossnetoftax": 1000000,
        "comprehensiveincomenetoftaxincludingportionattributabletononcontrollinginterest": 1234000000,
        "comprehensiveincomenetoftaxattributabletononcontrollinginterest": 308000000,
        "comprehensiveincomenetoftax": 912000000
    },
    {
        "date": "2023-03-30",
        "symbol": "ET",
        "period": "Q1",
        "revenues": 3469000000,
        "costofgoodsandservicessold": 14610000000,
        "operatingcostsandexpenses": 1025000000,
        "depreciationandamortization": 1059000000,
        "sellinggeneralandadministrativeexpense": 238000000,
        "assetimpairmentcharges": 1000000,
        "costsandexpenses": 16933000000,
        "operatingincomeloss": 2062000000,
        "interestexpense": 619000000,
        "incomelossfromequitymethodinvestments": 88000000,
        "gainlossoninterestratederivativeinstrumentsnotdesignatedashedginginstruments": -20000000,
        "othernonoperatingexpense": 7000000,
        "incomelossincludingportionattributabletononcontrollinginterest": 1518000000,
        "incometaxexpensebenefit": 71000000,
        "profitloss": 1447000000,
        "netincomelossattributabletononcontrollinginterest": 321000000,
        "netincomelossattributabletoredeemablenoncontrollinginterest": 13000000,
        "netincomeloss": 1113000000,
        "netincomelossallocatedtogeneralpartners": 1000000,
        "preferredstockdividendsincomestatementimpact": 109000000,
        "netincomelossallocatedtolimitedpartners": 1003000000,
        "netincomelossperoutstandinglimitedpartnershipunitbasicnetoftax": 0.32,
        "netincomelossnetoftaxperoutstandinglimitedpartnershipunitdiluted": 0.32,
        "othercomprehensiveincomelossavailableforsalesecuritiesadjustmentnetoftax": 1000000,
        "othercomprehensiveincomelossreclassificationadjustmentfromaocipensionandotherpostretirementbenefitplansfornetgainlossnetoftax": 5000000,
        "othercomprehensiveincomeforeigncurrencytransactionandtranslationadjustmentnetoftaxportionattributabletoparent": 1000000,
        "othercomprehensiveincomelossnetoftax": -3000000,
        "comprehensiveincomenetoftaxincludingportionattributabletononcontrollinginterest": 1444000000,
        "comprehensiveincomenetoftaxattributabletononcontrollinginterest": 321000000,
        "comprehensiveincomenetoftax": 1110000000
    },
    {
        "date": "2022-12-30",
        "symbol": "ET",
        "period": "Q4",
        "revenuefromcontractwithcustomerincludingassessedtax": 199000000,
        "revenues": 3970000000,
        "costofgoodsandservicessold": -37332000000,
        "operatingcostsandexpenses": 1356000000,
        "depreciationandamortization": -2971000000,
        "sellinggeneralandadministrativeexpense": 216000000,
        "costsandexpenses": 18695000000,
        "operatingincomeloss": 1806000000,
        "interestexpense": 592000000,
        "incomelossfromequitymethodinvestments": -182000000,
        "gainlossoninterestratederivativeinstrumentsnotdesignatedashedginginstruments": -10000000,
        "othernonoperatingincomeexpense": 207000000,
        "incomelossincludingportionattributabletononcontrollinginterest": 1482000000,
        "incometaxexpensebenefit": 45000000,
        "profitloss": -3968000000,
        "netincomelossattributabletononcontrollinginterest": 268000000,
        "netincomelossattributabletoredeemablenoncontrollinginterest": 14000000,
        "netincomeloss": 1155000000,
        "netincomelossallocatedtogeneralpartners": 7000000,
        "preferredstockdividendsincomestatementimpact": 105000000,
        "netincomelossallocatedtolimitedpartners": 1049000000,
        "othercomprehensiveincomelossavailableforsalesecuritiesadjustmentnetoftax": 3000000,
        "othercomprehensiveincomeforeigncurrencytransactionandtranslationadjustmentnetoftaxportionattributabletoparent": 0,
        "changeinothercomprehensiveincomefromequityinvestments": 0,
        "othercomprehensiveincomelossnetoftax": -18000000,
        "comprehensiveincomenetoftaxincludingportionattributabletononcontrollinginterest": 1421000000,
        "comprehensiveincomenetoftaxattributabletononcontrollinginterest": 268000000,
        "comprehensiveincomenetoftax": 1139000000
    },
    {
        "date": "2022-09-29",
        "symbol": "ET",
        "period": "Q3",
        "revenuefromcontractwithcustomerincludingassessedtax": 218000000,
        "revenues": 5212000000,
        "costofgoodsandservicessold": 18516000000,
        "operatingcostsandexpenses": 973000000,
        "depreciationandamortization": 1030000000,
        "sellinggeneralandadministrativeexpense": 361000000,
        "costsandexpenses": 20966000000,
        "operatingincomeloss": 1973000000,
        "interestexpense": 577000000,
        "incomelossfromequitymethodinvestments": 68000000,
        "gainlossoninterestratederivativeinstrumentsnotdesignatedashedginginstruments": 60000000,
        "othernonoperatingincomeexpense": -120000000,
        "incomelossincludingportionattributabletononcontrollinginterest": 1404000000,
        "incometaxexpensebenefit": 82000000,
        "profitloss": 1322000000,
        "netincomelossattributabletononcontrollinginterest": 304000000,
        "netincomelossattributabletoredeemablenoncontrollinginterest": 12000000,
        "netincomeloss": 1006000000,
        "netincomelossallocatedtogeneralpartners": -1000000,
        "preferredstockdividendsincomestatementimpact": 106000000,
        "netincomelossallocatedtolimitedpartners": 899000000,
        "netincomelossperoutstandinglimitedpartnershipunitbasicnetoftax": 0.29000000000000004,
        "netincomelossnetoftaxperoutstandinglimitedpartnershipunitdiluted": 0.29000000000000004,
        "othercomprehensiveincomelossavailableforsalesecuritiesadjustmentnetoftax": -4000000,
        "othercomprehensiveincomeforeigncurrencytransactionandtranslationadjustmentnetoftaxportionattributabletoparent": 13000000,
        "changeinothercomprehensiveincomefromequityinvestments": 6000000,
        "othercomprehensiveincomelossnetoftax": 15000000,
        "comprehensiveincomenetoftaxincludingportionattributabletononcontrollinginterest": 1337000000,
        "comprehensiveincomenetoftaxattributabletononcontrollinginterest": 307000000,
        "comprehensiveincomenetoftax": 1018000000
    },
    {
        "date": "2022-06-29",
        "symbol": "ET",
        "period": "Q2",
        "revenuefromcontractwithcustomerincludingassessedtax": 222000000,
        "revenues": 5644000000,
        "costofgoodsandservicessold": 21515000000,
        "operatingcostsandexpenses": 1060000000,
        "depreciationandamortization": 1046000000,
        "sellinggeneralandadministrativeexpense": 211000000,
        "assetimpairmentcharges": 0,
        "costsandexpenses": 23832000000,
        "operatingincomeloss": 2113000000,
        "interestexpense": 578000000,
        "incomelossfromequitymethodinvestments": 62000000,
        "gainlossoninterestratederivativeinstrumentsnotdesignatedashedginginstruments": 129000000,
        "othernonoperatingincomeexpense": -18000000,
        "incomelossincludingportionattributabletononcontrollinginterest": 1708000000,
        "incometaxexpensebenefit": 86000000,
        "profitloss": 1622000000,
        "netincomelossattributabletononcontrollinginterest": 284000000,
        "netincomelossattributabletoredeemablenoncontrollinginterest": 12000000,
        "netincomeloss": 1326000000,
        "netincomelossallocatedtogeneralpartners": -1000000,
        "preferredstockdividendsincomestatementimpact": 105000000,
        "netincomelossallocatedtolimitedpartners": 1220000000,
        "netincomelossperoutstandinglimitedpartnershipunitbasicnetoftax": 0.39,
        "netincomelossnetoftaxperoutstandinglimitedpartnershipunitdiluted": 0.4,
        "othercomprehensiveincomelossavailableforsalesecuritiesadjustmentnetoftax": -4000000,
        "othercomprehensiveincomelossreclassificationadjustmentfromaocipensionandotherpostretirementbenefitplansfornetgainlossnetoftax": 0,
        "othercomprehensiveincomeforeigncurrencytransactionandtranslationadjustmentnetoftaxportionattributabletoparent": -30000000,
        "changeinothercomprehensiveincomefromequityinvestments": 6000000,
        "othercomprehensiveincomelossnetoftax": -8000000,
        "comprehensiveincomenetoftaxincludingportionattributabletononcontrollinginterest": 1594000000,
        "comprehensiveincomenetoftaxattributabletononcontrollinginterest": 270000000,
        "comprehensiveincomenetoftax": 1312000000
    },
    {
        "date": "2022-03-30",
        "symbol": "ET",
        "period": "Q1",
        "revenuefromcontractwithcustomerincludingassessedtax": 188000000,
        "revenues": 4115000000,
        "costofgoodsandservicessold": 16138000000,
        "operatingcostsandexpenses": 949000000,
        "depreciationandamortization": 1028000000,
        "sellinggeneralandadministrativeexpense": 230000000,
        "assetimpairmentcharges": 136000000,
        "costsandexpenses": 18645000000,
        "operatingincomeloss": 1846000000,
        "interestexpense": 559000000,
        "incomelossfromequitymethodinvestments": 56000000,
        "gainlossoninterestratederivativeinstrumentsnotdesignatedashedginginstruments": 114000000,
        "othernonoperatingincomeexpense": 21000000,
        "incomelossincludingportionattributabletononcontrollinginterest": 1478000000,
        "incometaxexpensebenefit": -9000000,
        "profitloss": 1487000000,
        "netincomelossattributabletononcontrollinginterest": 205000000,
        "netincomelossattributabletoredeemablenoncontrollinginterest": 13000000,
        "netincomeloss": 1269000000,
        "netincomelossallocatedtogeneralpartners": -1000000,
        "preferredstockdividendsincomestatementimpact": 106000000,
        "netincomelossallocatedtolimitedpartners": 1162000000,
        "netincomelossperoutstandinglimitedpartnershipunitbasicnetoftax": 0.38,
        "netincomelossnetoftaxperoutstandinglimitedpartnershipunitdiluted": 0.37,
        "othercomprehensiveincomelossavailableforsalesecuritiesadjustmentnetoftax": -5000000,
        "othercomprehensiveincomelossreclassificationadjustmentfromaocipensionandotherpostretirementbenefitplansfornetgainlossnetoftax": -7000000,
        "othercomprehensiveincomeforeigncurrencytransactionandtranslationadjustmentnetoftaxportionattributabletoparent": 11000000,
        "changeinothercomprehensiveincomefromequityinvestments": 12000000,
        "othercomprehensiveincomelossnetoftax": 5000000,
        "comprehensiveincomenetoftaxincludingportionattributabletononcontrollinginterest": 1512000000,
        "comprehensiveincomenetoftaxattributabletononcontrollinginterest": 210000000,
        "comprehensiveincomenetoftax": 1289000000
    },
    {
        "date": "2021-06-29",
        "symbol": "ET",
        "period": "Q2",
        "revenuefromcontractwithcustomerincludingassessedtax": 4403000000,
        "revenues": 15101000000,
        "costofgoodsandservicessold": 11505000000,
        "operatingcostsandexpenses": 867000000,
        "depreciationandamortization": 940000000,
        "sellinggeneralandadministrativeexpense": 184000000,
        "assetimpairmentcharges": 8000000,
        "costsandexpenses": 13504000000,
        "operatingincomeloss": 1597000000,
        "interestexpense": 566000000,
        "incomelossfromequitymethodinvestments": 65000000,
        "gainslossesonextinguishmentofdebt": -1000000,
        "gainlossoninterestratederivativeinstrumentsnotdesignatedashedginginstruments": -123000000,
        "othernonoperatingincomeexpense": 18000000,
        "incomelossfromcontinuingoperationsbeforeincometaxesextraordinaryitemsnoncontrollinginterest": 990000000,
        "incometaxexpensebenefit": 82000000,
        "profitloss": 908000000,
        "netincomelossattributabletononcontrollinginterest": 269000000,
        "netincomelossattributabletoredeemablenoncontrollinginterest": 13000000,
        "netincomeloss": 626000000,
        "netincomelossallocatedtogeneralpartners": -1000000,
        "preferredstockdividendsincomestatementimpact": 86000000,
        "netincomelossallocatedtolimitedpartners": 539000000,
        "netincomelossperoutstandinglimitedpartnershipunitbasicnetoftax": 0.2,
        "netincomelossnetoftaxperoutstandinglimitedpartnershipunitdiluted": 0.2,
        "othercomprehensiveincomelossavailableforsalesecuritiesadjustmentnetoftax": 3000000,
        "othercomprehensiveincomeforeigncurrencytransactionandtranslationadjustmentnetoftaxportionattributabletoparent": 12000000,
        "changeinothercomprehensiveincomefromequityinvestments": 9000000,
        "othercomprehensiveincomelossnetoftax": 24000000,
        "comprehensiveincomenetoftaxincludingportionattributabletononcontrollinginterest": 932000000,
        "comprehensiveincomenetoftaxattributabletononcontrollinginterest": 275000000,
        "comprehensiveincomenetoftax": 644000000
    },
    {
        "date": "2020-09-29",
        "symbol": "ET",
        "period": "Q3",
        "revenuefromcontractwithcustomerincludingassessedtax": 2720000000,
        "revenues": 9955000000,
        "costofgoodsandservicessold": 6376000000,
        "operatingcostsandexpenses": 773000000,
        "depreciationandamortization": 912000000,
        "sellinggeneralandadministrativeexpense": 176000000,
        "assetimpairmentcharges": 1474000000,
        "costsandexpenses": 9711000000,
        "operatingincomeloss": 244000000,
        "interestexpense": 569000000,
        "incomelossfromequitymethodinvestments": -32000000,
        "gainlossoninterestratederivativeinstrumentsnotdesignatedashedginginstruments": 55000000,
        "othernonoperatingincomeexpense": 71000000,
        "incomelossfromcontinuingoperationsbeforeincometaxesextraordinaryitemsnoncontrollinginterest": -360000000,
        "incometaxexpensebenefit": 41000000,
        "profitloss": -401000000,
        "netincomelossattributabletononcontrollinginterest": 369000000,
        "netincomelossattributabletoredeemablenoncontrollinginterest": 12000000,
        "netincomeloss": -782000000,
        "netincomelossallocatedtolimitedpartners": -782000000,
        "incomelossfromcontinuingoperationsperoutstandinglimitedpartnershipunitbasicnetoftax": -0.29,
        "incomelossfromcontinuingoperationsnetoftaxperoutstandinglimitedpartnershipunitdiluted": -0.29,
        "netincomelossperoutstandinglimitedpartnershipunitbasicnetoftax": -0.29,
        "netincomelossnetoftaxperoutstandinglimitedpartnershipunitdiluted": -0.29,
        "othercomprehensiveincomelossreclassificationadjustmentfromaocipensionandotherpostretirementbenefitplansfornetgainlossnetoftax": -4000000,
        "othercomprehensiveincomeforeigncurrencytransactionandtranslationadjustmentnetoftaxportionattributabletoparent": 18000000,
        "othercomprehensiveincomelossnetoftax": 26000000,
        "comprehensiveincomenetoftaxincludingportionattributabletononcontrollinginterest": -375000000,
        "comprehensiveincomenetoftaxattributabletononcontrollinginterest": 369000000,
        "comprehensiveincomenetoftax": -756000000
    },
    {
        "date": "2020-06-29",
        "symbol": "ET",
        "period": "Q2",
        "profitloss": 672000000,
        "othercomprehensiveincomelossreclassificationadjustmentfromaocipensionandotherpostretirementbenefitplansfornetgainlossnetoftax": -8000000,
        "othercomprehensiveincomeforeigncurrencytransactionandtranslationadjustmentnetoftaxportionattributabletoparent": 30000000,
        "changeinothercomprehensiveincomefromequityinvestments": 0,
        "othercomprehensiveincomelossnetoftax": 47000000,
        "comprehensiveincomenetoftaxincludingportionattributabletononcontrollinginterest": 719000000,
        "comprehensiveincomenetoftaxattributabletononcontrollinginterest": 306000000,
        "netincomelossattributabletoredeemablenoncontrollinginterest": 13000000,
        "comprehensiveincomenetoftax": 400000000,
        "revenuefromcontractwithcustomerincludingassessedtax": 2000000000,
        "revenues": 7338000000,
        "costofgoodsandservicessold": 4117000000,
        "operatingcostsandexpenses": 770000000,
        "depreciationandamortization": 936000000,
        "sellinggeneralandadministrativeexpense": 175000000,
        "assetimpairmentcharges": 4000000,
        "costsandexpenses": 6002000000,
        "operatingincomeloss": 1336000000,
        "interestexpense": 579000000,
        "incomelossfromequitymethodinvestments": 85000000,
        "gainslossesonextinguishmentofdebt": 0,
        "gainlossoninterestratederivativeinstrumentsnotdesignatedashedginginstruments": -3000000,
        "othernonoperatingincomeexpense": -68000000,
        "incomelossfromcontinuingoperationsbeforeincometaxesextraordinaryitemsnoncontrollinginterest": 771000000,
        "incometaxexpensebenefit": 99000000,
        "netincomelossattributabletononcontrollinginterest": 306000000,
        "netincomeloss": 353000000,
        "netincomelossallocatedtogeneralpartners": 0,
        "netincomelossallocatedtolimitedpartners": 353000000,
        "incomelossfromcontinuingoperationsperoutstandinglimitedpartnershipunitbasicnetoftax": 0.13,
        "incomelossfromcontinuingoperationsnetoftaxperoutstandinglimitedpartnershipunitdiluted": 0.13,
        "netincomelossperoutstandinglimitedpartnershipunitbasicnetoftax": 0.13,
        "netincomelossnetoftaxperoutstandinglimitedpartnershipunitdiluted": 0.13
    },
    {
        "date": "2020-03-30",
        "symbol": "ET",
        "period": "Q1",
        "profitloss": -964000000,
        "othercomprehensiveincomelossavailableforsalesecuritiesadjustmentnetoftax": -9000000,
        "othercomprehensiveincomelossreclassificationadjustmentfromaocipensionandotherpostretirementbenefitplansfornetgainlossnetoftax": -3000000,
        "othercomprehensiveincomeforeigncurrencytransactionandtranslationadjustmentnetoftaxportionattributabletoparent": -64000000,
        "changeinothercomprehensiveincomefromequityinvestments": -16000000,
        "othercomprehensiveincomelossnetoftax": -86000000,
        "comprehensiveincomenetoftaxincludingportionattributabletononcontrollinginterest": -1050000000,
        "comprehensiveincomenetoftaxattributabletononcontrollinginterest": -121000000,
        "othercomprehensiveincomeportionattributabletoredeemablenoncontrollinginterest": 12000000,
        "comprehensiveincomenetoftax": -941000000,
        "revenuefromcontractwithcustomerincludingassessedtax": 3232000000,
        "revenues": 11627000000,
        "costofgoodsandservicessold": 8291000000,
        "operatingcostsandexpenses": 879000000,
        "depreciationandamortization": 867000000,
        "sellinggeneralandadministrativeexpense": 204000000,
        "assetimpairmentcharges": 1325000000,
        "costsandexpenses": 11566000000,
        "operatingincomeloss": 61000000,
        "interestexpense": 602000000,
        "incomelossfromequitymethodinvestments": -7000000,
        "gainslossesonextinguishmentofdebt": -62000000,
        "gainlossoninterestratederivativeinstrumentsnotdesignatedashedginginstruments": -329000000,
        "othernonoperatingincomeexpense": 3000000,
        "incomelossfromcontinuingoperationsbeforeincometaxesextraordinaryitemsnoncontrollinginterest": -936000000,
        "incometaxexpensebenefit": 28000000,
        "netincomelossattributabletononcontrollinginterest": -121000000,
        "netincomelossattributabletoredeemablenoncontrollinginterest": 12000000,
        "netincomeloss": -855000000,
        "netincomelossallocatedtogeneralpartners": -1000000,
        "netincomelossallocatedtolimitedpartners": -854000000,
        "incomelossfromcontinuingoperationsperoutstandinglimitedpartnershipunitbasicnetoftax": -0.32,
        "incomelossfromcontinuingoperationsnetoftaxperoutstandinglimitedpartnershipunitdiluted": -0.32,
        "netincomelossperoutstandinglimitedpartnershipunitbasicnetoftax": -0.32,
        "netincomelossnetoftaxperoutstandinglimitedpartnershipunitdiluted": -0.32
    },
    {
        "date": "2013-06-29",
        "symbol": "ET",
        "period": "Q2",
        "profitloss": 338000000,
        "othercomprehensiveincomelossreclassificationadjustmentonderivativesincludedinnetincomenetoftax": -1000000,
        "othercomprehensiveincomelossderivativesqualifyingashedgesnetoftax": 6000000,
        "othercomprehensiveincomelossavailableforsalesecuritiesadjustmentnetoftax": -1000000,
        "othercomprehensiveincomereclassificationofdefinedbenefitplansnetgainlossrecognizedinnetperiodicbenefitcostnetoftax": 2000000,
        "changeinothercomprehensiveincomefromequityinvestments": -3000000,
        "othercomprehensiveincomelossnetoftax": 3000000,
        "comprehensiveincomenetoftaxincludingportionattributabletononcontrollinginterest": 341000000,
        "comprehensiveincomenetoftaxattributabletononcontrollinginterest": 209000000,
        "comprehensiveincomenetoftax": 132000000,
        "naturalgassales": 864000000,
        "nglsales": 787000000,
        "oilandgassalesrevenue": 3992000000,
        "naturalgasmidstreamrevenue": 815000000,
        "refiningandmarketingrevenue": 4650000000,
        "othersalesrevenuenet": 955000000,
        "revenues": 11551000000,
        "costofgoodssold": 10565000000,
        "operatingcostsandexpenses": 375000000,
        "depreciationandamortization": 318000000,
        "sellinggeneralandadministrativeexpense": 23000000,
        "costsandexpenses": 11419000000,
        "operatingincomeloss": 644000000,
        "interestexpense": 53000000,
        "incomelossfromequitymethodinvestments": 198000000,
        "gainslossesonextinguishmentofdebt": -7000000,
        "increasedecreaseinfairvalueofunhedgedderivativeinstruments": 6000000,
        "othernonoperatingincomeexpense": -2000000,
        "incomelossfromcontinuingoperationsbeforeincometaxesextraordinaryitemsnoncontrollinginterest": 418000000,
        "incometaxexpensebenefit": -1000000,
        "incomelossfromcontinuingoperationsincludingportionattributabletononcontrollinginterest": 329000000,
        "incomelossfromdiscontinuedoperationsnetoftax": 9000000,
        "netincomelossattributabletononcontrollinginterest": 211000000,
        "netincomeloss": 127000000,
        "netincomelossallocatedtolimitedpartners": 127000000,
        "incomelossfromcontinuingoperationsperoutstandinglimitedpartnershipunit": 0.44,
        "incomelossfromcontinuingoperationsperoutstandinglimitedpartnershipunitdiluted": 0.44,
        "netincomelossperoutstandinglimitedpartnershipunit": 0.45,
        "netincomelossperoutstandinglimitedpartnershipunitdiluted": 0.45
    },
    {
        "date": "2011-09-29",
        "symbol": "ET",
        "period": "Q3",
        "profitloss": 30849000,
        "othercomprehensiveincomereclassificationadjustmentonderivativesincludedinnetincometax": -288000,
        "othercomprehensiveincomederivativesqualifyingashedgesnetoftaxperiodincreasedecrease": 16412000,
        "othercomprehensiveincomeavailableforsalesecuritiesadjustmentnetoftaxperiodincreasedecrease": -900000,
        "othercomprehensiveincomelossnetoftaxperiodincreasedecrease": 15800000,
        "comprehensiveincomenetoftaxincludingportionattributabletononcontrollinginterest": 76499000,
        "comprehensiveincomenetoftaxattributabletononcontrollinginterest": 4323000,
        "comprehensiveincomenetoftax": 72176000,
        "gasgatheringtransportationmarketingandprocessingrevenue": 1858656000,
        "propanerevenue": 213496000,
        "othersalesrevenuenet": 25714000,
        "revenues": 390267000,
        "gasgatheringtransportationmarketingandprocessingcosts": 1203537000,
        "propanecosts": 141868000,
        "othercostofoperatingrevenue": 7632000,
        "operatingcostsandexpenses": 234282000,
        "depreciationandamortization": 157952000,
        "sellinggeneralandadministrativeexpense": 11667000,
        "costsandexpenses": 1827858000,
        "operatingincomeloss": 270008000,
        "interestexpense": 40819000,
        "incomelossfromequitymethodinvestments": 102565000,
        "increasedecreaseinfairvalueofunhedgedderivativeinstruments": -68497000,
        "impairmentofinvestments": 5355000,
        "othernonoperatingincomeexpense": 19068000,
        "incomelossfromcontinuingoperationsbeforeincometaxesextraordinaryitemsnoncontrollinginterest": 63989000,
        "incometaxexpensebenefit": 64000,
        "incomelossfromcontinuingoperations": 60699000,
        "netincomelossattributabletononcontrollinginterest": -8384000,
        "netincomeloss": 69083000,
        "netincomelossallocatedtogeneralpartners": -214000,
        "netincomelossallocatedtolimitedpartners": 68869000,
        "netincomelossperoutstandinglimitedpartnershipunit": 0.31,
        "weightedaveragelimitedpartnershipunitsoutstanding": 222972708,
        "netincomelossperoutstandinglimitedpartnershipunitdiluted": 0.31,
        "weightedaveragelimitedpartnershipunitsoutstandingdiluted": 222972708
    },
    {
        "date": "2011-06-29",
        "symbol": "ET",
        "period": "Q2",
        "gasgatheringtransportationmarketingandprocessingrevenue": 1728951000,
        "propanerevenue": 220296000,
        "othersalesrevenuenet": 25659000,
        "revenues": 354816000,
        "gasgatheringtransportationmarketingandprocessingcosts": 1122857000,
        "propanecosts": 134728000,
        "othercostofoperatingrevenue": 6567000,
        "operatingcostsandexpenses": 222717000,
        "depreciationandamortization": 148530000,
        "sellinggeneralandadministrativeexpense": 12037000,
        "costsandexpenses": 1714345000,
        "operatingincomeloss": 260561000,
        "interestexpense": 40587000,
        "incomelossfromequitymethodinvestments": 120626000,
        "gainlossondispositionofassets": -681000,
        "increasedecreaseinfairvalueofunhedgedderivativeinstruments": 1883000,
        "othernonoperatingincomeexpense": -1653000,
        "incomebeforeincometaxexpense": 111876000,
        "incometaxexpensebenefit": 64000,
        "incomelossfromcontinuingoperations": 106652000,
        "profitloss": 14837000,
        "netincomelossattributabletononcontrollinginterest": 40367000,
        "netincomeloss": 66285000,
        "netincomelossallocatedtogeneralpartners": -205000,
        "netincomelossallocatedtolimitedpartners": 66080000,
        "netincomelossperoutstandinglimitedpartnershipunit": 0.3,
        "weightedaveragelimitedpartnershipunitsoutstanding": 222972708,
        "netincomelossperoutstandinglimitedpartnershipunitdiluted": 0.3,
        "weightedaveragelimitedpartnershipunitsoutstandingdiluted": 222972708,
        "othercomprehensiveincomereclassificationadjustmentonderivativesincludedinnetincometax": -123000,
        "othercomprehensiveincomederivativesqualifyingashedgesnetoftaxperiodincreasedecrease": 3829000,
        "othercomprehensiveincomeavailableforsalesecuritiesadjustmentnetoftaxperiodincreasedecrease": -643000,
        "othercomprehensiveincomelossnetoftaxperiodincreasedecrease": 3309000,
        "comprehensiveincomenetoftaxincludingportionattributabletononcontrollinginterest": 109961000,
        "comprehensiveincomenetoftaxattributabletononcontrollinginterest": 43250000,
        "comprehensiveincomenetoftax": 66711000
    },
    {
        "date": "2011-03-30",
        "symbol": "ET",
        "period": "Q1",
        "gasgatheringtransportationmarketingandprocessingrevenue": 1428957000,
        "propanerevenue": 528466000,
        "othersalesrevenuenet": 31697000,
        "revenues": 1989120000,
        "gasgatheringtransportationmarketingandprocessingcosts": 883769000,
        "propanecosts": 310864000,
        "othercostofoperatingrevenue": 6793000,
        "operatingcostsandexpenses": 220696000,
        "depreciationandamortization": 139256000,
        "sellinggeneralandadministrativeexpense": 63499000,
        "costsandexpenses": 1624877000,
        "operatingincomeloss": 364243000,
        "interestexpense": 167929000,
        "incomelossfromequitymethodinvestments": 25441000,
        "gainlossondispositionofassets": -1754000,
        "increasedecreaseinfairvalueofunhedgedderivativeinstruments": 1520000,
        "othernonoperatingincomeexpense": -12526000,
        "incomebeforeincometaxexpense": 208995000,
        "incometaxexpensebenefit": 9903000,
        "profitloss": 88366000,
        "netincomelossattributabletononcontrollinginterest": 110452000,
        "netincomeloss": 88640000,
        "netincomelossallocatedtogeneralpartners": -274000,
        "netincomelossallocatedtolimitedpartners": 88366000,
        "netincomelossperoutstandinglimitedpartnershipunit": 0.4,
        "weightedaveragelimitedpartnershipunitsoutstanding": 222954674,
        "netincomelossperoutstandinglimitedpartnershipunitdiluted": 0.4,
        "weightedaveragelimitedpartnershipunitsoutstandingdiluted": 222954674,
        "othercomprehensiveincomereclassificationadjustmentonderivativesincludedinnetincometax": 13539000,
        "othercomprehensiveincomederivativesqualifyingashedgesnetoftaxperiodincreasedecrease": -10838000,
        "othercomprehensiveincomeavailableforsalesecuritiesadjustmentnetoftaxperiodincreasedecrease": 608000,
        "othercomprehensiveincomelossnetoftaxperiodincreasedecrease": -5580000,
        "comprehensiveincomenetoftaxincludingportionattributabletononcontrollinginterest": 175323000,
        "comprehensiveincomenetoftaxattributabletononcontrollinginterest": 92263000,
        "comprehensiveincomenetoftax": 83060000
    },
    {
        "date": "2010-06-29",
        "symbol": "ET",
        "period": "Q2",
        "gasgatheringtransportationmarketingandprocessingrevenue": 1146769000,
        "propanerevenue": 197147000,
        "othersalesrevenuenet": 24613000,
        "revenues": 1368529000,
        "gasgatheringtransportationmarketingandprocessingcosts": 727742000,
        "propanecosts": 110282000,
        "othercostofoperatingrevenue": 6336000,
        "operatingcostsandexpenses": 181285000,
        "depreciationandamortization": 98485000,
        "sellinggeneralandadministrativeexpense": 65038000,
        "costsandexpenses": 1189168000,
        "operatingincomeloss": 179361000,
        "interestexpense": 129063000,
        "incomelossfromequitymethodinvestments": 12193000,
        "gainlossondispositionofassets": 1375000,
        "increasedecreaseinfairvalueofunhedgedderivativeinstruments": -22468000,
        "allowanceforequityfundsusedduringconstruction": 4298000,
        "impairmentofinvestments": 52620000,
        "othernonoperatingincomeexpense": -9502000,
        "incomebeforeincometaxes": -16426000,
        "incometaxexpensebenefit": 4053000,
        "profitloss": -20479000,
        "netincomelossattributabletononcontrollinginterest": -39747000,
        "netincomeloss": 19268000,
        "netincomelossallocatedtogeneralpartners": -60000,
        "netincomelossallocatedtolimitedpartners": 19208000,
        "netincomelossperoutstandinglimitedpartnershipunit": 0.09,
        "weightedaveragelimitedpartnershipunitsoutstanding": 222941172000,
        "netincomelossperoutstandinglimitedpartnershipunitdiluted": 0.09,
        "weightedaveragelimitedpartnershipunitsoutstandingdiluted": 222941172000,
        "othercomprehensiveincomereclassificationadjustmentonderivativesincludedinnetincometax": -1725000,
        "othercomprehensiveincomederivativesqualifyingashedgesnetoftaxperiodincreasedecrease": -19303000,
        "othercomprehensiveincomeavailableforsalesecuritiesadjustmentnetoftaxperiodincreasedecrease": -724000,
        "othercomprehensiveincomelossnetoftaxperiodincreasedecrease": -18302000,
        "comprehensiveincomenetoftaxincludingportionattributabletononcontrollinginterest": -38781000,
        "comprehensiveincomenetoftaxattributabletononcontrollinginterest": -50410000,
        "comprehensiveincomenetoftax": 11629000
    }
]