[
    {
        "date": "2024-03-30",
        "symbol": "LH",
        "period": "Q4",
        "netrestructuringandotherspecialcharges": 5000000,
        "operatingincomeloss": 321300000,
        "interestexpense": 46900000,
        "incomelossfromequitymethodinvestments": 100000,
        "investmentincomenet": 2900000,
        "othernonoperatingincomeexpense": 20000000,
        "incomelossfromcontinuingoperationsbeforeincometaxesandnoncontrollinginterest": 297400000,
        "incometaxexpensebenefit": 69100000,
        "incomelossfromcontinuingoperationsincludingportionattributabletononcontrollinginterest": 228300000,
        "profitloss": 228300000,
        "netincomelossattributabletononcontrollinginterest": 300000,
        "netincomeloss": 228000000,
        "incomelossfromcontinuingoperationsperbasicshare": 2.71,
        "earningspersharebasic": 2.71,
        "earningspersharediluted": 2.69,
        "revenues": 3176600000,
        "costofrevenue": 2279300000,
        "grossprofit": 897300000,
        "sellinggeneralandadministrativeexpense": 508400000,
        "amortizationofintangibleassets": 60100000,
        "assetimpairmentcharges": 2500000,
        "incomelossfromcontinuingoperationsperdilutedshare": 2.69,
        "othercomprehensiveincomelossforeigncurrencytransactionandtranslationadjustmentbeforetax": -124300000,
        "othercomprehensiveincomelosspensionandotherpostretirementbenefitplansadjustmentbeforetax": 2400000,
        "othercomprehensiveincomelossbeforetax": -126700000,
        "othercomprehensiveincomelosstax": -600000,
        "othercomprehensiveincomelossnetoftax": -126100000,
        "comprehensiveincomenetoftaxincludingportionattributabletononcontrollinginterest": 102200000,
        "comprehensiveincomenetoftax": 101900000
    },
    {
        "date": "2023-12-30",
        "symbol": "LH",
        "period": "FY",
        "revenues": 12161600000,
        "costofrevenue": 8796700000,
        "grossprofit": 3364900000,
        "sellinggeneralandadministrativeexpense": 2021400000,
        "amortizationofintangibleassets": 219800000,
        "goodwillandintangibleassetimpairment": 349000000,
        "netrestructuringandotherspecialcharges": 49100000,
        "operatingincomeloss": 725600000,
        "interestexpense": 199600000,
        "incomelossfromequitymethodinvestments": -1400000,
        "investmentincomenet": 28800000,
        "othernonoperatingincomeexpense": 15500000,
        "incometaxexpensebenefit": 188500000,
        "profitloss": 419200000,
        "netincomelossattributabletononcontrollinginterest": 1200000,
        "netincomeloss": 418000000,
        "incomelossfromcontinuingoperationsperbasicshare": 4.35,
        "earningspersharebasic": 4.8,
        "incomelossfromcontinuingoperationsbeforeincometaxesandnoncontrollinginterest": 568900000,
        "incomelossfromcontinuingoperationsincludingportionattributabletononcontrollinginterest": 380400000,
        "incomelossfromdiscontinuedoperationsnetoftax": 38800000,
        "discontinuedoperationincomelossfromdiscontinuedoperationnetoftaxperbasicshare": 0.45,
        "incomelossfromcontinuingoperationsperdilutedshare": 4.33,
        "discontinuedoperationincomelossfromdiscontinuedoperationnetoftaxperdilutedshare": 0.44,
        "earningspersharediluted": 4.77,
        "othercomprehensiveincomelossforeigncurrencytransactionandtranslationadjustmentbeforetax": 183100000,
        "othercomprehensiveincomelosspensionandotherpostretirementbenefitplansadjustmentbeforetax": -14600000,
        "othercomprehensiveincomelossbeforetax": 197700000,
        "othercomprehensiveincomelosstax": 1800000,
        "othercomprehensiveincomelossnetoftax": 195900000,
        "comprehensiveincomenetoftaxincludingportionattributabletononcontrollinginterest": 615100000,
        "comprehensiveincomenetoftaxattributabletononcontrollinginterest": 1200000,
        "comprehensiveincomenetoftax": 613900000,
        "stockholdersequitynotespinofftransaction": -1970000000
    },
    {
        "date": "2023-06-29",
        "symbol": "LH",
        "period": "Q2",
        "netrestructuringandotherspecialcharges": 15800000,
        "operatingincomeloss": -177900000,
        "interestexpense": 49800000,
        "incomelossfromequitymethodinvestments": 900000,
        "investmentincomenet": 4500000,
        "othernonoperatingincomeexpense": -16900000,
        "incomelossfromcontinuingoperationsbeforeincometaxesandnoncontrollinginterest": 205000000,
        "incometaxexpensebenefit": 49800000,
        "incomelossfromcontinuingoperationsincludingportionattributabletononcontrollinginterest": 155200000,
        "profitloss": 189100000,
        "netincomelossattributabletononcontrollinginterest": 200000,
        "netincomeloss": 188900000,
        "incomelossfromcontinuingoperationsperbasicshare": 1.75,
        "discontinuedoperationincomelossfromdiscontinuedoperationnetoftaxperbasicshare": 0.38,
        "earningspersharebasic": 2.13,
        "earningspersharediluted": 2.12,
        "revenues": 6100000,
        "costofrevenue": 2191500000,
        "grossprofit": 842200000,
        "sellinggeneralandadministrativeexpense": 505800000,
        "amortizationofintangibleassets": 51500000,
        "assetimpairmentcharges": 2800000,
        "incomelossfromdiscontinuedoperationsnetoftax": 33900000,
        "incomelossfromcontinuingoperationsperdilutedshare": 1.74,
        "discontinuedoperationincomelossfromdiscontinuedoperationnetoftaxperdilutedshare": 0.38,
        "othercomprehensiveincomelossforeigncurrencytransactionandtranslationadjustmentbeforetax": 51700000,
        "othercomprehensiveincomelosspensionandotherpostretirementbenefitplansadjustmentbeforetax": -1100000,
        "othercomprehensiveincomelossbeforetax": 52800000,
        "othercomprehensiveincomelosstax": 300000,
        "othercomprehensiveincomelossnetoftax": 52500000,
        "comprehensiveincomenetoftaxincludingportionattributabletononcontrollinginterest": 241600000,
        "comprehensiveincomenetoftax": 241400000
    },
    {
        "date": "2023-03-30",
        "symbol": "LH",
        "period": "Q1",
        "netrestructuringandotherspecialcharges": 8600000,
        "operatingincomeloss": -144300000,
        "interestexpense": 50700000,
        "incomelossfromequitymethodinvestments": -2100000,
        "investmentincomenet": 2200000,
        "othernonoperatingincomeexpense": -12600000,
        "incomelossfromcontinuingoperationsbeforeincometaxesandnoncontrollinginterest": 277800000,
        "incometaxexpensebenefit": 64500000,
        "profitloss": 213300000,
        "netincomelossattributabletononcontrollinginterest": 400000,
        "netincomeloss": 212900000,
        "revenues": 6200000,
        "costofrevenue": 2803200000,
        "grossprofit": 974700000,
        "sellinggeneralandadministrativeexpense": 553600000,
        "amortizationofintangibleassets": 69300000,
        "assetimpairmentcharges": 2200000,
        "earningspersharebasic": 2.41,
        "earningspersharediluted": 2.39,
        "othercomprehensiveincomelossforeigncurrencytransactionandtranslationadjustmentbeforetax": 48100000,
        "othercomprehensiveincomelosspensionandotherpostretirementbenefitplansadjustmentbeforetax": -1200000,
        "othercomprehensiveincomelossbeforetax": 49300000,
        "othercomprehensiveincomelosstax": 300000,
        "othercomprehensiveincomelossnetoftax": 49000000,
        "comprehensiveincomenetoftaxincludingportionattributabletononcontrollinginterest": 262300000,
        "comprehensiveincomenetoftax": 261899999.99999997
    },
    {
        "date": "2022-12-30",
        "symbol": "LH",
        "period": "Q4",
        "revenues": 10559800000,
        "costofrevenue": 2704400000,
        "grossprofit": 969800000,
        "sellinggeneralandadministrativeexpense": 536500000,
        "amortizationofintangibleassets": 60600000.00000001,
        "netrestructuringandotherspecialcharges": 11700000,
        "operatingincomeloss": 1980000000,
        "interestexpense": 49300000,
        "incomelossfromequitymethodinvestments": -1100000,
        "investmentincomenet": 1700000,
        "othernonoperatingincomeexpense": 2500000,
        "incometaxexpensebenefit": -31900000,
        "profitloss": 76400000,
        "netincomelossattributabletononcontrollinginterest": 300000,
        "netincomeloss": 76100000,
        "othercomprehensiveincomelossforeigncurrencytransactionandtranslationadjustmentbeforetax": 235800000,
        "othercomprehensiveincomelosspensionandotherpostretirementbenefitplansadjustmentbeforetax": -40600000,
        "othercomprehensiveincomelossbeforetax": 276400000,
        "othercomprehensiveincomelosstax": 8600000,
        "othercomprehensiveincomelossnetoftax": 267800000,
        "comprehensiveincomenetoftaxincludingportionattributabletononcontrollinginterest": 344200000,
        "comprehensiveincomenetoftax": 343900000
    },
    {
        "date": "2022-09-29",
        "symbol": "LH",
        "period": "Q3",
        "netrestructuringandotherspecialcharges": 15100000,
        "operatingincomeloss": -66000000,
        "interestexpense": 46300000,
        "incomelossfromequitymethodinvestments": 1700000,
        "investmentincomenet": 4100000,
        "othernonoperatingincomeexpense": -7300000,
        "incomelossfromcontinuingoperationsbeforeincometaxesandnoncontrollinginterest": 421600000,
        "incometaxexpensebenefit": 68400000,
        "profitloss": 353200000,
        "netincomelossattributabletononcontrollinginterest": 400000,
        "netincomeloss": 352800000,
        "revenues": 1405800000,
        "costofrevenue": 2546400000,
        "grossprofit": 1059700000,
        "sellinggeneralandadministrativeexpense": 510000000,
        "amortizationofintangibleassets": 65200000.00000001,
        "earningspersharebasic": 3.92,
        "earningspersharediluted": 3.91,
        "othercomprehensiveincomelossforeigncurrencytransactionandtranslationadjustmentbeforetax": -256500000,
        "othercomprehensiveincomelosspensionandotherpostretirementbenefitplansadjustmentbeforetax": -1300000,
        "othercomprehensiveincomelossbeforetax": -255200000,
        "othercomprehensiveincomelosstax": 300000,
        "othercomprehensiveincomelossnetoftax": -255500000,
        "comprehensiveincomenetoftaxincludingportionattributabletononcontrollinginterest": 97700000,
        "comprehensiveincomenetoftax": 97300000
    },
    {
        "date": "2022-06-29",
        "symbol": "LH",
        "period": "Q2",
        "netrestructuringandotherspecialcharges": 44400000,
        "operatingincomeloss": -80500000,
        "interestexpense": 42500000,
        "incomelossfromequitymethodinvestments": 1400000,
        "investmentincomenet": 2000000,
        "othernonoperatingincomeexpense": -10400000,
        "incomelossfromcontinuingoperationsbeforeincometaxesandnoncontrollinginterest": 476400000,
        "incometaxexpensebenefit": 117500000,
        "profitloss": 358900000,
        "netincomelossattributabletononcontrollinginterest": 300000,
        "netincomeloss": 358600000,
        "revenues": 1451900000,
        "costofrevenue": 2574200000,
        "grossprofit": 1122700000,
        "sellinggeneralandadministrativeexpense": 486000000,
        "amortizationofintangibleassets": 66400000.00000001,
        "assetimpairmentcharges": 0,
        "earningspersharebasic": 3.9000000000000004,
        "earningspersharediluted": 3.879999999999999,
        "othercomprehensiveincomelossforeigncurrencytransactionandtranslationadjustmentbeforetax": -241100000,
        "othercomprehensiveincomelosspensionandotherpostretirementbenefitplansadjustmentbeforetax": -700000,
        "othercomprehensiveincomelossbeforetax": -240400000,
        "othercomprehensiveincomelosstax": 200000,
        "othercomprehensiveincomelossnetoftax": -240600000,
        "comprehensiveincomenetoftaxincludingportionattributabletononcontrollinginterest": 118300000,
        "comprehensiveincomenetoftax": 118000000
    },
    {
        "date": "2022-03-30",
        "symbol": "LH",
        "period": "Q1",
        "netrestructuringandotherspecialcharges": 12600000,
        "operatingincomeloss": -59600000,
        "interestexpense": 42200000,
        "incomelossfromequitymethodinvestments": 3400000,
        "investmentincomenet": 1100000,
        "othernonoperatingincomeexpense": -10100000,
        "incomelossfromcontinuingoperationsbeforeincometaxesandnoncontrollinginterest": 640100000,
        "incometaxexpensebenefit": 148000000,
        "profitloss": 492100000,
        "netincomelossattributabletononcontrollinginterest": 500000,
        "netincomeloss": 491600000,
        "revenues": 1459300000,
        "costofrevenue": 2666700000,
        "grossprofit": 1232900000,
        "sellinggeneralandadministrativeexpense": 464100000,
        "amortizationofintangibleassets": 67099999.99999999,
        "assetimpairmentcharges": 1200000,
        "earningspersharebasic": 5.27,
        "earningspersharediluted": 5.23,
        "othercomprehensiveincomelossforeigncurrencytransactionandtranslationadjustmentbeforetax": -74600000,
        "othercomprehensiveincomelosspensionandotherpostretirementbenefitplansadjustmentbeforetax": -2200000,
        "othercomprehensiveincomelossbeforetax": -72400000,
        "othercomprehensiveincomelosstax": 600000,
        "othercomprehensiveincomelossnetoftax": -73000000,
        "comprehensiveincomenetoftaxincludingportionattributabletononcontrollinginterest": 419100000,
        "comprehensiveincomenetoftax": 418600000
    },
    {
        "date": "2021-12-30",
        "symbol": "LH",
        "period": "Q4",
        "revenues": 9124900000,
        "costofrevenue": 2681100000,
        "grossprofit": 1375000000,
        "sellinggeneralandadministrativeexpense": 543700000,
        "amortizationofintangibleassets": 92900000,
        "netrestructuringandotherspecialcharges": 7800000,
        "operatingincomeloss": 2587000000,
        "interestexpense": 43100000,
        "incomelossfromequitymethodinvestments": 5600000,
        "investmentincomenet": 1900000,
        "othernonoperatingincomeexpense": -9000000,
        "incometaxexpensebenefit": 132400000,
        "profitloss": 553600000,
        "netincomelossattributabletononcontrollinginterest": 600000,
        "netincomeloss": 553000000,
        "othercomprehensiveincomelossforeigncurrencytransactionandtranslationadjustmentbeforetax": 10000000,
        "othercomprehensiveincomelosspensionandotherpostretirementbenefitplansadjustmentbeforetax": -84000000,
        "othercomprehensiveincomelossbeforetax": 94000000,
        "othercomprehensiveincomelosstax": 15000000,
        "othercomprehensiveincomelossnetoftax": 79000000,
        "comprehensiveincomenetoftaxincludingportionattributabletononcontrollinginterest": 632600000,
        "comprehensiveincomenetoftax": 632000000
    },
    {
        "date": "2021-09-29",
        "symbol": "LH",
        "period": "Q3",
        "netrestructuringandotherspecialcharges": 6500000,
        "operatingincomeloss": 766900000,
        "interestexpense": 42200000,
        "incomelossfromequitymethodinvestments": 8400000,
        "investmentincomenet": 3200000,
        "othernonoperatingincomeexpense": 31900000,
        "incomelossfromcontinuingoperationsbeforeincometaxesandnoncontrollinginterest": 768200000,
        "incometaxexpensebenefit": 180400000,
        "profitloss": 587800000,
        "netincomelossattributabletononcontrollinginterest": 500000,
        "netincomeloss": 587300000,
        "revenues": 4062600000,
        "costofrevenue": 2677100000,
        "grossprofit": 1385500000,
        "sellinggeneralandadministrativeexpense": 519900000,
        "amortizationofintangibleassets": 92200000,
        "earningspersharebasic": 6.1,
        "earningspersharediluted": 6.05,
        "othercomprehensiveincomelossforeigncurrencytransactionandtranslationadjustmentbeforetax": -91600000,
        "othercomprehensiveincomelosspensionandotherpostretirementbenefitplansadjustmentbeforetax": -2600000,
        "othercomprehensiveincomelossbeforetax": -89000000,
        "othercomprehensiveincomelosstax": 700000,
        "othercomprehensiveincomelossnetoftax": -89700000,
        "comprehensiveincomenetoftaxincludingportionattributabletononcontrollinginterest": 498100000,
        "comprehensiveincomenetoftax": 497600000
    },
    {
        "date": "2021-06-29",
        "symbol": "LH",
        "period": "Q2",
        "netrestructuringandotherspecialcharges": 9600000,
        "revenues": 1495200000,
        "costofrevenue": 2575900000,
        "grossprofit": 1264800000,
        "sellinggeneralandadministrativeexpense": 458700000,
        "amortizationofintangibleassets": 92400000,
        "operatingincomeloss": -46800000,
        "interestexpense": 78300000,
        "incomelossfromequitymethodinvestments": 8000000,
        "investmentincomenet": 2700000,
        "othernonoperatingincomeexpense": 14100000,
        "incomelossfromcontinuingoperationsbeforeincometaxesandnoncontrollinginterest": 650600000,
        "incometaxexpensebenefit": 182600000,
        "profitloss": 468000000,
        "netincomelossattributabletononcontrollinginterest": 600000,
        "netincomeloss": 467400000,
        "earningspersharebasic": 4.8,
        "earningspersharediluted": 4.76,
        "othercomprehensiveincomelossforeigncurrencytransactionandtranslationadjustmentbeforetax": 43800000,
        "othercomprehensiveincomelosspensionandotherpostretirementbenefitplansadjustmentbeforetax": -2100000,
        "othercomprehensiveincomelossbeforetax": 45900000,
        "othercomprehensiveincomelosstax": 600000,
        "othercomprehensiveincomelossnetoftax": 45300000,
        "comprehensiveincomenetoftaxincludingportionattributabletononcontrollinginterest": 513299999.99999994,
        "comprehensiveincomenetoftax": 512700000.00000006
    },
    {
        "date": "2021-03-30",
        "symbol": "LH",
        "period": "Q1",
        "revenues": 1438200000,
        "costofrevenue": 2562500000,
        "grossprofit": 1599000000,
        "sellinggeneralandadministrativeexpense": 429800000,
        "amortizationofintangibleassets": 92100000,
        "netrestructuringandotherspecialcharges": 19200000,
        "operatingincomeloss": -47600000,
        "interestexpense": 48500000,
        "incomelossfromequitymethodinvestments": 4500000,
        "investmentincomenet": 2400000,
        "othernonoperatingincomeexpense": 5500000,
        "incomelossfromcontinuingoperationsbeforeincometaxesandnoncontrollinginterest": 1021800000,
        "incometaxexpensebenefit": 251700000,
        "profitloss": 770100000,
        "netincomelossattributabletononcontrollinginterest": 500000,
        "netincomeloss": 769600000,
        "earningspersharebasic": 7.88,
        "earningspersharediluted": 7.82,
        "othercomprehensiveincomelossforeigncurrencytransactionandtranslationadjustmentbeforetax": -66800000,
        "othercomprehensiveincomelosspensionandotherpostretirementbenefitplansadjustmentbeforetax": -3000000,
        "othercomprehensiveincomelossbeforetax": -63800000,
        "othercomprehensiveincomelosstax": 800000,
        "othercomprehensiveincomelossnetoftax": -64599999.99999999,
        "comprehensiveincomenetoftaxincludingportionattributabletononcontrollinginterest": 705500000,
        "comprehensiveincomenetoftax": 705000000
    },
    {
        "date": "2020-12-30",
        "symbol": "LH",
        "period": "Q4",
        "profitloss": 938600000,
        "othercomprehensiveincomelossforeigncurrencytransactionandtranslationadjustmentbeforetax": 211700000,
        "othercomprehensiveincomelosspensionandotherpostretirementbenefitplansadjustmentbeforetax": 73200000,
        "othercomprehensiveincomelossbeforetax": 138500000,
        "othercomprehensiveincomelosstax": -14200000,
        "othercomprehensiveincomelossnetoftax": 152700000,
        "comprehensiveincomenetoftaxincludingportionattributabletononcontrollinginterest": 1091300000,
        "comprehensiveincomenetoftax": 1091000000
    },
    {
        "date": "2020-09-29",
        "symbol": "LH",
        "period": "Q3",
        "revenues": 3896100000,
        "costofrevenue": 2336700000,
        "grossprofit": 1559400000,
        "sellinggeneralandadministrativeexpense": 419500000,
        "amortizationofintangibleassets": 62200000,
        "assetimpairmentcharges": 23500000,
        "netrestructuringandotherspecialcharges": 7100000,
        "operatingincomeloss": 1047100000,
        "interestexpense": 51400000,
        "incomelossfromequitymethodinvestments": 3000000,
        "investmentincomenet": 2600000,
        "othernonoperatingincomeexpense": -54200000,
        "incomelossfromcontinuingoperationsbeforeincometaxesandnoncontrollinginterest": 947100000,
        "incometaxexpensebenefit": 243400000,
        "profitloss": 703700000,
        "netincomelossattributabletononcontrollinginterest": 300000,
        "netincomeloss": 703400000,
        "earningspersharebasic": 7.22,
        "earningspersharediluted": 7.17,
        "othercomprehensiveincomelossforeigncurrencytransactionandtranslationadjustmentbeforetax": 132900000,
        "othercomprehensiveincomelosspensionandotherpostretirementbenefitplansadjustmentbeforetax": -2100000,
        "othercomprehensiveincomelossbeforetax": 135000000,
        "othercomprehensiveincomelosstax": 600000,
        "othercomprehensiveincomelossnetoftax": 134400000,
        "comprehensiveincomenetoftaxincludingportionattributabletononcontrollinginterest": 838100000,
        "comprehensiveincomenetoftax": 837800000
    },
    {
        "date": "2020-06-29",
        "symbol": "LH",
        "period": "Q2",
        "revenues": 4448800000,
        "costofrevenue": 2008299999.9999998,
        "grossprofit": 760500000,
        "sellinggeneralandadministrativeexpense": 396300000,
        "amortizationofintangibleassets": 60100000,
        "assetimpairmentcharges": 0,
        "netrestructuringandotherspecialcharges": 6400000,
        "operatingincomeloss": 147400000,
        "interestexpense": 52700000,
        "incomelossfromequitymethodinvestments": 1800000,
        "investmentincomenet": 2500000,
        "othernonoperatingincomeexpense": 47700000,
        "incomelossfromcontinuingoperationsbeforeincometaxesandnoncontrollinginterest": 297000000,
        "incometaxexpensebenefit": 65400000,
        "profitloss": 231600000,
        "netincomelossattributabletononcontrollinginterest": 0,
        "netincomeloss": 231600000,
        "earningspersharebasic": 2.39,
        "earningspersharediluted": 2.39,
        "othercomprehensiveincomelossforeigncurrencytransactionandtranslationadjustmentbeforetax": 67000000,
        "othercomprehensiveincomelosspensionandotherpostretirementbenefitplansadjustmentbeforetax": -2700000,
        "othercomprehensiveincomelossbeforetax": 69700000,
        "othercomprehensiveincomelosstax": 800000,
        "othercomprehensiveincomelossnetoftax": 68900000,
        "comprehensiveincomenetoftaxincludingportionattributabletononcontrollinginterest": 300500000,
        "comprehensiveincomenetoftax": 300500000
    },
    {
        "date": "2020-03-30",
        "symbol": "LH",
        "period": "Q1",
        "netrestructuringandotherspecialcharges": 25400000,
        "incometaxexpensebenefit": 49200000,
        "profitloss": -316900000,
        "othercomprehensiveincomelossforeigncurrencytransactionandtranslationadjustmentbeforetax": -147500000,
        "othercomprehensiveincomelosspensionandotherpostretirementbenefitplansadjustmentbeforetax": -2700000,
        "othercomprehensiveincomelossbeforetax": -144800000,
        "othercomprehensiveincomelosstax": 700000,
        "othercomprehensiveincomelossnetoftax": -145500000,
        "comprehensiveincomenetoftaxincludingportionattributabletononcontrollinginterest": -462400000,
        "netincomelossattributabletononcontrollinginterest": 300000,
        "comprehensiveincomenetoftax": -462700000,
        "revenues": 1143800000,
        "costofrevenue": 2095800000.0000002,
        "grossprofit": 728000000,
        "sellinggeneralandadministrativeexpense": 395500000,
        "amortizationofintangibleassets": 62300000,
        "assetimpairmentcharges": 437400000,
        "operatingincomeloss": -42300000,
        "interestexpense": 55000000,
        "incomelossfromequitymethodinvestments": -6600000,
        "investmentincomenet": 2600000,
        "othernonoperatingincomeexpense": -16100000.000000002,
        "incomelossfromcontinuingoperationsbeforeincometaxesandnoncontrollinginterest": -267700000,
        "netincomeloss": -317200000,
        "earningspersharebasic": -3.27,
        "earningspersharediluted": -3.27
    },
    {
        "date": "2019-12-30",
        "symbol": "LH",
        "period": "Q4",
        "profitloss": 227300000,
        "othercomprehensiveincomelossforeigncurrencytransactionandtranslationadjustmentbeforetax": 149800000,
        "othercomprehensiveincomelosspensionandotherpostretirementbenefitplansadjustmentbeforetax": 26100000,
        "othercomprehensiveincomelossbeforetax": 123700000,
        "othercomprehensiveincomelosstax": -6100000,
        "othercomprehensiveincomelossnetoftax": 129800000,
        "comprehensiveincomenetoftaxincludingportionattributabletononcontrollinginterest": 357100000,
        "comprehensiveincomenetoftax": 356900000,
        "interestexpense": 64400000,
        "operatingincomeloss": 1100700000,
        "revenues": 6461900000,
        "costofrevenue": 2132700000,
        "grossprofit": 820700000,
        "sellinggeneralandadministrativeexpense": 413900000,
        "amortizationofintangibleassets": 64200000,
        "netrestructuringandotherspecialcharges": 6200000,
        "incomelossfromequitymethodinvestments": 1900000,
        "investmentincomenet": 3900000,
        "othernonoperatingincomeexpense": 15000000,
        "netincomelossattributabletononcontrollinginterest": 200000,
        "netincomeloss": 227100000,
        "incometaxexpensebenefit": 65500000
    },
    {
        "date": "2019-09-29",
        "symbol": "LH",
        "period": "Q3",
        "netrestructuringandotherspecialcharges": 14200000,
        "incometaxexpensebenefit": 66400000,
        "profitloss": 221000000,
        "othercomprehensiveincomelossforeigncurrencytransactionandtranslationadjustmentbeforetax": -92600000,
        "othercomprehensiveincomelosspensionandotherpostretirementbenefitplansadjustmentbeforetax": -3200000,
        "othercomprehensiveincomelossbeforetax": -89400000,
        "othercomprehensiveincomelosstax": 900000,
        "othercomprehensiveincomelossnetoftax": -90300000,
        "comprehensiveincomenetoftaxincludingportionattributabletononcontrollinginterest": 130700000,
        "netincomelossattributabletononcontrollinginterest": 300000,
        "comprehensiveincomenetoftax": 130400000,
        "revenues": 2928500000,
        "costofrevenue": 2111200000,
        "grossprofit": 817300000,
        "sellinggeneralandadministrativeexpense": 401500000,
        "amortizationofintangibleassets": 61700000,
        "operatingincomeloss": 339900000,
        "interestexpense": 60500000,
        "incomelossfromequitymethodinvestments": 2400000,
        "investmentincomenet": 2900000,
        "othernonoperatingincomeexpense": 2700000,
        "incomelossfromcontinuingoperationsbeforeincometaxesandnoncontrollinginterest": 287400000,
        "netincomeloss": 220700000,
        "earningspersharebasic": 2.26,
        "earningspersharediluted": 2.25
    },
    {
        "date": "2019-06-29",
        "symbol": "LH",
        "period": "Q2",
        "netrestructuringandotherspecialcharges": 13600000,
        "incometaxexpensebenefit": 79300000,
        "profitloss": 190700000,
        "othercomprehensiveincomelossforeigncurrencytransactionandtranslationadjustmentbeforetax": 25600000,
        "othercomprehensiveincomelosspensionandotherpostretirementbenefitplansadjustmentbeforetax": -2800000,
        "othercomprehensiveincomelossbeforetax": 28400000,
        "othercomprehensiveincomelosstax": 800000,
        "othercomprehensiveincomelossnetoftax": 27600000,
        "comprehensiveincomenetoftaxincludingportionattributabletononcontrollinginterest": 218300000,
        "netincomelossattributabletononcontrollinginterest": 300000,
        "comprehensiveincomenetoftax": 218000000,
        "revenues": 2881700000,
        "costofrevenue": 2056900000,
        "grossprofit": 824800000,
        "sellinggeneralandadministrativeexpense": 415300000,
        "amortizationofintangibleassets": 60200000,
        "operatingincomeloss": 335700000,
        "interestexpense": 59100000,
        "incomelossfromequitymethodinvestments": 2500000,
        "investmentincomenet": 1400000,
        "othernonoperatingincomeexpense": -10500000,
        "incomelossfromcontinuingoperationsbeforeincometaxesandnoncontrollinginterest": 270000000,
        "netincomeloss": 190400000,
        "earningspersharebasic": 1.94,
        "earningspersharediluted": 1.93
    },
    {
        "date": "2019-03-30",
        "symbol": "LH",
        "period": "Q1",
        "netrestructuringandotherspecialcharges": 20600000,
        "incometaxexpensebenefit": 68800000,
        "profitloss": 185900000,
        "othercomprehensiveincomelossforeigncurrencytransactionandtranslationadjustmentbeforetax": 21600000,
        "othercomprehensiveincomelosspensionandotherpostretirementbenefitplansadjustmentbeforetax": -2700000,
        "othercomprehensiveincomelossbeforetax": 24300000,
        "othercomprehensiveincomelosstax": 700000,
        "othercomprehensiveincomelossnetoftax": 23600000,
        "comprehensiveincomenetoftaxincludingportionattributabletononcontrollinginterest": 209500000,
        "netincomelossattributabletononcontrollinginterest": 300000,
        "comprehensiveincomenetoftax": 209200000,
        "revenues": 2791200000,
        "costofrevenue": 2001500000,
        "grossprofit": 789700000,
        "sellinggeneralandadministrativeexpense": 393800000,
        "amortizationofintangibleassets": 57100000,
        "operatingincomeloss": 318200000,
        "interestexpense": 56700000,
        "incomelossfromequitymethodinvestments": 3000000,
        "investmentincomenet": 600000,
        "othernonoperatingincomeexpense": -10400000,
        "incomelossfromcontinuingoperationsbeforeincometaxesandnoncontrollinginterest": 254700000,
        "netincomeloss": 185600000,
        "earningspersharebasic": 1.88,
        "earningspersharediluted": 1.86
    },
    {
        "date": "2018-12-30",
        "symbol": "LH",
        "period": "Q4",
        "profitloss": 158300000,
        "othercomprehensiveincomelossforeigncurrencytransactionandtranslationadjustmentbeforetax": -94400000,
        "othercomprehensiveincomelosspensionandotherpostretirementbenefitplansadjustmentbeforetax": -20200000,
        "othercomprehensiveincomelossbeforetax": -74200000,
        "othercomprehensiveincomelosstax": -18900000,
        "othercomprehensiveincomelossnetoftax": -55300000,
        "comprehensiveincomenetoftaxincludingportionattributabletononcontrollinginterest": 103000000,
        "comprehensiveincomenetoftax": 102600000,
        "interestexpense": 58200000,
        "operatingincomeloss": -380200000,
        "revenues": 616500000,
        "costofrevenue": 2015100000,
        "grossprofit": 772400000,
        "sellinggeneralandadministrativeexpense": 396900000,
        "amortizationofintangibleassets": 56200000,
        "netrestructuringandotherspecialcharges": 11600000,
        "incomelossfromequitymethodinvestments": 3100000,
        "investmentincomenet": 3300000,
        "othernonoperatingincomeexpense": -41400000,
        "netincomelossattributabletononcontrollinginterest": 400000,
        "netincomeloss": 157900000,
        "incometaxexpensebenefit": 56200000
    },
    {
        "date": "2018-09-29",
        "symbol": "LH",
        "period": "Q3",
        "netrestructuringandotherspecialcharges": 10000000,
        "incometaxexpensebenefit": 180600000,
        "profitloss": 319000000,
        "othercomprehensiveincomelossforeigncurrencytransactionandtranslationadjustmentbeforetax": 300000,
        "othercomprehensiveincomelosspensionandotherpostretirementbenefitplansadjustmentbeforetax": -2900000,
        "othercomprehensiveincomelossbeforetax": 3200000,
        "othercomprehensiveincomelosstax": 4000000,
        "othercomprehensiveincomelossnetoftax": -800000,
        "comprehensiveincomenetoftaxincludingportionattributabletononcontrollinginterest": 318200000,
        "netincomelossattributabletononcontrollinginterest": 200000,
        "comprehensiveincomenetoftax": 318000000,
        "revenues": 1752000000,
        "costofrevenue": 2041400000,
        "grossprofit": 789900000,
        "sellinggeneralandadministrativeexpense": 381800000,
        "amortizationofintangibleassets": 54700000,
        "operatingincomeloss": -33900000,
        "interestexpense": 59400000,
        "incomelossfromequitymethodinvestments": 3000000,
        "investmentincomenet": 2800000,
        "othernonoperatingincomeexpense": 209800000,
        "incomelossfromcontinuingoperationsbeforeincometaxesandnoncontrollinginterest": 499600000,
        "netincomeloss": 318800000,
        "earningspersharebasic": 3.14,
        "earningspersharediluted": 3.1
    },
    {
        "date": "2018-06-29",
        "symbol": "LH",
        "period": "Q2",
        "netrestructuringandotherspecialcharges": 12200000,
        "incometaxexpensebenefit": 78600000,
        "profitloss": 234100000,
        "othercomprehensiveincomelossforeigncurrencytransactionandtranslationadjustmentbeforetax": -121900000,
        "othercomprehensiveincomelosspensionandotherpostretirementbenefitplansadjustmentbeforetax": -3300000,
        "othercomprehensiveincomelossbeforetax": -118600000,
        "othercomprehensiveincomelosstax": 7200000,
        "othercomprehensiveincomelossnetoftax": -125800000,
        "comprehensiveincomenetoftaxincludingportionattributabletononcontrollinginterest": 108300000,
        "netincomelossattributabletononcontrollinginterest": 300000,
        "comprehensiveincomenetoftax": 108000000,
        "revenues": 1814000000,
        "costofrevenue": 2031200000,
        "grossprofit": 835100000,
        "sellinggeneralandadministrativeexpense": 395200000,
        "amortizationofintangibleassets": 58500000,
        "operatingincomeloss": -35900000,
        "interestexpense": 63100000,
        "incomelossfromequitymethodinvestments": 3000000,
        "investmentincomenet": 800000,
        "othernonoperatingincomeexpense": 2800000,
        "incomelossfromcontinuingoperationsbeforeincometaxesandnoncontrollinginterest": 312700000,
        "netincomeloss": 233800000,
        "earningspersharebasic": 2.29,
        "earningspersharediluted": 2.27
    },
    {
        "date": "2018-03-30",
        "symbol": "LH",
        "period": "Q1",
        "netrestructuringandotherspecialcharges": 14300000,
        "incometaxexpensebenefit": 69000000,
        "profitloss": 172500000,
        "othercomprehensiveincomelossforeigncurrencytransactionandtranslationadjustmentbeforetax": 39400000,
        "othercomprehensiveincomelosspensionandotherpostretirementbenefitplansadjustmentbeforetax": -2900000,
        "othercomprehensiveincomelossbeforetax": 42300000,
        "othercomprehensiveincomelosstax": -10200000,
        "othercomprehensiveincomelossnetoftax": 52500000,
        "comprehensiveincomenetoftaxincludingportionattributabletononcontrollinginterest": 225000000,
        "netincomelossattributabletononcontrollinginterest": -700000,
        "comprehensiveincomenetoftax": 225700000,
        "revenues": 2848300000,
        "costofrevenue": 2069300000,
        "grossprofit": 779000000,
        "sellinggeneralandadministrativeexpense": 397000000,
        "amortizationofintangibleassets": 62300000,
        "operatingincomeloss": 305400000,
        "interestexpense": 63500000,
        "incomelossfromequitymethodinvestments": 2500000,
        "investmentincomenet": 600000,
        "othernonoperatingincomeexpense": -3500000,
        "incomelossfromcontinuingoperationsbeforeincometaxesandnoncontrollinginterest": 241500000,
        "netincomeloss": 173200000,
        "earningspersharebasic": 1.7,
        "earningspersharediluted": 1.67
    },
    {
        "date": "2017-09-29",
        "symbol": "LH",
        "period": "Q3",
        "salesrevenuenet": 1837200000,
        "netrestructuringandotherspecialcharges": 21600000,
        "incometaxexpensebenefit": 97700000,
        "profitloss": 183400000,
        "othercomprehensiveincomelossforeigncurrencytransactionandtranslationadjustmentbeforetax": 59800000,
        "othercomprehensiveincomelossreclassificationadjustmentfromaocipensionandotherpostretirementbenefitplansfornetgainlossbeforetax": 200000,
        "othercomprehensiveincomelosspensionandotherpostretirementbenefitplansadjustmentbeforetax": -2300000,
        "othercomprehensiveincomelossbeforetax": 62100000,
        "othercomprehensiveincomelosstax": 20300000,
        "othercomprehensiveincomelossnetoftax": 41800000,
        "comprehensiveincomenetoftaxincludingportionattributabletononcontrollinginterest": 225200000,
        "netincomelossattributabletononcontrollinginterest": 2800000,
        "comprehensiveincomenetoftax": 222400000,
        "reimbursementrevenue": 57300000,
        "revenues": -4942100000,
        "costofgoodsandservicessold": 1715100000,
        "costofreimbursableexpense": 57300000,
        "costofrevenue": 1772400000,
        "grossprofit": 882800000,
        "sellinggeneralandadministrativeexpense": 465300000,
        "amortizationofintangibleassets": 54600000,
        "operatingincomeloss": -37900000,
        "interestexpense": 59900000,
        "incomelossfromequitymethodinvestments": 3200000,
        "investmentincomenet": 700000,
        "othernonoperatingincomeexpense": -4200000,
        "incomelossfromcontinuingoperationsbeforeincometaxesandnoncontrollinginterest": 281100000,
        "netincomeloss": 180600000,
        "earningspersharebasic": 1.7700000000000005,
        "earningspersharediluted": 1.74
    },
    {
        "date": "2017-06-29",
        "symbol": "LH",
        "period": "Q2",
        "salesrevenuenet": 1799100000,
        "netrestructuringandotherspecialcharges": 39100000,
        "incometaxexpensebenefit": 96200000,
        "profitloss": 188900000,
        "othercomprehensiveincomelossforeigncurrencytransactionandtranslationadjustmentbeforetax": 157200000,
        "othercomprehensiveincomelossreclassificationadjustmentfromaocipensionandotherpostretirementbenefitplansfornetgainlossbeforetax": 500000,
        "othercomprehensiveincomelosspensionandotherpostretirementbenefitplansadjustmentbeforetax": -500000,
        "othercomprehensiveincomelossbeforetax": 157700000,
        "othercomprehensiveincomelosstax": 14900000,
        "othercomprehensiveincomelossnetoftax": 142800000,
        "comprehensiveincomenetoftaxincludingportionattributabletononcontrollinginterest": 331700000,
        "netincomelossattributabletononcontrollinginterest": 300000,
        "comprehensiveincomenetoftax": 331400000,
        "reimbursementrevenue": 44500000,
        "revenues": 2542900000,
        "costofgoodsandservicessold": 1636600000,
        "costofreimbursableexpense": 44500000,
        "costofrevenue": 1681100000,
        "grossprofit": 861800000,
        "sellinggeneralandadministrativeexpense": 435300000,
        "amortizationofintangibleassets": 51400000,
        "operatingincomeloss": -34300000,
        "interestexpense": 55000000,
        "incomelossfromequitymethodinvestments": 4500000,
        "investmentincomenet": 400000,
        "othernonoperatingincomeexpense": -800000,
        "incomelossfromcontinuingoperationsbeforeincometaxesandnoncontrollinginterest": 285100000,
        "netincomeloss": 188600000,
        "earningspersharebasic": 1.8399999999999999,
        "earningspersharediluted": 1.82
    },
    {
        "date": "2017-03-30",
        "symbol": "LH",
        "period": "Q1",
        "salesrevenuenet": 1717900000,
        "netrestructuringandotherspecialcharges": 3900000,
        "incometaxexpensebenefit": 87200000,
        "profitloss": 192500000,
        "othercomprehensiveincomelossforeigncurrencytransactionandtranslationadjustmentbeforetax": 59300000,
        "othercomprehensiveincomelossreclassificationadjustmentfromaocipensionandotherpostretirementbenefitplansfornetgainlossbeforetax": 500000,
        "othercomprehensiveincomelosspensionandotherpostretirementbenefitplansadjustmentbeforetax": -600000,
        "othercomprehensiveincomelossbeforetax": 59900000,
        "othercomprehensiveincomelosstax": 5900000,
        "othercomprehensiveincomelossnetoftax": 54000000,
        "comprehensiveincomenetoftaxincludingportionattributabletononcontrollinginterest": 246500000,
        "netincomelossattributabletononcontrollinginterest": 300000,
        "comprehensiveincomenetoftax": 246200000,
        "reimbursementrevenue": 38900000,
        "revenues": 2447000000,
        "costofgoodsandservicessold": 1604500000,
        "costofreimbursableexpense": 38900000,
        "costofrevenue": 1643400000,
        "grossprofit": 803600000,
        "sellinggeneralandadministrativeexpense": 419400000,
        "amortizationofintangibleassets": 47600000,
        "operatingincomeloss": -32900000,
        "interestexpense": 52400000,
        "incomelossfromequitymethodinvestments": 2300000,
        "investmentincomenet": 300000,
        "othernonoperatingincomeexpense": -3200000,
        "incomelossfromcontinuingoperationsbeforeincometaxesandnoncontrollinginterest": 279700000,
        "netincomeloss": 192200000,
        "earningspersharebasic": 1.87,
        "earningspersharediluted": 1.84
    },
    {
        "date": "2016-09-29",
        "symbol": "LH",
        "period": "Q3",
        "salesrevenuenet": 1671800000,
        "netrestructuringandotherspecialcharges": 22800000,
        "incometaxexpensebenefit": 70000000,
        "profitloss": 189600000,
        "othercomprehensiveincomelossforeigncurrencytransactionandtranslationadjustmentbeforetax": -27300000,
        "othercomprehensiveincomelossreclassificationadjustmentfromaocipensionandotherpostretirementbenefitplansfornetgainlossbeforetax": 3100000,
        "othercomprehensiveincomelosspensionandotherpostretirementbenefitplansadjustmentbeforetax": 1700000,
        "othercomprehensiveincomelossbeforetax": -29000000,
        "othercomprehensiveincomelosstax": -8400000,
        "othercomprehensiveincomelossnetoftax": -20600000,
        "comprehensiveincomenetoftaxincludingportionattributabletononcontrollinginterest": 169000000,
        "netincomelossattributabletononcontrollinginterest": 300000,
        "comprehensiveincomenetoftax": 168700000,
        "reimbursementrevenue": 42000000,
        "revenues": 2414700000,
        "costofgoodsandservicessold": 1584300000,
        "costofreimbursableexpense": 42000000,
        "costofrevenue": 1626300000,
        "grossprofit": 788400000,
        "sellinggeneralandadministrativeexpense": 404300000,
        "amortizationofintangibleassets": 41100000,
        "operatingincomeloss": -33600000,
        "interestexpense": 58200000,
        "incomelossfromequitymethodinvestments": 2600000,
        "investmentincomenet": 600000,
        "othernonoperatingincomeexpense": -5600000,
        "incomelossfromcontinuingoperationsbeforeincometaxesandnoncontrollinginterest": 259600000,
        "netincomeloss": 189300000,
        "earningspersharebasic": 1.8400000000000003,
        "earningspersharediluted": 1.7899999999999998
    },
    {
        "date": "2016-06-29",
        "symbol": "LH",
        "period": "Q2",
        "salesrevenuenet": 1659700000,
        "netrestructuringandotherspecialcharges": 6600000,
        "incometaxexpensebenefit": 114800000,
        "profitloss": 198500000,
        "othercomprehensiveincomelossforeigncurrencytransactionandtranslationadjustmentbeforetax": -95900000,
        "othercomprehensiveincomelossreclassificationadjustmentfromaocipensionandotherpostretirementbenefitplansfornetgainlossbeforetax": 11800000,
        "othercomprehensiveincomelosspensionandotherpostretirementbenefitplansadjustmentbeforetax": 2200000,
        "othercomprehensiveincomelossbeforetax": -98100000,
        "othercomprehensiveincomelosstax": 1000000,
        "othercomprehensiveincomelossnetoftax": -99100000,
        "comprehensiveincomenetoftaxincludingportionattributabletononcontrollinginterest": 99400000,
        "netincomelossattributabletononcontrollinginterest": 300000,
        "comprehensiveincomenetoftax": 99100000,
        "reimbursementrevenue": 48700000,
        "revenues": 2652300000,
        "costofgoodsandservicessold": 1555200000,
        "costofreimbursableexpense": 48700000,
        "costofrevenue": 1603900000,
        "grossprofit": 826800000,
        "sellinggeneralandadministrativeexpense": 408000000,
        "amortizationofintangibleassets": 45300000,
        "operatingincomeloss": -39600000,
        "interestexpense": 53500000,
        "incomelossfromequitymethodinvestments": 1900000,
        "investmentincomenet": 400000,
        "othernonoperatingincomeexpense": -2400000,
        "incomelossfromcontinuingoperationsbeforeincometaxesandnoncontrollinginterest": 313300000,
        "netincomeloss": 198200000,
        "earningspersharebasic": 1.94,
        "earningspersharediluted": 1.91
    },
    {
        "date": "2016-03-30",
        "symbol": "LH",
        "period": "Q1",
        "salesrevenuenet": 1590600000,
        "netrestructuringandotherspecialcharges": 19200000,
        "incometaxexpensebenefit": 95500000,
        "profitloss": 160500000,
        "othercomprehensiveincomelossforeigncurrencytransactionandtranslationadjustmentbeforetax": 134900000,
        "othercomprehensiveincomelossreclassificationadjustmentfromaocipensionandotherpostretirementbenefitplansfornetgainlossbeforetax": -3400000,
        "othercomprehensiveincomelosspensionandotherpostretirementbenefitplansadjustmentbeforetax": -3400000,
        "othercomprehensiveincomelossbeforetax": 138300000,
        "othercomprehensiveincomelosstax": 29200000,
        "othercomprehensiveincomelossnetoftax": 109100000,
        "comprehensiveincomenetoftaxincludingportionattributabletononcontrollinginterest": 269600000,
        "netincomelossattributabletononcontrollinginterest": 300000,
        "comprehensiveincomenetoftax": 269300000,
        "reimbursementrevenue": 72800000,
        "revenues": 2146400000,
        "costofgoodsandservicessold": 1517900000,
        "costofreimbursableexpense": 72800000,
        "costofrevenue": 1590700000,
        "grossprofit": 777300000,
        "sellinggeneralandadministrativeexpense": 411900000,
        "amortizationofintangibleassets": 44300000,
        "operatingincomeloss": -38100000,
        "interestexpense": 54500000,
        "incomelossfromequitymethodinvestments": 1400000,
        "investmentincomenet": 500000,
        "othernonoperatingincomeexpense": 6700000,
        "incomelossfromcontinuingoperationsbeforeincometaxesandnoncontrollinginterest": 256000000,
        "netincomeloss": 160200000,
        "earningspersharebasic": 1.58,
        "earningspersharediluted": 1.55
    },
    {
        "date": "2015-09-29",
        "symbol": "LH",
        "period": "Q3",
        "profitloss": 153200000,
        "othercomprehensiveincomelossforeigncurrencytransactionandtranslationadjustmentbeforetax": -102800000,
        "othercomprehensiveincomelossreclassificationadjustmentfromaocipensionandotherpostretirementbenefitplansfornetgainlossbeforetax": 0,
        "othercomprehensiveincomelosspensionandotherpostretirementbenefitplansadjustmentbeforetax": 0,
        "othercomprehensiveincomelossbeforetax": -102700000,
        "othercomprehensiveincomelosstax": -34000000,
        "othercomprehensiveincomelossnetoftax": -68700000,
        "comprehensiveincomenetoftaxincludingportionattributabletononcontrollinginterest": 84500000,
        "netincomelossattributabletononcontrollinginterest": 300000,
        "comprehensiveincomenetoftax": 84200000,
        "salesrevenuenet": 1600900000,
        "reimbursementrevenue": 47400000,
        "revenues": 647000000,
        "costofgoodsandservicessold": 1505000000,
        "costofreimbursableexpense": 47400000,
        "costofrevenue": 1552400000,
        "grossprofit": 764900000,
        "sellinggeneralandadministrativeexpense": 384300000,
        "amortizationofintangibleassets": 47200000,
        "netrestructuringandotherspecialcharges": 26300000,
        "operatingincomeloss": -41800000,
        "interestexpense": 55900000,
        "incomelossfromequitymethodinvestments": 2000000,
        "investmentincomenet": 500000,
        "othernonoperatingincomeexpense": -3200000,
        "incomelossfromcontinuingoperationsbeforeincometaxesandnoncontrollinginterest": 250500000,
        "incometaxexpensebenefit": 97300000,
        "netincomeloss": 152900000,
        "earningspersharebasic": 1.53,
        "earningspersharediluted": 1.5100000000000002
    },
    {
        "date": "2015-06-29",
        "symbol": "LH",
        "period": "Q2",
        "profitloss": 169300000,
        "othercomprehensiveincomelossforeigncurrencytransactionandtranslationadjustmentbeforetax": 37900000,
        "othercomprehensiveincomelossreclassificationadjustmentfromaocipensionandotherpostretirementbenefitplansfornetgainlossbeforetax": 500000,
        "othercomprehensiveincomelosspensionandotherpostretirementbenefitplansadjustmentbeforetax": -500000,
        "othercomprehensiveincomelossavailableforsalesecuritiesadjustmentbeforetax": 0,
        "othercomprehensiveincomelossbeforetax": 38400000,
        "othercomprehensiveincomelosstax": 7100000,
        "othercomprehensiveincomelossnetoftax": 31300000,
        "comprehensiveincomenetoftaxincludingportionattributabletononcontrollinginterest": 200600000,
        "netincomelossattributabletononcontrollinginterest": 300000,
        "comprehensiveincomenetoftax": 200300000,
        "salesrevenuenet": 1575000000,
        "reimbursementrevenue": 50400000,
        "revenues": 620800000,
        "costofgoodsandservicessold": 1416900000,
        "costofreimbursableexpense": 50400000,
        "costofrevenue": 1467300000,
        "grossprofit": 801800000,
        "sellinggeneralandadministrativeexpense": 417700000,
        "amortizationofintangibleassets": 47600000,
        "netrestructuringandotherspecialcharges": 14300000,
        "operatingincomeloss": -46000000,
        "interestexpense": 57900000,
        "incomelossfromequitymethodinvestments": 2900000,
        "investmentincomenet": 300000,
        "othernonoperatingincomeexpense": -2300000,
        "incomelossfromcontinuingoperationsbeforeincometaxesandnoncontrollinginterest": 265200000,
        "incometaxexpensebenefit": 95900000,
        "netincomeloss": 169000000,
        "earningspersharebasic": 1.75,
        "earningspersharediluted": 1.72
    },
    {
        "date": "2015-03-30",
        "symbol": "LH",
        "period": "Q1",
        "profitloss": 1000000,
        "othercomprehensiveincomelossforeigncurrencytransactionandtranslationadjustmentbeforetax": -168500000,
        "othercomprehensiveincomelossreclassificationadjustmentfromaocipensionandotherpostretirementbenefitplansfornetgainlossbeforetax": 300000,
        "othercomprehensiveincomelosspensionandotherpostretirementbenefitplansadjustmentbeforetax": -900000,
        "othercomprehensiveincomelossavailableforsalesecuritiesadjustmentbeforetax": -100000,
        "othercomprehensiveincomelossbeforetax": -167700000,
        "othercomprehensiveincomelosstax": -47100000,
        "othercomprehensiveincomelossnetoftax": -120600000,
        "comprehensiveincomenetoftaxincludingportionattributabletononcontrollinginterest": -119600000,
        "netincomelossattributabletononcontrollinginterest": 300000,
        "comprehensiveincomenetoftax": -119900000,
        "salesrevenuenet": 1472000000,
        "reimbursementrevenue": 20900000,
        "revenues": 267200000,
        "costofgoodsandservicessold": 1176300000,
        "costofreimbursableexpense": 20900000,
        "costofrevenue": 1197200000,
        "grossprofit": 596000000,
        "sellinggeneralandadministrativeexpense": 415100000,
        "amortizationofintangibleassets": 31400000,
        "netrestructuringandotherspecialcharges": 19300000,
        "operatingincomeloss": -38200000,
        "interestexpense": 104300000,
        "incomelossfromequitymethodinvestments": 2700000,
        "investmentincomenet": 600000,
        "othernonoperatingincomeexpense": 1100000,
        "incomelossfromcontinuingoperationsbeforeincometaxesandnoncontrollinginterest": 30300000,
        "incometaxexpensebenefit": 29300000,
        "netincomeloss": 700000,
        "earningspersharebasic": 0.01,
        "earningspersharediluted": 0.01
    },
    {
        "date": "2014-09-29",
        "symbol": "LH",
        "period": "Q3",
        "profitloss": 137500000,
        "othercomprehensiveincomelossforeigncurrencytransactionandtranslationadjustmentbeforetax": -48600000,
        "othercomprehensiveincomelossreclassificationadjustmentfromaocipensionandotherpostretirementbenefitplansfornetgainlossbeforetax": 4300000,
        "othercomprehensiveincomelosspensionandotherpostretirementbenefitplansadjustmentbeforetax": -20700000,
        "othercomprehensiveincomelossavailableforsalesecuritiesadjustmentbeforetax": -2000000,
        "othercomprehensiveincomelossbeforetax": -29900000,
        "othercomprehensiveincomelosstax": -11700000,
        "othercomprehensiveincomelossnetoftax": -18200000,
        "comprehensiveincomenetoftaxincludingportionattributabletononcontrollinginterest": 119300000,
        "netincomelossattributabletononcontrollinginterest": 300000,
        "comprehensiveincomenetoftax": 119000000,
        "salesrevenuenet": 4085000000,
        "costofgoodsandservicessold": 980600000,
        "grossprofit": 571200000,
        "sellinggeneralandadministrativeexpense": 305700000,
        "amortizationofintangibleassets": 18300000,
        "netrestructuringandotherspecialcharges": 5800000,
        "operatingincomeloss": -499100000,
        "interestexpense": 25900000,
        "incomelossfromequitymethodinvestments": 3700000,
        "investmentincomenet": 300000,
        "othernonoperatingincomeexpense": -500000,
        "incometaxexpensebenefit": 81500000,
        "netincomeloss": 137200000,
        "earningspersharebasic": 1.6100000000000003,
        "earningspersharediluted": 1.5900000000000003
    },
    {
        "date": "2014-06-29",
        "symbol": "LH",
        "period": "Q2",
        "profitloss": 141700000,
        "othercomprehensiveincomelossforeigncurrencytransactionandtranslationadjustmentbeforetax": 35500000,
        "othercomprehensiveincomelossreclassificationadjustmentfromaocipensionandotherpostretirementbenefitplansfornetgainlossbeforetax": -1600000,
        "othercomprehensiveincomelosspensionandotherpostretirementbenefitplansadjustmentbeforetax": -2200000,
        "othercomprehensiveincomelossavailableforsalesecuritiesadjustmentbeforetax": -15800000,
        "othercomprehensiveincomelossbeforetax": 21900000,
        "othercomprehensiveincomelosstax": 8900000,
        "othercomprehensiveincomelossnetoftax": 13000000,
        "comprehensiveincomenetoftaxincludingportionattributabletononcontrollinginterest": 154700000,
        "netincomelossattributabletononcontrollinginterest": 400000,
        "comprehensiveincomenetoftax": 154300000,
        "salesrevenuenet": 85100000,
        "costofgoodsandservicessold": 947800000,
        "grossprofit": 568600000,
        "sellinggeneralandadministrativeexpense": 297900000,
        "amortizationofintangibleassets": 22000000,
        "netrestructuringandotherspecialcharges": 2000000,
        "operatingincomeloss": 22800000,
        "interestexpense": 25800000,
        "incomelossfromequitymethodinvestments": 3700000,
        "investmentincomenet": 400000,
        "othernonoperatingincomeexpense": 7500000,
        "incometaxexpensebenefit": 90800000,
        "netincomeloss": 141300000,
        "earningspersharebasic": 1.67,
        "earningspersharediluted": 1.63
    },
    {
        "date": "2014-03-30",
        "symbol": "LH",
        "period": "Q1",
        "profitloss": 113500000,
        "othercomprehensiveincomelossforeigncurrencytransactionandtranslationadjustmentbeforetax": -36000000,
        "othercomprehensiveincomelossreclassificationadjustmentfromaocipensionandotherpostretirementbenefitplansfornetgainlossbeforetax": -1800000,
        "othercomprehensiveincomelosspensionandotherpostretirementbenefitplansadjustmentbeforetax": -2300000,
        "othercomprehensiveincomelossavailableforsalesecuritiesadjustmentbeforetax": -600000,
        "othercomprehensiveincomelossbeforetax": -34300000,
        "othercomprehensiveincomelosstax": -13600000,
        "othercomprehensiveincomelossnetoftax": -20700000,
        "comprehensiveincomenetoftaxincludingportionattributabletononcontrollinginterest": 92800000,
        "netincomelossattributabletononcontrollinginterest": 400000,
        "comprehensiveincomenetoftax": 92400000,
        "salesrevenuenet": 80400000,
        "costofgoodsandservicessold": 913900000,
        "grossprofit": 516800000,
        "sellinggeneralandadministrativeexpense": 284900000,
        "amortizationofintangibleassets": 21000000,
        "netrestructuringandotherspecialcharges": 7600000,
        "operatingincomeloss": 20600000,
        "interestexpense": 25700000,
        "incomelossfromequitymethodinvestments": 3000000,
        "investmentincomenet": 200000,
        "othernonoperatingincomeexpense": 6900000,
        "incomelossfromcontinuingoperationsbeforeincometaxesandminorityinterest": 187700000,
        "incometaxexpensebenefit": 74200000,
        "netincomeloss": 113100000,
        "earningspersharebasic": 1.33,
        "earningspersharediluted": 1.31
    },
    {
        "date": "2013-09-29",
        "symbol": "LH",
        "period": "Q3",
        "profitloss": 148400000,
        "othercomprehensiveincomelossforeigncurrencytransactionandtranslationadjustmentbeforetax": 22400000,
        "othercomprehensiveincomelossreclassificationadjustmentfromaocipensionandotherpostretirementbenefitplansfornetgainlossbeforetax": -2500000,
        "othercomprehensiveincomelossbeforetax": 32700000,
        "othercomprehensiveincomelosstax": 9500000,
        "othercomprehensiveincomelossnetoftax": 15400000,
        "comprehensiveincomenetoftaxincludingportionattributabletononcontrollinginterest": 168600000,
        "netincomelossattributabletononcontrollinginterest": 400000,
        "comprehensiveincomenetoftax": 168200000,
        "salesrevenuenet": 1377800000,
        "costofgoodsandservicessold": 914600000,
        "grossprofit": 556100000,
        "sellinggeneralandadministrativeexpense": 285100000,
        "amortizationofintangibleassets": 21100000,
        "netrestructuringandotherspecialcharges": 4800000,
        "operatingincomeloss": 23700000,
        "interestexpense": 24700000,
        "incomelossfromequitymethodinvestments": 5100000,
        "investmentincomenet": 1800000,
        "othernonoperatingincomeexpense": 500000,
        "incomelossfromcontinuingoperationsbeforeincometaxesandminorityinterest": 226900000,
        "incometaxexpensebenefit": 78500000,
        "netincomeloss": 148300000,
        "earningspersharebasic": 1.66,
        "earningspersharediluted": 1.53
    },
    {
        "date": "2013-06-29",
        "symbol": "LH",
        "period": "Q2",
        "profitloss": 152300000,
        "othercomprehensiveincomelossforeigncurrencytransactionandtranslationadjustmentbeforetax": -31400000,
        "othercomprehensiveincomereclassificationofdefinedbenefitplansnetgainlossrecognizedinnetperiodicbenefitcostbeforetax": 3300000,
        "othercomprehensiveincomelossbeforetax": -28100000,
        "othercomprehensiveincomelosstax": -11000000,
        "othercomprehensiveincomelossnetoftax": -17100000,
        "comprehensiveincomenetoftaxincludingportionattributabletononcontrollinginterest": 135200000,
        "netincomelossattributabletononcontrollinginterest": 400000,
        "comprehensiveincomenetoftax": 134800000,
        "salesrevenuenet": 86600000,
        "costofgoodsandservicessold": 890900000,
        "grossprofit": 577300000,
        "sellinggeneralandadministrativeexpense": 280900000,
        "amortizationofintangibleassets": 20500000,
        "netrestructuringandotherspecialcharges": 6600000,
        "operatingincomeloss": 380100000,
        "interestexpense": 23100000,
        "incomelossfromequitymethodinvestments": 4400000,
        "investmentincomenet": 200000,
        "othernonoperatingincomeexpense": -800000,
        "incomelossfromcontinuingoperationsbeforeincometaxesandminorityinterest": 250000000,
        "incometaxexpensebenefit": 97700000,
        "netincomeloss": 151900000,
        "earningspersharebasic": 1.65,
        "earningspersharediluted": 1.62
    },
    {
        "date": "2013-03-30",
        "symbol": "LH",
        "period": "Q1",
        "profitloss": 147600000,
        "othercomprehensiveincomelossforeigncurrencytransactionandtranslationadjustmentbeforetax": -27700000,
        "othercomprehensiveincomereclassificationofdefinedbenefitplansnetgainlossrecognizedinnetperiodicbenefitcostbeforetax": 3200000,
        "othercomprehensiveincomelossbeforetax": -24500000,
        "othercomprehensiveincomelosstax": -8900000,
        "othercomprehensiveincomelossnetoftax": -15600000,
        "comprehensiveincomenetoftaxincludingportionattributabletononcontrollinginterest": 132000000,
        "netincomelossattributabletononcontrollinginterest": 400000,
        "comprehensiveincomenetoftax": 131600000,
        "salesrevenuenet": 1440900000,
        "costofgoodsandservicessold": 868700000,
        "grossprofit": 572200000,
        "sellinggeneralandadministrativeexpense": 283200000,
        "amortizationofintangibleassets": 19500000,
        "netrestructuringandotherspecialcharges": 7500000,
        "operatingincomeloss": 262000000,
        "interestexpense": 24500000,
        "incomelossfromequitymethodinvestments": 4300000,
        "investmentincomenet": 200000,
        "othernonoperatingincomeexpense": -600000,
        "incomelossfromcontinuingoperationsbeforeincometaxesandminorityinterest": 241400000,
        "incometaxexpensebenefit": 93800000,
        "netincomeloss": 147200000,
        "earningspersharebasic": 1.58,
        "earningspersharediluted": 1.56
    },
    {
        "date": "2012-09-29",
        "symbol": "LH",
        "period": "Q3",
        "profitloss": 148400000,
        "othercomprehensiveincomeforeigncurrencytransactionandtranslationadjustmentbeforetaxperiodincreasedecrease": 32700000,
        "othercomprehensiveincomelossbeforetaxperiodincreasedecrease": 32700000,
        "othercomprehensiveincomelosstax": 12500000,
        "othercomprehensiveincomelossnetoftaxperiodincreasedecrease": 20200000,
        "comprehensiveincomenetoftaxincludingportionattributabletononcontrollinginterest": 168600000,
        "netincomelossattributabletononcontrollinginterest": 400000,
        "comprehensiveincomenetoftax": 168200000,
        "salesrevenuenet": 1419400000,
        "costofgoodsandservicessold": 863300000,
        "grossprofit": 556100000,
        "sellinggeneralandadministrativeexpense": 285100000,
        "amortizationofintangibleassets": 21100000,
        "netrestructuringandotherspecialcharges": 4800000,
        "operatingincomeloss": 245100000,
        "interestexpense": 24100000,
        "incomelossfromequitymethodinvestments": 5100000,
        "investmentincomenet": 300000,
        "othernonoperatingincomeexpense": 500000,
        "incomelossfromcontinuingoperationsbeforeincometaxesandminorityinterest": 226900000,
        "incometaxexpensebenefit": 78500000,
        "netincomeloss": 148000000,
        "earningspersharebasic": 1.56,
        "earningspersharediluted": 1.53
    },
    {
        "date": "2012-06-29",
        "symbol": "LH",
        "period": "Q2",
        "profitloss": 153800000,
        "othercomprehensiveincomeforeigncurrencytransactionandtranslationadjustmentbeforetaxperiodincreasedecrease": -17300000,
        "othercomprehensiveincomelossbeforetaxperiodincreasedecrease": -17300000,
        "othercomprehensiveincomelosstax": -6800000,
        "othercomprehensiveincomelossnetoftaxperiodincreasedecrease": -10500000,
        "comprehensiveincomenetoftaxincludingportionattributabletononcontrollinginterest": 143300000,
        "netincomelossattributabletononcontrollinginterest": 500000,
        "comprehensiveincomenetoftax": 142800000,
        "salesrevenuenet": 1423400000,
        "costofgoodsandservicessold": 843900000,
        "grossprofit": 579500000,
        "sellinggeneralandadministrativeexpense": 279500000,
        "amortizationofintangibleassets": 20600000,
        "netrestructuringandotherspecialcharges": 3400000,
        "operatingincomeloss": 276000000,
        "interestexpense": 21300000,
        "incomelossfromequitymethodinvestments": 8000000,
        "investmentincomenet": 200000,
        "othernonoperatingincomeexpense": -6700000,
        "incomelossfromcontinuingoperationsbeforeincometaxesandminorityinterest": 256200000,
        "incometaxexpensebenefit": 102400000,
        "netincomeloss": 153300000,
        "earningspersharebasic": 1.59,
        "earningspersharediluted": 1.56
    },
    {
        "date": "2012-03-30",
        "symbol": "LH",
        "period": "Q1",
        "profitloss": 162000000,
        "othercomprehensiveincomeforeigncurrencytransactionandtranslationadjustmentbeforetaxperiodincreasedecrease": 23700000,
        "othercomprehensiveincomelossbeforetaxperiodincreasedecrease": 23700000,
        "othercomprehensiveincomelosstax": 9300000,
        "othercomprehensiveincomelossnetoftaxperiodincreasedecrease": 14400000,
        "comprehensiveincomenetoftaxincludingportionattributabletononcontrollinginterest": 176400000,
        "netincomelossattributabletononcontrollinginterest": 400000,
        "comprehensiveincomenetoftax": 176000000,
        "salesrevenuenet": 1423300000,
        "costofgoodsandservicessold": 847200000,
        "grossprofit": 576100000,
        "sellinggeneralandadministrativeexpense": 271200000,
        "amortizationofintangibleassets": 21400000,
        "netrestructuringandotherspecialcharges": -3600000,
        "operatingincomeloss": 287100000,
        "interestexpense": 21500000,
        "incomelossfromequitymethodinvestments": 4300000,
        "investmentincomenet": 200000,
        "othernonoperatingincomeexpense": -500000,
        "incomelossfromcontinuingoperationsbeforeincometaxesandminorityinterest": 269600000,
        "incometaxexpensebenefit": 107600000,
        "netincomeloss": 161600000,
        "earningspersharebasic": 1.66,
        "earningspersharediluted": 1.63
    },
    {
        "date": "2011-09-29",
        "symbol": "LH",
        "period": "Q3",
        "salesrevenuenet": 1404500000,
        "costofgoodsandservicessold": 836000000,
        "grossprofit": 568500000,
        "sellinggeneralandadministrativeexpense": 283800000,
        "amortizationofintangibleassets": 21200000,
        "netrestructuringandotherspecialcharges": 24100000,
        "operatingincomeloss": 239400000,
        "interestexpense": -20300000,
        "incomelossfromequitymethodinvestments": 2500000,
        "investmentincomenet": 200000,
        "othernonoperatingincomeexpense": -1700000,
        "incomelossfromcontinuingoperationsbeforeincometaxesandminorityinterest": 220100000,
        "incometaxexpensebenefit": 82500000,
        "profitloss": 137600000,
        "netincomelossattributabletononcontrollinginterest": 3300000,
        "netincomeloss": 134300000,
        "earningspersharebasic": 1.34,
        "earningspersharediluted": 1.31
    },
    {
        "date": "2011-06-29",
        "symbol": "LH",
        "period": "Q2",
        "salesrevenuenet": 1403300000,
        "costofgoodsandservicessold": 815100000,
        "grossprofit": 588200000,
        "sellinggeneralandadministrativeexpense": 322700000,
        "amortizationofintangibleassets": 21500000,
        "netrestructuringandotherspecialcharges": 18300000,
        "operatingincomeloss": 225700000,
        "interestexpense": -21000000,
        "incomelossfromequitymethodinvestments": 2600000,
        "investmentincomenet": 200000,
        "othernonoperatingincomeexpense": -200000,
        "incomelossfromcontinuingoperationsbeforeincometaxesandminorityinterest": 207300000,
        "incometaxexpensebenefit": 80600000,
        "profitloss": 126700000,
        "netincomelossattributabletononcontrollinginterest": 3800000,
        "netincomeloss": 122900000,
        "earningspersharebasic": 1.22,
        "earningspersharediluted": 1.2
    },
    {
        "date": "2011-03-30",
        "symbol": "LH",
        "period": "Q1",
        "salesrevenuenet": 1368400000,
        "costofgoodsandservicessold": 800000000,
        "grossprofit": 568400000,
        "sellinggeneralandadministrativeexpense": 282800000,
        "amortizationofintangibleassets": 21900000,
        "netrestructuringandotherspecialcharges": 27900000,
        "operatingincomeloss": 235800000,
        "interestexpense": -24000000,
        "incomelossfromequitymethodinvestments": 1500000,
        "investmentincomenet": 300000,
        "othernonoperatingincomeexpense": 100000,
        "incomelossfromcontinuingoperationsbeforeincometaxesandminorityinterest": 213700000,
        "incometaxexpensebenefit": 83100000,
        "profitloss": 130600000,
        "netincomelossattributabletononcontrollinginterest": 3500000,
        "netincomeloss": 127100000,
        "earningspersharebasic": 1.27,
        "earningspersharediluted": 1.23
    },
    {
        "date": "2010-09-29",
        "symbol": "LH",
        "period": "Q3",
        "salesrevenuenet": 1276500000,
        "costofgoodsandservicessold": 748800000,
        "grossprofit": 527700000,
        "sellinggeneralandadministrativeexpense": 270500000,
        "amortizationofintangibleassets": 18000000,
        "netrestructuringchargesandlonglivedassetstobeabandonedcarryingvalueofasset": 3900000,
        "operatingincomeloss": 235300000,
        "interestexpense": -21600000,
        "incomelossfromequitymethodinvestments": 4200000,
        "investmentincomenet": 300000,
        "othernonoperatingincomeexpense": -1600000,
        "incomelossfromcontinuingoperationsbeforeincometaxesandminorityinterest": 216600000,
        "incometaxexpensebenefit": 73500000,
        "profitloss": 143100000,
        "netincomelossattributabletononcontrollinginterest": 3100000,
        "netincomeloss": 140000000,
        "earningspersharebasic": 1.37,
        "earningspersharediluted": 1.34
    },
    {
        "date": "2010-03-30",
        "symbol": "LH",
        "period": "Q1",
        "salesrevenuenet": 1193600000,
        "costofgoodsandservicessold": 686700000,
        "grossprofit": 506900000,
        "sellinggeneralandadministrativeexpense": 246000000,
        "amortizationofintangibleassets": 17400000,
        "restructuringcharges": 9300000,
        "operatingincomeloss": 234200000,
        "interestexpense": -14600000,
        "incomelossfromequitymethodinvestments": 3800000,
        "investmentincomenet": 300000,
        "othernonoperatingincomeexpense": -600000,
        "incomelossfromcontinuingoperationsbeforeincometaxesandminorityinterest": 223100000,
        "incometaxexpensebenefit": 86900000,
        "profitloss": 136200000,
        "netincomelossattributabletononcontrollinginterest": 3500000,
        "netincomeloss": 132700000,
        "earningspersharebasic": 1.27,
        "earningspersharediluted": 1.25
    }
]