[
    {
        "date": "2024-03-30",
        "symbol": "IFF",
        "period": "Q1",
        "revenuefromcontractwithcustomerexcludingassessedtax": 2899000000,
        "costofgoodsandservicessold": 1875000000,
        "grossprofit": 1024000000,
        "researchanddevelopmentexpense": 166000000,
        "sellinggeneralandadministrativeexpense": 490000000,
        "amortizationofintangibleassets": 168000000,
        "restructuringcharges": 3000000,
        "gainlossondispositionofassets1": 2000000,
        "operatingincomeloss": 199000000,
        "interestexpense": 83000000,
        "othernonoperatingincomeexpense": -1000000,
        "incomelossfromcontinuingoperationsbeforeincometaxesextraordinaryitemsnoncontrollinginterest": 115000000,
        "incometaxexpensebenefit": 54000000,
        "profitloss": 61000000,
        "netincomelossattributabletononcontrollinginterest": 1000000,
        "netincomeloss": 60000000,
        "earningspersharebasic": 0.23,
        "earningspersharediluted": 0.23,
        "weightedaveragenumberofsharesoutstandingbasic": 255000000,
        "weightedaveragenumberofdilutedsharesoutstanding": 256000000,
        "othercomprehensiveincomelossforeigncurrencytransactionandtranslationadjustmentnetoftax": -293000000,
        "othercomprehensiveincomelosscashflowhedgegainlossafterreclassificationandtax": -7000000,
        "othercomprehensiveincomelosspensionandotherpostretirementbenefitplansadjustmentnetoftax": -5000000,
        "othercomprehensiveincomelossnetoftax": -295000000,
        "comprehensiveincomenetoftaxincludingportionattributabletononcontrollinginterest": -234000000,
        "comprehensiveincomenetoftaxattributabletononcontrollinginterest": 1000000,
        "comprehensiveincomenetoftax": -235000000
    },
    {
        "date": "2023-12-30",
        "symbol": "IFF",
        "period": "Q4",
        "revenuefromcontractwithcustomerexcludingassessedtax": 4351000000,
        "costofgoodsandservicessold": 1843000000,
        "grossprofit": 860000000,
        "researchanddevelopmentexpense": 157000000,
        "sellinggeneralandadministrativeexpense": 444000000,
        "amortizationofintangibleassets": 167000000,
        "operatingincomeloss": -2536000000,
        "interestexpense": 43000000,
        "othernonoperatingincomeexpense": -62000000,
        "incomelossfromcontinuingoperationsbeforeincometaxesextraordinaryitemsnoncontrollinginterest": -2641000000,
        "incometaxexpensebenefit": -32000000,
        "profitloss": -2609000000,
        "othercomprehensiveincomelossforeigncurrencytransactionandtranslationadjustmentnetoftax": 546000000,
        "othercomprehensiveincomelosspensionandotherpostretirementbenefitplansadjustmentnetoftax": 106000000,
        "othercomprehensiveincomelossnetoftax": 440000000,
        "comprehensiveincomenetoftaxincludingportionattributabletononcontrollinginterest": -2169000000,
        "comprehensiveincomenetoftax": -2170000000,
        "earningspersharebasic": -10.22,
        "earningspersharediluted": -10.22
    },
    {
        "date": "2023-09-29",
        "symbol": "IFF",
        "period": "Q3",
        "revenuefromcontractwithcustomerexcludingassessedtax": 2820000000,
        "costofgoodsandservicessold": 1896000000,
        "grossprofit": 924000000,
        "researchanddevelopmentexpense": 157000000,
        "sellinggeneralandadministrativeexpense": 444000000,
        "amortizationofintangibleassets": 170000000,
        "restructuringcharges": 2000000,
        "gainlossondispositionofassets1": -1000000,
        "operatingincomeloss": 150000000,
        "interestexpense": 110000000,
        "othernonoperatingincomeexpense": 19000000,
        "incomelossfromcontinuingoperationsbeforeincometaxesextraordinaryitemsnoncontrollinginterest": 59000000,
        "incometaxexpensebenefit": 32000000,
        "profitloss": 27000000,
        "netincomelossattributabletononcontrollinginterest": 2000000,
        "netincomeloss": 25000000,
        "earningspersharebasic": 0.1,
        "earningspersharediluted": 0.1,
        "weightedaveragenumberofsharesoutstandingbasic": 255000000,
        "weightedaveragenumberofdilutedsharesoutstanding": 256000000,
        "othercomprehensiveincomelossforeigncurrencytransactionandtranslationadjustmentnetoftax": -476000000,
        "othercomprehensiveincomelosspensionandotherpostretirementbenefitplansadjustmentnetoftax": 3000000,
        "othercomprehensiveincomelossnetoftax": -479000000,
        "comprehensiveincomenetoftaxincludingportionattributabletononcontrollinginterest": -452000000,
        "comprehensiveincomenetoftax": -454000000
    },
    {
        "date": "2023-06-29",
        "symbol": "IFF",
        "period": "Q2",
        "revenuefromcontractwithcustomerexcludingassessedtax": 2152000000,
        "costofgoodsandservicessold": 1996000000,
        "grossprofit": 933000000,
        "researchanddevelopmentexpense": 161000000,
        "sellinggeneralandadministrativeexpense": 445000000,
        "amortizationofintangibleassets": 172000000,
        "restructuringcharges": 7000000,
        "operatingincomeloss": 145000000,
        "interestexpense": 116000000,
        "othernonoperatingincomeexpense": 21000000,
        "incomelossfromcontinuingoperationsbeforeincometaxesextraordinaryitemsnoncontrollinginterest": 50000000,
        "incometaxexpensebenefit": 23000000,
        "profitloss": 27000000,
        "netincomelossattributabletononcontrollinginterest": 0,
        "netincomeloss": 27000000,
        "earningspersharebasic": 0.11000000000000001,
        "earningspersharediluted": 0.11000000000000001,
        "weightedaveragenumberofsharesoutstandingbasic": 0,
        "weightedaveragenumberofdilutedsharesoutstanding": 0,
        "commonstockdividendspersharedeclared": 0.81,
        "othercomprehensiveincomelossforeigncurrencytransactionandtranslationadjustmentnetoftax": 60000000,
        "othercomprehensiveincomelosspensionandotherpostretirementbenefitplansadjustmentnetoftax": 1000000,
        "othercomprehensiveincomelossnetoftax": 59000000,
        "comprehensiveincomenetoftaxincludingportionattributabletononcontrollinginterest": 86000000,
        "comprehensiveincomenetoftax": 86000000
    },
    {
        "date": "2023-03-30",
        "symbol": "IFF",
        "period": "Q1",
        "revenuefromcontractwithcustomerexcludingassessedtax": 2156000000,
        "costofgoodsandservicessold": 2063000000,
        "grossprofit": 964000000,
        "researchanddevelopmentexpense": 161000000,
        "sellinggeneralandadministrativeexpense": 454000000,
        "amortizationofintangibleassets": 171000000,
        "restructuringcharges": 52000000,
        "gainlossonsaleofpropertyplantequipment": 5000000,
        "operatingincomeloss": 131000000,
        "interestexpense": 111000000,
        "othernonoperatingincomeexpense": -6000000,
        "incomelossfromcontinuingoperationsbeforeincometaxesextraordinaryitemsnoncontrollinginterest": 14000000,
        "incometaxexpensebenefit": 22000000,
        "profitloss": -8000000,
        "netincomelossattributabletononcontrollinginterest": 1000000,
        "netincomeloss": -9000000,
        "earningspersharebasic": -0.04,
        "earningspersharediluted": -0.04,
        "weightedaveragenumberofsharesoutstandingbasic": 255000000,
        "weightedaveragenumberofdilutedsharesoutstanding": 255000000,
        "commonstockdividendspersharedeclared": 0.81,
        "othercomprehensiveincomelossforeigncurrencytransactionandtranslationadjustmentnetoftax": 284000000,
        "othercomprehensiveincomelosspensionandotherpostretirementbenefitplansadjustmentnetoftax": 2000000,
        "othercomprehensiveincomelossnetoftax": 282000000,
        "comprehensiveincomenetoftaxincludingportionattributabletononcontrollinginterest": 274000000,
        "comprehensiveincomenetoftax": 273000000
    },
    {
        "date": "2022-12-30",
        "symbol": "IFF",
        "period": "Q4",
        "revenuefromcontractwithcustomerexcludingassessedtax": 2032000000,
        "costofgoodsandservicessold": 1975000000,
        "grossprofit": 869000000,
        "researchanddevelopmentexpense": 143000000,
        "sellinggeneralandadministrativeexpense": 440000000,
        "amortizationofintangibleassets": 175000000,
        "operatingincomeloss": 105000000,
        "interestexpense": 104000000,
        "othernonoperatingincomeexpense": -6000000,
        "incomelossfromcontinuingoperationsbeforeincometaxesextraordinaryitemsnoncontrollinginterest": -5000000,
        "incometaxexpensebenefit": 2000000,
        "profitloss": -24000000,
        "netincomelossattributabletononcontrollinginterest": 1000000,
        "othercomprehensiveincomelossforeigncurrencytransactionandtranslationadjustmentnetoftax": 866000000,
        "othercomprehensiveincomelossnetoftax": 1018000000,
        "comprehensiveincomenetoftaxincludingportionattributabletononcontrollinginterest": 994000000,
        "comprehensiveincomenetoftax": 993000000,
        "earningspersharebasic": -0.10000000000000075,
        "earningspersharediluted": -0.10000000000000075,
        "weightedaveragenumberofsharesoutstandingbasic": 0,
        "weightedaveragenumberofdilutedsharesoutstanding": 0
    },
    {
        "date": "2022-09-29",
        "symbol": "IFF",
        "period": "Q3",
        "revenuefromcontractwithcustomerexcludingassessedtax": 2143000000,
        "costofgoodsandservicessold": 2062000000,
        "grossprofit": 1001000000,
        "researchanddevelopmentexpense": 145000000,
        "sellinggeneralandadministrativeexpense": 413000000,
        "amortizationofintangibleassets": 182000000,
        "restructuringcharges": -4000000,
        "operatingincomeloss": -1985000000,
        "interestexpense": 83000000,
        "othernonoperatingincomeexpense": 33000000,
        "incomelossfromcontinuingoperationsbeforeincometaxesextraordinaryitemsnoncontrollinginterest": -2035000000,
        "incometaxexpensebenefit": -58000000,
        "profitloss": -2195000000,
        "netincomelossattributabletononcontrollinginterest": -1000000,
        "netincomeloss": -2197000000,
        "earningspersharebasic": -8.61,
        "earningspersharediluted": -8.61,
        "weightedaveragenumberofsharesoutstandingbasic": -255000000,
        "weightedaveragenumberofdilutedsharesoutstanding": -255000000,
        "commonstockdividendspersharedeclared": 0.81,
        "othercomprehensiveincomelossforeigncurrencytransactionandtranslationadjustmentnetoftax": -982000000,
        "othercomprehensiveincomelossnetoftax": -977000000,
        "comprehensiveincomenetoftaxincludingportionattributabletononcontrollinginterest": -3172000000,
        "comprehensiveincomenetoftax": -3174000000
    },
    {
        "date": "2022-06-29",
        "symbol": "IFF",
        "period": "Q2",
        "revenuefromcontractwithcustomerexcludingassessedtax": 2329000000,
        "costofgoodsandservicessold": 2171000000,
        "grossprofit": 1136000000,
        "researchanddevelopmentexpense": 158000000,
        "sellinggeneralandadministrativeexpense": 456000000,
        "amortizationofintangibleassets": 184000000,
        "assetimpairmentcharges": 120000000,
        "restructuringcharges": 7000000,
        "gainlossonsaleofpropertyplantequipment": 2000000,
        "operatingincomeloss": 213000000,
        "interestexpense": 77000000,
        "othernonoperatingincomeexpense": -6000000,
        "incomelossfromcontinuingoperationsbeforeincometaxesextraordinaryitemsnoncontrollinginterest": 130000000,
        "incometaxexpensebenefit": 21000000,
        "profitloss": 109000000,
        "netincomelossattributabletononcontrollinginterest": 2000000,
        "netincomeloss": 107000000,
        "earningspersharebasic": 0.43,
        "earningspersharediluted": 0.43,
        "weightedaveragenumberofsharesoutstandingbasic": 255000000,
        "weightedaveragenumberofdilutedsharesoutstanding": 255000000,
        "commonstockdividendspersharedeclared": 0.79,
        "othercomprehensiveincomelossforeigncurrencytransactionandtranslationadjustmentnetoftax": -589000000,
        "othercomprehensiveincomelosspensionandotherpostretirementbenefitplansadjustmentnetoftax": -1000000,
        "othercomprehensiveincomelossnetoftax": -588000000,
        "comprehensiveincomenetoftaxincludingportionattributabletononcontrollinginterest": -479000000,
        "comprehensiveincomenetoftax": -481000000
    },
    {
        "date": "2022-03-30",
        "symbol": "IFF",
        "period": "Q1",
        "revenuefromcontractwithcustomerexcludingassessedtax": 2325000000,
        "costofgoodsandservicessold": 2081000000,
        "grossprofit": 1145000000,
        "researchanddevelopmentexpense": 157000000,
        "sellinggeneralandadministrativeexpense": 459000000,
        "amortizationofintangibleassets": 186000000,
        "restructuringcharges": 2000000,
        "operatingincomeloss": 341000000,
        "interestexpense": 72000000,
        "othernonoperatingincomeexpense": 16000000,
        "incomelossfromcontinuingoperationsbeforeincometaxesextraordinaryitemsnoncontrollinginterest": 285000000,
        "incometaxexpensebenefit": 39000000,
        "profitloss": 246000000,
        "netincomelossattributabletononcontrollinginterest": 2000000,
        "netincomeloss": 244000000,
        "othercomprehensiveincomelossforeigncurrencytransactionandtranslationadjustmentnetoftax": -199000000,
        "othercomprehensiveincomelossnetoftax": -199000000,
        "comprehensiveincomenetoftaxincludingportionattributabletononcontrollinginterest": 47000000,
        "comprehensiveincomenetoftax": 45000000,
        "earningspersharebasic": 0.96,
        "earningspersharediluted": 0.96,
        "weightedaveragenumberofsharesoutstandingbasic": 255000000,
        "weightedaveragenumberofdilutedsharesoutstanding": 255000000,
        "commonstockdividendspersharedeclared": 0.79
    },
    {
        "date": "2021-12-30",
        "symbol": "IFF",
        "period": "Q4",
        "revenuefromcontractwithcustomerexcludingassessedtax": 3031000000,
        "costofgoodsandservicessold": 2050000000,
        "grossprofit": 981000000,
        "researchanddevelopmentexpense": 166000000,
        "sellinggeneralandadministrativeexpense": 450000000,
        "amortizationofintangibleassets": 185000000,
        "operatingincomeloss": 173000000,
        "interestexpense": 73000000,
        "othernonoperatingincomeexpense": 14000000,
        "incometaxexpensebenefit": 22000000,
        "profitloss": 92000000,
        "netincomelossattributabletononcontrollinginterest": 2000000,
        "othercomprehensiveincomelossforeigncurrencytransactionandtranslationadjustmentnetoftax": -355000000,
        "othercomprehensiveincomelosspensionandotherpostretirementbenefitplansadjustmentnetoftax": -111000000,
        "comprehensiveincomenetoftax": -153000000,
        "earningspersharebasic": 0.45000000000000007,
        "earningspersharediluted": 0.44000000000000006,
        "weightedaveragenumberofsharesoutstandingbasic": -471000000,
        "weightedaveragenumberofdilutedsharesoutstanding": -473000000,
        "othercomprehensiveincomelossnetoftax": -243000000
    },
    {
        "date": "2021-09-29",
        "symbol": "IFF",
        "period": "Q3",
        "revenuefromcontractwithcustomerexcludingassessedtax": 3071000000,
        "costofgoodsandservicessold": 1981000000,
        "grossprofit": 1090000000,
        "researchanddevelopmentexpense": 156000000,
        "sellinggeneralandadministrativeexpense": 436000000,
        "amortizationofintangibleassets": 195000000,
        "restructuringcharges": 6000000,
        "gainlossonsaleofpropertyplantequipment": 1000000,
        "operatingincomeloss": 298000000,
        "interestexpense": 74000000,
        "othernonoperatingincomeexpense": 26000000,
        "incomelossfromcontinuingoperationsbeforeincometaxesextraordinaryitemsnoncontrollinginterest": 250000000,
        "incometaxexpensebenefit": 53000000,
        "profitloss": 197000000,
        "netincomelossattributabletononcontrollinginterest": 3000000,
        "netincomeloss": 194000000,
        "othercomprehensiveincomelossforeigncurrencytransactionandtranslationadjustmentnetoftax": -339000000,
        "othercomprehensiveincomelosscashflowhedgegainlossafterreclassificationandtax": 1000000,
        "othercomprehensiveincomelosspensionandotherpostretirementbenefitplansadjustmentnetoftax": 8000000,
        "othercomprehensiveincomelossnetoftax": -346000000,
        "comprehensiveincomenetoftax": -152000000,
        "earningspersharebasic": 0.76,
        "earningspersharediluted": 0.76,
        "weightedaveragenumberofsharesoutstandingbasic": 254000000,
        "weightedaveragenumberofdilutedsharesoutstanding": 255000000
    },
    {
        "date": "2021-06-29",
        "symbol": "IFF",
        "period": "Q2",
        "revenuefromcontractwithcustomerexcludingassessedtax": 3089000000,
        "costofgoodsandservicessold": 2179000000,
        "grossprofit": 910000000,
        "researchanddevelopmentexpense": 164000000,
        "sellinggeneralandadministrativeexpense": 412000000,
        "amortizationofintangibleassets": 200000000,
        "restructuringcharges": 24000000,
        "operatingincomeloss": 110000000,
        "interestexpense": 77000000,
        "othernonoperatingincomeexpense": 11000000,
        "incomelossfromcontinuingoperationsbeforeincometaxesminorityinterestandincomelossfromequitymethodinvestments": 44000000,
        "incometaxexpensebenefit": 14000000,
        "profitloss": 30000000,
        "netincomelossattributabletononcontrollinginterest": 2000000,
        "netincomeloss": 28000000,
        "othercomprehensiveincomelossforeigncurrencytransactionandtranslationadjustmentnetoftax": 263000000,
        "othercomprehensiveincomelossderivativesqualifyingashedgesnetoftax": 2000000,
        "othercomprehensiveincomelosspensionandotherpostretirementbenefitplansadjustmentnetoftax": -3000000,
        "othercomprehensiveincomelossnetoftax": 268000000,
        "comprehensiveincomenetoftax": 296000000,
        "earningspersharebasic": 0.11,
        "earningspersharediluted": 0.11,
        "weightedaveragenumberofsharesoutstandingbasic": 254000000,
        "weightedaveragenumberofdilutedsharesoutstanding": 255000000
    },
    {
        "date": "2021-03-30",
        "symbol": "IFF",
        "period": "Q1",
        "revenuefromcontractwithcustomerexcludingassessedtax": 2465000000,
        "costofgoodsandservicessold": 1711000000,
        "grossprofit": 754000000,
        "researchanddevelopmentexpense": 143000000,
        "sellinggeneralandadministrativeexpense": 451000000,
        "amortizationofintangibleassets": 152000000,
        "restructuringcharges": 4000000,
        "operatingincomeloss": 4000000,
        "interestexpense": 65000000,
        "othernonoperatingincomeexpense": 7000000,
        "incomelossfromcontinuingoperationsbeforeincometaxesminorityinterestandincomelossfromequitymethodinvestments": -54000000,
        "incometaxexpensebenefit": -14000000,
        "profitloss": -40000000,
        "netincomelossattributabletononcontrollinginterest": 2000000,
        "netincomeloss": -42000000,
        "othercomprehensiveincomelossforeigncurrencytransactionandtranslationadjustmentnetoftax": -417000000,
        "othercomprehensiveincomelossderivativesqualifyingashedgesnetoftax": 4000000,
        "othercomprehensiveincomelosspensionandotherpostretirementbenefitplansadjustmentnetoftax": -9000000,
        "othercomprehensiveincomelossnetoftax": -404000000,
        "comprehensiveincomenetoftax": -446000000,
        "earningspersharebasic": -0.21,
        "earningspersharediluted": -0.21,
        "weightedaveragenumberofsharesoutstandingbasic": 206000000,
        "weightedaveragenumberofdilutedsharesoutstanding": 206000000
    },
    {
        "date": "2020-12-30",
        "symbol": "IFF",
        "period": "Q4",
        "revenuefromcontractwithcustomerexcludingassessedtax": 1270073000,
        "costofgoodsandservicessold": 756343000,
        "grossprofit": 513730000,
        "researchanddevelopmentexpense": 100038000,
        "sellinggeneralandadministrativeexpense": 254192000,
        "amortizationofintangibleassets": 47685000,
        "gainlossonsaleofpropertyplantequipment": -2216000,
        "operatingincomeloss": 100603000,
        "interestexpense": 32756000,
        "othernonoperatingincomeexpense": 11451000,
        "incomelossfromcontinuingoperationsbeforeincometaxesminorityinterestandincomelossfromequitymethodinvestments": 79298000,
        "incometaxexpensebenefit": 12734000,
        "profitloss": 66564000,
        "netincomelossattributabletononcontrollinginterest": -1025000,
        "othercomprehensiveincomelossforeigncurrencytransactionandtranslationadjustmentnetoftax": 314651000,
        "othercomprehensiveincomelossderivativesqualifyingashedgesnetoftax": -2533000,
        "othercomprehensiveincomelosspensionandotherpostretirementbenefitplansadjustmentnetoftax": 70240000,
        "comprehensiveincomenetoftax": 309467000,
        "earningspersharebasic": 0.5800000000000003,
        "earningspersharediluted": 0.5700000000000001,
        "weightedaveragenumberofsharesoutstandingbasic": -224280000,
        "weightedaveragenumberofdilutedsharesoutstanding": -227261000
    },
    {
        "date": "2020-09-29",
        "symbol": "IFF",
        "period": "Q3",
        "revenuefromcontractwithcustomerexcludingassessedtax": 1268076000,
        "costofgoodsandservicessold": 743649000,
        "grossprofit": 524427000,
        "researchanddevelopmentexpense": 89968000,
        "sellinggeneralandadministrativeexpense": 234520000,
        "amortizationofintangibleassets": 47738000,
        "restructuringcharges": 1497000,
        "gainlossonsaleofpropertyplantequipment": -415000,
        "operatingincomeloss": 150289000,
        "interestexpense": 34844000,
        "othernonoperatingincomeexpense": -9945000,
        "incomelossfromcontinuingoperationsbeforeincometaxesminorityinterestandincomelossfromequitymethodinvestments": 105500000,
        "incometaxexpensebenefit": 19269000,
        "profitloss": 86231000,
        "netincomelossattributabletononcontrollinginterest": 1403000,
        "netincomeloss": 84828000,
        "othercomprehensiveincomelossforeigncurrencytransactionandtranslationadjustmentnetoftax": 79291000,
        "othercomprehensiveincomelossderivativesqualifyingashedgesnetoftax": -4751000,
        "othercomprehensiveincomelosspensionandotherpostretirementbenefitplansadjustmentnetoftax": -3507000,
        "othercomprehensiveincomelossnetoftax": 78047000,
        "comprehensiveincomenetoftax": 162875000,
        "earningspersharebasic": 0.76,
        "earningspersharediluted": 0.75,
        "weightedaveragenumberofsharesoutstandingbasic": 112183000,
        "weightedaveragenumberofdilutedsharesoutstanding": 113622000
    },
    {
        "date": "2020-06-29",
        "symbol": "IFF",
        "period": "Q2",
        "revenuefromcontractwithcustomerexcludingassessedtax": 1198773000,
        "costofgoodsandservicessold": 716931000,
        "grossprofit": 481842000,
        "researchanddevelopmentexpense": 80948000,
        "sellinggeneralandadministrativeexpense": 230407000,
        "amortizationofintangibleassets": 48834000,
        "restructuringcharges": 1884000,
        "gainlossonsaleofpropertyplantequipment": -399000,
        "operatingincomeloss": 119370000,
        "interestexpense": 32062000,
        "othernonoperatingincomeexpense": 15757000,
        "incomelossfromcontinuingoperationsbeforeincometaxesminorityinterestandincomelossfromequitymethodinvestments": 103065000,
        "incometaxexpensebenefit": 15699000,
        "profitloss": 87366000,
        "netincomelossattributabletononcontrollinginterest": 1162000,
        "netincomeloss": 86204000,
        "othercomprehensiveincomelossforeigncurrencytransactionandtranslationadjustmentnetoftax": 146468000,
        "othercomprehensiveincomelossderivativesqualifyingashedgesnetoftax": -3101000,
        "othercomprehensiveincomelosspensionandotherpostretirementbenefitplansadjustmentnetoftax": -3375000,
        "othercomprehensiveincomelossnetoftax": 146742000,
        "comprehensiveincomenetoftax": 232946000,
        "earningspersharebasic": 0.75,
        "earningspersharediluted": 0.74,
        "weightedaveragenumberofsharesoutstandingbasic": 112177000,
        "weightedaveragenumberofdilutedsharesoutstanding": 113675000
    },
    {
        "date": "2020-03-30",
        "symbol": "IFF",
        "period": "Q1",
        "revenuefromcontractwithcustomerexcludingassessedtax": 1347317000,
        "costofgoodsandservicessold": 781450000,
        "grossprofit": 565867000,
        "researchanddevelopmentexpense": 85909000,
        "sellinggeneralandadministrativeexpense": 229714000,
        "amortizationofintangibleassets": 48350000,
        "restructuringcharges": 4918000,
        "gainlossonsaleofpropertyplantequipment": -754000,
        "operatingincomeloss": 196222000,
        "interestexpense": 32140000,
        "othernonoperatingincomeexpense": -10574000,
        "incomelossfromcontinuingoperationsbeforeincometaxesminorityinterestandincomelossfromequitymethodinvestments": 153508000,
        "incometaxexpensebenefit": 26297000,
        "profitloss": 127211000,
        "netincomelossattributabletononcontrollinginterest": 2604000,
        "netincomeloss": 124607000,
        "othercomprehensiveincomelossforeigncurrencytransactionandtranslationadjustmentnetoftax": -452278000,
        "othercomprehensiveincomelossderivativesqualifyingashedgesnetoftax": 1447000,
        "othercomprehensiveincomelosspensionandotherpostretirementbenefitplansadjustmentnetoftax": -3517000,
        "othercomprehensiveincomelossnetoftax": -447314000,
        "comprehensiveincomenetoftax": -322707000,
        "earningspersharebasic": 1.16,
        "earningspersharediluted": 1.15,
        "weightedaveragenumberofsharesoutstandingbasic": 112082000,
        "weightedaveragenumberofdilutedsharesoutstanding": 113594000
    },
    {
        "date": "2019-12-30",
        "symbol": "IFF",
        "period": "Q4",
        "grossprofit": 502162000,
        "researchanddevelopmentexpense": 85639000,
        "sellinggeneralandadministrativeexpense": 242010000,
        "amortizationofintangibleassets": 49133000,
        "gainlossonsaleofpropertyplantequipment": -1231000,
        "operatingincomeloss": 116799000,
        "interestexpense": 35559000,
        "othernonoperatingincomeexpense": 15289000,
        "incomelossfromcontinuingoperationsbeforeincometaxesminorityinterestandincomelossfromequitymethodinvestments": 96529000,
        "incometaxexpensebenefit": 16151000,
        "netincomelossattributabletononcontrollinginterest": -2321000,
        "othercomprehensiveincomelossforeigncurrencytransactionandtranslationadjustmentnetoftax": 200443000,
        "othercomprehensiveincomelosspensionandotherpostretirementbenefitplansadjustmentnetoftax": 43850000,
        "comprehensiveincomenetoftax": 234201000,
        "earningspersharebasic": 0.72,
        "earningspersharediluted": 0.7100000000000002,
        "weightedaveragenumberofsharesoutstandingbasic": -223892000,
        "weightedaveragenumberofdilutedsharesoutstanding": -226447000
    },
    {
        "date": "2019-09-29",
        "symbol": "IFF",
        "period": "Q3",
        "revenuefromcontractwithcustomerexcludingassessedtax": 1267345000,
        "costofgoodsandservicessold": 734257000,
        "grossprofit": 533088000,
        "researchanddevelopmentexpense": 85077000,
        "sellinggeneralandadministrativeexpense": 210829000,
        "amortizationofintangibleassets": 48430000,
        "restructuringcharges": 3716000,
        "gainlossonsaleofpropertyplantequipment": -372000,
        "operatingincomeloss": 184664000,
        "interestexpense": 33497000,
        "othernonoperatingincomeexpense": 5699000,
        "incomelossfromcontinuingoperationsbeforeincometaxesminorityinterestandincomelossfromequitymethodinvestments": 156866000,
        "incometaxexpensebenefit": 27059000,
        "profitloss": 129807000,
        "netincomelossattributabletononcontrollinginterest": 2683000,
        "netincomeloss": 127124000,
        "othercomprehensiveincomelossforeigncurrencytransactionandtranslationadjustmentnetoftax": -204853000,
        "othercomprehensiveincomelossderivativesqualifyingashedgesnetoftax": 2939000,
        "othercomprehensiveincomelosspensionandotherpostretirementbenefitplansadjustmentnetoftax": -2721000,
        "othercomprehensiveincomelossnetoftax": -199193000,
        "comprehensiveincomenetoftax": -72069000,
        "earningspersharebasic": 1.15,
        "earningspersharediluted": 1.13,
        "weightedaveragenumberofsharesoutstandingbasic": 111998000,
        "weightedaveragenumberofdilutedsharesoutstanding": 113493000
    },
    {
        "date": "2019-06-29",
        "symbol": "IFF",
        "period": "Q2",
        "revenuefromcontractwithcustomerexcludingassessedtax": 1291568000,
        "costofgoodsandservicessold": 745329000,
        "grossprofit": 546239000,
        "researchanddevelopmentexpense": 84816000,
        "sellinggeneralandadministrativeexpense": 210100000,
        "amortizationofintangibleassets": 47909000,
        "restructuringcharges": 2525000,
        "gainlossonsaleofpropertyplantequipment": -952000,
        "operatingincomeloss": 199937000,
        "interestexpense": 32593000,
        "othernonoperatingincomeexpense": 2137000,
        "incomelossfromcontinuingoperationsbeforeincometaxesminorityinterestandincomelossfromequitymethodinvestments": 169481000,
        "incometaxexpensebenefit": 30612000,
        "netincomeloss": 138869000,
        "netincomelossattributabletononcontrollinginterest": 2492000,
        "netincomelossavailabletocommonstockholdersbasic": 136377000,
        "othercomprehensiveincomelossforeigncurrencytransactionandtranslationadjustmentnetoftax": -14014000,
        "othercomprehensiveincomelossderivativesqualifyingashedgesnetoftax": 415000,
        "othercomprehensiveincomelosspensionandotherpostretirementbenefitplansadjustmentnetoftax": -2594000,
        "othercomprehensiveincomelossnetoftax": -11005000,
        "comprehensiveincomenetoftax": 125372000,
        "earningspersharebasic": 1.21,
        "earningspersharediluted": 1.2,
        "weightedaveragenumberofsharesoutstandingbasic": 111996000,
        "weightedaveragenumberofdilutedsharesoutstanding": 112872000
    },
    {
        "date": "2019-03-30",
        "symbol": "IFF",
        "period": "Q1",
        "salesrevenuegoodsnet": 1297402000,
        "costofgoodssold": 766143000,
        "grossprofit": 531259000,
        "researchanddevelopmentexpense": 90596000,
        "sellinggeneralandadministrativeexpense": 213182000,
        "amortizationofintangibleassets": 47625000,
        "restructuringcharges": 16174000,
        "gainlossonsaleofpropertyplantequipment": 188000,
        "operatingincomeloss": 163870000,
        "interestexpense": 36572000,
        "othernonoperatingincomeexpense": 7278000,
        "incomelossfromcontinuingoperationsbeforeincometaxesminorityinterestandincomelossfromequitymethodinvestments": 134576000,
        "incometaxexpensebenefit": 23362000,
        "netincomeloss": 111214000,
        "netincomelossattributabletononcontrollinginterest": 1541000,
        "netincomelossavailabletocommonstockholdersbasic": 108829000,
        "othercomprehensiveincomelossforeigncurrencytransactionandtranslationadjustmentnetoftax": 42377000,
        "othercomprehensiveincomelossderivativesqualifyingashedgesnetoftax": -97000,
        "othercomprehensiveincomelosspensionandotherpostretirementbenefitplansadjustmentnetoftax": -2593000,
        "othercomprehensiveincomelossnetoftax": 44873000,
        "comprehensiveincomenetoftax": 153702000,
        "earningspersharebasic": 0.97,
        "earningspersharediluted": 0.96,
        "weightedaveragenumberofsharesoutstandingbasic": 111864000,
        "weightedaveragenumberofdilutedsharesoutstanding": 113389000
    },
    {
        "date": "2018-09-29",
        "symbol": "IFF",
        "period": "Q3",
        "salesrevenuegoodsnet": 471334000,
        "costofgoodssold": 506882000,
        "grossprofit": 600000,
        "researchanddevelopmentexpense": 75302000,
        "sellinggeneralandadministrativeexpense": 157796000,
        "amortizationofintangibleassets": 9003000,
        "restructuringcharges": 344000,
        "gainlossonsaleofpropertyplantequipment": 1630000,
        "operatingincomeloss": -19578000,
        "interestexpense": 23914000,
        "othernonoperatingincomeexpense": 4158000,
        "incomelossfromcontinuingoperationsbeforeincometaxesminorityinterestandincomelossfromequitymethodinvestments": 100702000,
        "incometaxexpensebenefit": 4986000,
        "netincomeloss": 500000,
        "othercomprehensiveincomelossforeigncurrencytransactionandtranslationadjustmentnetoftax": -27587000,
        "othercomprehensiveincomelossderivativesqualifyingashedgesnetoftax": 2421000,
        "othercomprehensiveincomelosspensionandotherpostretirementbenefitplansadjustmentnetoftax": -2559000,
        "othercomprehensiveincomelossnetoftax": -22607000,
        "comprehensiveincomenetoftax": 73109000,
        "earningspersharebasic": 1.18,
        "earningspersharediluted": 1.17,
        "weightedaveragenumberofsharesoutstandingbasic": 81263000,
        "weightedaveragenumberofdilutedsharesoutstanding": 81647000,
        "commonstockdividendspersharedeclared": 0.73
    },
    {
        "date": "2018-06-29",
        "symbol": "IFF",
        "period": "Q2",
        "salesrevenuegoodsnet": 469476000,
        "costofgoodssold": 521299000,
        "grossprofit": 1200000,
        "researchanddevelopmentexpense": 74767000,
        "sellinggeneralandadministrativeexpense": 157407000,
        "amortizationofintangibleassets": 9584000,
        "restructuringcharges": 403000,
        "gainlossonsaleofpropertyplantequipment": -1264000,
        "operatingincomeloss": -20572000,
        "interestexpense": 53246000,
        "othernonoperatingincomeexpense": 20655000,
        "incomelossfromcontinuingoperationsbeforeincometaxesminorityinterestandincomelossfromequitymethodinvestments": 121918000,
        "incometaxexpensebenefit": 22769000,
        "netincomeloss": 900000,
        "othercomprehensiveincomelossforeigncurrencytransactionandtranslationadjustmentnetoftax": -85264000,
        "othercomprehensiveincomelossderivativesqualifyingashedgesnetoftax": 10455000,
        "othercomprehensiveincomelosspensionandotherpostretirementbenefitplansadjustmentnetoftax": -2890000,
        "othercomprehensiveincomelossnetoftax": -71919000,
        "comprehensiveincomenetoftax": 27230000,
        "earningspersharebasic": 1.25,
        "earningspersharediluted": 1.25,
        "weightedaveragenumberofsharesoutstandingbasic": 79065000,
        "weightedaveragenumberofdilutedsharesoutstanding": 79303000,
        "commonstockdividendspersharedeclared": 0.69
    },
    {
        "date": "2018-03-30",
        "symbol": "IFF",
        "period": "Q1",
        "salesrevenuegoodsnet": 930928000,
        "costofgoodssold": 525119000,
        "grossprofit": 400000,
        "researchanddevelopmentexpense": 78476000,
        "sellinggeneralandadministrativeexpense": 142644000,
        "amortizationofintangibleassets": 9200000,
        "restructuringcharges": 717000,
        "gainlossonsaleofpropertyplantequipment": 69000,
        "operatingincomeloss": 174856000,
        "interestexpense": 16595000,
        "othernonoperatingincomeexpense": 576000,
        "incomelossfromcontinuingoperationsbeforeincometaxesminorityinterestandincomelossfromequitymethodinvestments": 158837000,
        "incometaxexpensebenefit": 29421000,
        "netincomeloss": 300000,
        "othercomprehensiveincomelossforeigncurrencytransactionandtranslationadjustmentnetoftax": 14803000,
        "othercomprehensiveincomelossderivativesqualifyingashedgesnetoftax": -529000,
        "othercomprehensiveincomelosspensionandotherpostretirementbenefitplansadjustmentnetoftax": -2629000,
        "othercomprehensiveincomelossnetoftax": 14803000,
        "comprehensiveincomenetoftax": 146319000,
        "earningspersharebasic": 1.63,
        "earningspersharediluted": 1.63,
        "weightedaveragenumberofsharesoutstandingbasic": 79018000,
        "weightedaveragenumberofdilutedsharesoutstanding": 79393000,
        "commonstockdividendspersharedeclared": 0.69
    },
    {
        "date": "2017-12-30",
        "symbol": "IFF",
        "period": "Q4",
        "salesrevenuegoodsnet": -818150000,
        "costofgoodssold": -1418277000,
        "grossprofit": 357690000,
        "researchanddevelopmentexpense": 75063000,
        "sellinggeneralandadministrativeexpense": 139598000,
        "amortizationofintangibleassets": 10328000,
        "gainlossonsaleofpropertyplantequipment": 64000,
        "operatingincomeloss": 228971000,
        "interestexpense": -48795000,
        "othernonoperatingincomeexpense": 3774000,
        "incomelossfromcontinuingoperationsbeforeincometaxesminorityinterestandincomelossfromequitymethodinvestments": 115192000,
        "incometaxexpensebenefit": -85470000,
        "netincomeloss": -39953000,
        "othercomprehensiveincomelossforeigncurrencytransactionandtranslationadjustmentnetoftax": 24800000,
        "othercomprehensiveincomelossderivativesqualifyingashedgesnetoftax": -403000,
        "othercomprehensiveincomelosspensionandotherpostretirementbenefitplansadjustmentnetoftax": 5228000,
        "comprehensiveincomenetoftax": -20986000,
        "earningspersharebasic": -0.51,
        "earningspersharediluted": -0.4999999999999998,
        "weightedaveragenumberofsharesoutstandingbasic": -158163000,
        "weightedaveragenumberofdilutedsharesoutstanding": -158706000,
        "commonstockdividendspersharedeclared": 0.6900000000000001
    },
    {
        "date": "2017-09-29",
        "symbol": "IFF",
        "period": "Q3",
        "salesrevenuegoodsnet": 463140000,
        "costofgoodssold": 490884000,
        "grossprofit": 382056000,
        "researchanddevelopmentexpense": 70932000,
        "sellinggeneralandadministrativeexpense": 141473000,
        "amortizationofintangibleassets": 8766000,
        "restructuringcharges": 3249000,
        "gainlossonsaleofpropertyplantequipment": 31000,
        "operatingincomeloss": -17598000,
        "interestexpense": 19221000,
        "othernonoperatingincomeexpense": 2880000,
        "incomelossfromcontinuingoperationsbeforeincometaxesminorityinterestandincomelossfromequitymethodinvestments": 141326000,
        "incometaxexpensebenefit": 31065000,
        "netincomeloss": 110261000,
        "othercomprehensiveincomelossforeigncurrencytransactionandtranslationadjustmentnetoftax": 19719000,
        "othercomprehensiveincomelossderivativesqualifyingashedgesnetoftax": -4014000,
        "othercomprehensiveincomelosspensionandotherpostretirementbenefitplansadjustmentnetoftax": -3845000,
        "othercomprehensiveincomelossnetoftax": 19550000,
        "comprehensiveincomenetoftax": 129811000,
        "earningspersharebasic": 1.39,
        "earningspersharediluted": 1.39,
        "weightedaveragenumberofsharesoutstandingbasic": 79063000,
        "weightedaveragenumberofdilutedsharesoutstanding": 79362000,
        "commonstockdividendspersharedeclared": 0.69
    },
    {
        "date": "2017-06-29",
        "symbol": "IFF",
        "period": "Q2",
        "salesrevenuegoodsnet": 428538000,
        "costofgoodssold": 468272000,
        "grossprofit": 374589000,
        "researchanddevelopmentexpense": 70320000,
        "sellinggeneralandadministrativeexpense": 135910000,
        "amortizationofintangibleassets": 8500000,
        "restructuringcharges": 791000,
        "gainlossonsaleofpropertyplantequipment": 68000,
        "operatingincomeloss": -13398000,
        "interestexpense": 17556000,
        "othernonoperatingincomeexpense": 454000,
        "incomelossfromcontinuingoperationsbeforeincometaxesminorityinterestandincomelossfromequitymethodinvestments": 142040000,
        "incometaxexpensebenefit": 32245000,
        "netincomeloss": 109795000,
        "othercomprehensiveincomelossforeigncurrencytransactionandtranslationadjustmentnetoftax": 13347000,
        "othercomprehensiveincomelossderivativesqualifyingashedgesnetoftax": -11768000,
        "othercomprehensiveincomelosspensionandotherpostretirementbenefitplansadjustmentnetoftax": -3688000,
        "othercomprehensiveincomelossnetoftax": 5267000,
        "comprehensiveincomenetoftax": 115062000,
        "earningspersharebasic": 1.39,
        "earningspersharediluted": 1.38,
        "weightedaveragenumberofsharesoutstandingbasic": 79072000,
        "weightedaveragenumberofdilutedsharesoutstanding": 79305000,
        "commonstockdividendspersharedeclared": 0.64
    },
    {
        "date": "2017-03-30",
        "symbol": "IFF",
        "period": "Q1",
        "salesrevenuegoodsnet": 828293000,
        "costofgoodssold": 463627000,
        "grossprofit": 364666000,
        "researchanddevelopmentexpense": 69711000,
        "sellinggeneralandadministrativeexpense": 140330000,
        "amortizationofintangibleassets": 7100000,
        "restructuringcharges": 10142000,
        "gainlossonsaleofpropertyplantequipment": 21000,
        "operatingincomeloss": 137437000,
        "interestexpense": 12807000,
        "othernonoperatingincomeexpense": 13857000,
        "incomelossfromcontinuingoperationsbeforeincometaxesminorityinterestandincomelossfromequitymethodinvestments": 138487000,
        "incometaxexpensebenefit": 22723000,
        "netincomeloss": 115764000,
        "othercomprehensiveincomelossforeigncurrencytransactionandtranslationadjustmentnetoftax": -3257000,
        "othercomprehensiveincomelossderivativesqualifyingashedgesnetoftax": -1751000,
        "othercomprehensiveincomelosspensionandotherpostretirementbenefitplansadjustmentnetoftax": -3635000,
        "othercomprehensiveincomelossnetoftax": -3257000,
        "comprehensiveincomenetoftax": 114391000,
        "earningspersharebasic": 1.46,
        "earningspersharediluted": 1.45,
        "weightedaveragenumberofsharesoutstandingbasic": 79098000,
        "weightedaveragenumberofdilutedsharesoutstanding": 79409000,
        "commonstockdividendspersharedeclared": 0.64
    },
    {
        "date": "2016-09-29",
        "symbol": "IFF",
        "period": "Q3",
        "salesrevenuegoodsnet": 410144000,
        "costofgoodssold": 430733000,
        "grossprofit": 346268000,
        "researchanddevelopmentexpense": 64415000,
        "sellinggeneralandadministrativeexpense": 152046000,
        "amortizationofintangibleassets": 5500000,
        "restructuringcharges": 190000,
        "operatingincomeloss": -11405000,
        "interestexpense": 13111000,
        "othernonoperatingincomeexpense": 2162000,
        "incomelossfromcontinuingoperationsbeforeincometaxesminorityinterestandincomelossfromequitymethodinvestments": 113390000,
        "incometaxexpensebenefit": 23613000,
        "netincomeloss": 89777000,
        "othercomprehensiveincomelossforeigncurrencytransactionandtranslationadjustmentnetoftax": -6191000,
        "othercomprehensiveincomelossderivativesqualifyingashedgesnetoftax": 268000,
        "othercomprehensiveincomelosspensionandotherpostretirementbenefitplansadjustmentnetoftax": -2586000,
        "othercomprehensiveincomelossnetoftax": -3337000,
        "comprehensiveincomenetoftax": 86440000,
        "earningspersharebasic": 1.13,
        "earningspersharediluted": 1.12,
        "weightedaveragenumberofsharesoutstandingbasic": 79580000,
        "weightedaveragenumberofdilutedsharesoutstanding": 79935000,
        "commonstockdividendspersharedeclared": 0.64
    },
    {
        "date": "2016-06-29",
        "symbol": "IFF",
        "period": "Q2",
        "salesrevenuegoodsnet": 41465000,
        "costofgoodssold": 427837000,
        "grossprofit": 365640000,
        "researchanddevelopmentexpense": 63252000,
        "sellinggeneralandadministrativeexpense": 132784000,
        "amortizationofintangibleassets": 5139000,
        "restructuringcharges": 182000,
        "operatingincomeloss": -193361000,
        "interestexpense": 15061000,
        "othernonoperatingincomeexpense": 2638000,
        "incomelossfromcontinuingoperationsbeforeincometaxesminorityinterestandincomelossfromequitymethodinvestments": 152051000,
        "incometaxexpensebenefit": 35317000,
        "netincomeloss": 116734000,
        "othercomprehensiveincomelossforeigncurrencytransactionandtranslationadjustmentnetoftax": -4688000,
        "othercomprehensiveincomelossderivativesqualifyingashedgesnetoftax": 800000,
        "othercomprehensiveincomelosspensionandotherpostretirementbenefitplansadjustmentnetoftax": -2578000,
        "othercomprehensiveincomelossnetoftax": -4688000,
        "comprehensiveincomenetoftax": 115424000,
        "earningspersharebasic": 1.46,
        "earningspersharediluted": 1.4600000000000002,
        "weightedaveragenumberofsharesoutstandingbasic": 143000,
        "weightedaveragenumberofdilutedsharesoutstanding": 86000,
        "commonstockdividendspersharedeclared": 0.56
    },
    {
        "date": "2016-03-30",
        "symbol": "IFF",
        "period": "Q1",
        "salesrevenuegoodsnet": 783312000,
        "costofgoodssold": 423103000,
        "grossprofit": 360209000,
        "researchanddevelopmentexpense": 63385000,
        "sellinggeneralandadministrativeexpense": 123543000,
        "amortizationofintangibleassets": 6061000,
        "restructuringcharges": 101000,
        "operatingincomeloss": 167220000,
        "interestexpense": 12478000,
        "othernonoperatingincomeexpense": 154000,
        "incomelossfromcontinuingoperationsbeforeincometaxesminorityinterestandincomelossfromequitymethodinvestments": 154896000,
        "incometaxexpensebenefit": 36293000,
        "netincomeloss": 118603000,
        "othercomprehensiveincomelossforeigncurrencytransactionandtranslationadjustmentnetoftax": 14077000,
        "othercomprehensiveincomelossderivativesqualifyingashedgesnetoftax": -10192000,
        "othercomprehensiveincomelosspensionandotherpostretirementbenefitplansadjustmentnetoftax": -2555000,
        "othercomprehensiveincomelossnetoftax": 14077000,
        "comprehensiveincomenetoftax": 125043000,
        "earningspersharebasic": 1.48,
        "earningspersharediluted": 1.47,
        "weightedaveragenumberofsharesoutstandingbasic": 79666000,
        "weightedaveragenumberofdilutedsharesoutstanding": 80055000,
        "commonstockdividendspersharedeclared": 0.56
    },
    {
        "date": "2015-09-29",
        "symbol": "IFF",
        "period": "Q3",
        "salesrevenuegoodsnet": 28881000,
        "costofgoodssold": 417966000,
        "grossprofit": 347126000,
        "researchanddevelopmentexpense": 62749000,
        "sellinggeneralandadministrativeexpense": 127662000,
        "restructuringcharges": 1000,
        "operatingincomeloss": -180231000,
        "interestexpense": 11855000,
        "othernonoperatingincomeexpense": -1959000,
        "incomelossfromcontinuingoperationsbeforeincometaxesminorityinterestandincomelossfromequitymethodinvestments": 142900000,
        "incometaxexpensebenefit": 36452000,
        "netincomeloss": 106448000,
        "othercomprehensiveincomelossforeigncurrencytransactionandtranslationadjustmentnetoftax": -48368000,
        "othercomprehensiveincomelossderivativesqualifyingashedgesnetoftax": -12498000,
        "othercomprehensiveincomelosspensionandotherpostretirementbenefitplansadjustmentnetoftax": -5478000,
        "othercomprehensiveincomelossnetoftax": -47878000,
        "comprehensiveincomenetoftax": 51060000,
        "earningspersharebasic": 1.3200000000000003,
        "earningspersharediluted": 1.3199999999999996,
        "weightedaveragenumberofsharesoutstandingbasic": -80842000,
        "weightedaveragenumberofdilutedsharesoutstanding": -81335000,
        "commonstockdividendspersharedeclared": 0.56
    },
    {
        "date": "2015-06-29",
        "symbol": "IFF",
        "period": "Q2",
        "salesrevenuegoodsnet": 395063000,
        "costofgoodssold": 422501000,
        "grossprofit": 345040000,
        "researchanddevelopmentexpense": 62514000,
        "sellinggeneralandadministrativeexpense": 134063000,
        "restructuringcharges": -358000,
        "operatingincomeloss": -8629000,
        "interestexpense": 11407000,
        "othernonoperatingincomeexpense": -436000,
        "incomelossfromcontinuingoperationsbeforeincometaxesminorityinterestandincomelossfromequitymethodinvestments": 136978000,
        "incometaxexpensebenefit": 31604000,
        "netincomeloss": 105374000,
        "othercomprehensiveincomelossforeigncurrencytransactionandtranslationadjustmentnetoftax": 17557000,
        "othercomprehensiveincomelossderivativesqualifyingashedgesnetoftax": -5966000,
        "othercomprehensiveincomelosspensionandotherpostretirementbenefitplansadjustmentnetoftax": -5476000,
        "othercomprehensiveincomelossnetoftax": 17067000,
        "comprehensiveincomenetoftax": 122441000,
        "earningspersharebasic": 1.3,
        "earningspersharediluted": 1.29,
        "weightedaveragenumberofsharesoutstandingbasic": 80790000,
        "weightedaveragenumberofdilutedsharesoutstanding": 81192000,
        "commonstockdividendspersharedeclared": 0.47
    },
    {
        "date": "2015-03-30",
        "symbol": "IFF",
        "period": "Q1",
        "salesrevenuegoodsnet": 774907000,
        "costofgoodssold": 428630000,
        "grossprofit": 346277000,
        "researchanddevelopmentexpense": 63462000,
        "sellinggeneralandadministrativeexpense": 120835000,
        "restructuringcharges": 187000,
        "operatingincomeloss": 161793000,
        "interestexpense": 11095000,
        "othernonoperatingincomeexpense": 5710000,
        "incomelossfromcontinuingoperationsbeforeincometaxesminorityinterestandincomelossfromequitymethodinvestments": 156408000,
        "incometaxexpensebenefit": 28150000,
        "netincomeloss": 128258000,
        "othercomprehensiveincomelossforeigncurrencytransactionandtranslationadjustmentnetoftax": -50515000,
        "othercomprehensiveincomelossderivativesqualifyingashedgesnetoftax": 12083000,
        "othercomprehensiveincomelosspensionandotherpostretirementbenefitplansadjustmentnetoftax": -5547000,
        "othercomprehensiveincomelossnetoftax": -50515000,
        "comprehensiveincomenetoftax": 95373000,
        "earningspersharebasic": 1.58,
        "earningspersharediluted": 1.57,
        "weightedaveragenumberofsharesoutstandingbasic": 80654000,
        "weightedaveragenumberofdilutedsharesoutstanding": 81195000,
        "commonstockdividendspersharedeclared": 0.47
    },
    {
        "date": "2014-09-29",
        "symbol": "IFF",
        "period": "Q3",
        "salesrevenuegoodsnet": 358708000,
        "costofgoodssold": 433702000,
        "researchanddevelopmentexpense": 63701000,
        "sellinggeneralandadministrativeexpense": 123212000,
        "restructuringcharges": 608000,
        "interestexpense": 10968000,
        "othernonoperatingincomeexpense": 563000,
        "incomelossfromcontinuingoperationsbeforeincometaxesminorityinterestandincomelossfromequitymethodinvestments": 142185000,
        "incometaxexpensebenefit": 34770000,
        "netincomeloss": 107415000,
        "othercomprehensiveincomelossforeigncurrencytransactionandtranslationadjustmentnetoftax": -25046000,
        "othercomprehensiveincomelossderivativesqualifyingashedgesnetoftax": 5748000,
        "othercomprehensiveincomelosspensionandotherpostretirementbenefitplansadjustmentnetoftax": -3951000,
        "othercomprehensiveincomelossnetoftax": -15347000,
        "comprehensiveincomenetoftax": 92068000,
        "earningspersharebasic": 1.32,
        "earningspersharediluted": 1.31,
        "weightedaveragenumberofsharesoutstandingbasic": 80942000,
        "weightedaveragenumberofdilutedsharesoutstanding": 81508000,
        "commonstockdividendspersharedeclared": 0.47
    },
    {
        "date": "2014-06-29",
        "symbol": "IFF",
        "period": "Q2",
        "salesrevenuegoodsnet": 375513000,
        "costofgoodssold": 435767000,
        "researchanddevelopmentexpense": 66431000,
        "sellinggeneralandadministrativeexpense": 132919000,
        "restructuringcharges": 182000,
        "interestexpense": 11403000,
        "othernonoperatingincomeexpense": 4641000,
        "incomelossfromcontinuingoperationsbeforeincometaxesminorityinterestandincomelossfromequitymethodinvestments": 146353000,
        "incometaxexpensebenefit": 36068000,
        "netincomeloss": 110285000,
        "othercomprehensiveincomelossforeigncurrencytransactionandtranslationadjustmentnetoftax": 7570000,
        "othercomprehensiveincomelossderivativesqualifyingashedgesnetoftax": 1598000,
        "othercomprehensiveincomelosspensionandotherpostretirementbenefitplansadjustmentnetoftax": -4400000,
        "othercomprehensiveincomelossnetoftax": 13568000,
        "comprehensiveincomenetoftax": 123853000,
        "earningspersharebasic": 1.35,
        "earningspersharediluted": 1.35,
        "weightedaveragenumberofsharesoutstandingbasic": 80949000,
        "weightedaveragenumberofdilutedsharesoutstanding": 81430000,
        "commonstockdividendspersharedeclared": 0.39
    },
    {
        "date": "2014-03-30",
        "symbol": "IFF",
        "period": "Q1",
        "salesrevenuegoodsnet": 403719000,
        "costofgoodssold": 428812000,
        "researchanddevelopmentexpense": 61504000,
        "sellinggeneralandadministrativeexpense": 123733000,
        "restructuringcharges": 122000,
        "interestexpense": 11677000,
        "othernonoperatingincomeexpense": -1443000,
        "incomelossfromcontinuingoperationsbeforeincometaxesminorityinterestandincomelossfromequitymethodinvestments": 142933000,
        "incometaxexpensebenefit": 36226000,
        "netincomeloss": 106707000,
        "othercomprehensiveincomelossforeigncurrencytransactionandtranslationadjustmentnetoftax": -9396000,
        "othercomprehensiveincomelossderivativesqualifyingashedgesnetoftax": 460000,
        "othercomprehensiveincomelosspensionandotherpostretirementbenefitplansadjustmentnetoftax": -4365000,
        "othercomprehensiveincomelossnetoftax": -9396000,
        "comprehensiveincomenetoftax": 102136000,
        "earningspersharebasic": 1.31,
        "earningspersharediluted": 1.3,
        "weightedaveragenumberofsharesoutstandingbasic": 81053000,
        "weightedaveragenumberofdilutedsharesoutstanding": 81732000,
        "commonstockdividendspersharedeclared": 0.39
    },
    {
        "date": "2013-09-29",
        "symbol": "IFF",
        "period": "Q3",
        "salesrevenuegoodsnet": 349384000,
        "costofgoodssold": 416852000,
        "researchanddevelopmentexpense": 65655000,
        "sellinggeneralandadministrativeexpense": 118221000,
        "interestexpense": 11625000,
        "othernonoperatingincomeexpense": 4081000,
        "incomelossfromcontinuingoperationsbeforeincometaxesminorityinterestandincomelossfromequitymethodinvestments": 133984000,
        "incometaxexpensebenefit": 34938000,
        "netincomeloss": 99046000,
        "othercomprehensiveincomelossforeigncurrencytransactionandtranslationadjustmentnetoftax": 5707000,
        "othercomprehensiveincomelossderivativesqualifyingashedgesnetoftax": -1859000,
        "othercomprehensiveincomelosspensionandotherpostretirementbenefitplansadjustmentnetoftax": -5126000,
        "othercomprehensiveincomelossnetoftax": 8974000,
        "comprehensiveincomenetoftax": 108020000,
        "earningspersharebasic": 1.2099999999999997,
        "earningspersharediluted": 1.1999999999999997,
        "weightedaveragenumberofsharesoutstandingbasic": -81251000,
        "weightedaveragenumberofdilutedsharesoutstanding": -82106000,
        "commonstockdividendspersharedeclared": 0.38999999999999996
    },
    {
        "date": "2013-06-29",
        "symbol": "IFF",
        "period": "Q2",
        "salesrevenuegoodsnet": 374041000,
        "costofgoodssold": 423649000,
        "researchanddevelopmentexpense": 64672000,
        "sellinggeneralandadministrativeexpense": 124813000,
        "restructuringcharges": 2105000,
        "interestexpense": 12860000,
        "othernonoperatingincomeexpense": 11209000,
        "incomelossfromcontinuingoperationsbeforeincometaxesminorityinterestandincomelossfromequitymethodinvestments": 140745000,
        "incometaxexpensebenefit": 38423000,
        "netincomeloss": 102322000,
        "othercomprehensiveincomelossforeigncurrencytransactionandtranslationadjustmentnetoftax": -17051000,
        "othercomprehensiveincomelossderivativesqualifyingashedgesnetoftax": -2174000,
        "othercomprehensiveincomelosspensionandotherpostretirementbenefitplansadjustmentnetoftax": -5088000,
        "othercomprehensiveincomelossnetoftax": -14137000,
        "comprehensiveincomenetoftax": 88185000,
        "earningspersharebasic": 1.25,
        "earningspersharediluted": 1.24,
        "weightedaveragenumberofsharesoutstandingbasic": 81309000,
        "weightedaveragenumberofdilutedsharesoutstanding": 82041000,
        "commonstockdividendspersharedeclared": 0.34
    },
    {
        "date": "2013-03-30",
        "symbol": "IFF",
        "period": "Q1",
        "salesrevenuegoodsnet": 356361000,
        "costofgoodssold": 416476000,
        "researchanddevelopmentexpense": 59101000,
        "sellinggeneralandadministrativeexpense": 114653000,
        "interestexpense": 11152000,
        "othernonoperatingincomeexpense": 1069000,
        "incomelossfromcontinuingoperationsbeforeincometaxesminorityinterestandincomelossfromequitymethodinvestments": 127523000,
        "incometaxexpensebenefit": 36826000,
        "netincomeloss": 90697000,
        "othercomprehensiveincomelossforeigncurrencytransactionandtranslationadjustmentnetoftax": 226000,
        "othercomprehensiveincomelossderivativesqualifyingashedgesnetoftax": -128000,
        "othercomprehensiveincomelosspensionandotherpostretirementbenefitplansadjustmentnetoftax": -5132000,
        "othercomprehensiveincomelossnetoftax": 5230000,
        "comprehensiveincomenetoftax": 95927000,
        "earningspersharebasic": 1.11,
        "earningspersharediluted": 1.1,
        "weightedaveragenumberofsharesoutstandingbasic": 81291000,
        "weightedaveragenumberofdilutedsharesoutstanding": 82024000,
        "commonstockdividendspersharedeclared": 0.34
    },
    {
        "date": "2012-09-29",
        "symbol": "IFF",
        "period": "Q3",
        "salesrevenuegoodsnet": 340674000,
        "costofgoodssold": 407431000,
        "researchanddevelopmentexpense": 57658000,
        "sellinggeneralandadministrativeexpense": 109693000,
        "interestexpense": 9907000,
        "othernonoperatingincomeexpense": -2421000,
        "incomelossfromcontinuingoperationsbeforeincometaxesminorityinterestandincomelossfromequitymethodinvestments": 121845000,
        "incometaxexpensebenefit": 105480000,
        "netincomeloss": 16365000,
        "comprehensiveincomenetoftax": 42830000,
        "earningspersharebasic": 0.19999999999999973,
        "earningspersharediluted": 0.19999999999999973,
        "weightedaveragenumberofsharesoutstandingbasic": 303000,
        "weightedaveragenumberofdilutedsharesoutstanding": 257000,
        "commonstockdividendspersharedeclared": 0.3399999999999999
    },
    {
        "date": "2012-06-29",
        "symbol": "IFF",
        "period": "Q2",
        "salesrevenuegoodsnet": 350529000,
        "costofgoodssold": 419774000,
        "researchanddevelopmentexpense": 56401000,
        "sellinggeneralandadministrativeexpense": 112833000,
        "restructuringcharges": 0,
        "interestexpense": 10612000,
        "othernonoperatingincomeexpense": 842000,
        "incomelossfromcontinuingoperationsbeforeincometaxesminorityinterestandincomelossfromequitymethodinvestments": 122539000,
        "incometaxexpensebenefit": 33944000,
        "netincomeloss": 88595000,
        "comprehensiveincomenetoftax": 43376000,
        "earningspersharebasic": 1.08,
        "earningspersharediluted": 1.07,
        "weightedaveragenumberofsharesoutstandingbasic": 161000,
        "weightedaveragenumberofdilutedsharesoutstanding": 60000,
        "commonstockdividendspersharedeclared": 0.31
    },
    {
        "date": "2012-03-30",
        "symbol": "IFF",
        "period": "Q1",
        "salesrevenuegoodsnet": 360729000,
        "costofgoodssold": 425217000,
        "researchanddevelopmentexpense": 57408000,
        "sellinggeneralandadministrativeexpense": 105416000,
        "restructuringcharges": 1668000,
        "interestexpense": 10811000,
        "othernonoperatingincomeexpense": 246000,
        "incomelossfromcontinuingoperationsbeforeincometaxesminorityinterestandincomelossfromequitymethodinvestments": 110342000,
        "incometaxexpensebenefit": 29286000,
        "netincomeloss": 81056000,
        "othercomprehensiveincomeforeigncurrencytransactionandtranslationadjustmentnetoftaxperiodincreasedecrease": 28649000,
        "othercomprehensiveincomederivativesqualifyingashedgesnetoftaxperiodincreasedecrease": -704000,
        "othercomprehensiveincomedefinedbenefitplansadjustmentnetoftaxperiodincreasedecrease": 4421000,
        "othercomprehensiveincomelossnetoftaxperiodincreasedecrease": 32366000,
        "comprehensiveincomenetoftax": 113422000,
        "earningspersharebasic": 1,
        "earningspersharediluted": 0.99,
        "weightedaveragenumberofsharesoutstandingbasic": 80777000,
        "weightedaveragenumberofdilutedsharesoutstanding": 81667000,
        "commonstockdividendspersharedeclared": 0.31
    },
    {
        "date": "2011-09-29",
        "symbol": "IFF",
        "period": "Q3",
        "salesrevenuegoodsnet": 373165000,
        "costofgoodssold": 435400000,
        "researchanddevelopmentexpense": 53637000,
        "sellinggeneralandadministrativeexpense": 96783000,
        "restructuringcharges": -645000,
        "interestexpense": 10280000,
        "othernonoperatingincomeexpense": -5846000,
        "costsandexpenses": 601301000,
        "incomelossfromcontinuingoperationsbeforeincometaxesminorityinterestandincomelossfromequitymethodinvestments": 112474000,
        "incometaxexpensebenefit": 30233000,
        "netincomeloss": 82241000,
        "othercomprehensiveincomeforeigncurrencytransactionandtranslationadjustmentnetoftaxperiodincreasedecrease": -58741000,
        "othercomprehensiveincomederivativesqualifyingashedgesnetoftaxperiodincreasedecrease": 5403000,
        "othercomprehensiveincomedefinedbenefitplansadjustmentnetoftaxperiodincreasedecrease": 2670000,
        "comprehensiveincomenetoftax": 31573000,
        "earningspersharebasic": 1.01,
        "earningspersharediluted": 1,
        "weightedaveragenumberofsharesoutstandingbasic": 80644000,
        "weightedaveragenumberofdilutedsharesoutstanding": 81628000,
        "commonstockdividendspersharedeclared": 0.31
    },
    {
        "date": "2011-06-29",
        "symbol": "IFF",
        "period": "Q2",
        "salesrevenuegoodsnet": 370182000,
        "costofgoodssold": 431166000,
        "researchanddevelopmentexpense": 56229000,
        "sellinggeneralandadministrativeexpense": 106224000,
        "restructuringcharges": 3985000,
        "interestexpense": 12009000,
        "othernonoperatingincomeexpense": -1055000,
        "costsandexpenses": 610668000,
        "incomelossfromcontinuingoperationsbeforeincometaxesminorityinterestandincomelossfromequitymethodinvestments": 104921000,
        "incometaxexpensebenefit": 28733000,
        "netincomeloss": 76188000,
        "othercomprehensiveincomeforeigncurrencytransactionandtranslationadjustmentnetoftaxperiodincreasedecrease": 10085000,
        "othercomprehensiveincomederivativesqualifyingashedgesnetoftaxperiodincreasedecrease": 617000,
        "othercomprehensiveincomedefinedbenefitplansadjustmentnetoftaxperiodincreasedecrease": 5033000,
        "comprehensiveincomenetoftax": 91923000,
        "earningspersharebasic": 0.94,
        "earningspersharediluted": 0.93,
        "weightedaveragenumberofsharesoutstandingbasic": 80451000,
        "weightedaveragenumberofdilutedsharesoutstanding": 81489000,
        "commonstockdividendspersharedeclared": 0.27
    },
    {
        "date": "2011-03-30",
        "symbol": "IFF",
        "period": "Q1",
        "salesrevenuegoodsnet": 714271000,
        "costofgoodssold": 416811000,
        "researchanddevelopmentexpense": 57456000,
        "sellinggeneralandadministrativeexpense": 106619000,
        "restructuringcharges": 28000,
        "interestexpense": 11680000,
        "othernonoperatingincomeexpense": -6056000,
        "costsandexpenses": 598650000,
        "incomelossfromcontinuingoperationsbeforeincometaxesminorityinterestandincomelossfromequitymethodinvestments": 115621000,
        "incometaxexpensebenefit": 31578000,
        "netincomeloss": 84043000,
        "othercomprehensiveincomeforeigncurrencytransactionandtranslationadjustmentnetoftaxperiodincreasedecrease": 28808000,
        "othercomprehensiveincomederivativesqualifyingashedgesnetoftaxperiodincreasedecrease": -2048000,
        "othercomprehensiveincomedefinedbenefitplansadjustmentnetoftaxperiodincreasedecrease": 2677000,
        "comprehensiveincomenetoftax": 113480000,
        "earningspersharebasic": 1.04,
        "earningspersharediluted": 1.03,
        "weightedaveragenumberofsharesoutstandingbasic": 80049000,
        "weightedaveragenumberofdilutedsharesoutstanding": 81150000,
        "commonstockdividendspersharedeclared": 0.27
    },
    {
        "date": "2010-09-29",
        "symbol": "IFF",
        "period": "Q3",
        "salesrevenuegoodsnet": 673283000,
        "costofgoodssold": 388235000,
        "researchanddevelopmentexpense": 53214000,
        "sellinggeneralandadministrativeexpense": 108955000,
        "restructuringcharges": 2355000,
        "interestexpense": 12244000,
        "othernonoperatingincomeexpense": -2097000,
        "costsandexpenses": 567100000,
        "incomelossfromcontinuingoperationsbeforeincometaxesminorityinterestandincomelossfromequitymethodinvestments": 106183000,
        "incometaxexpensebenefit": 29145000,
        "netincomeloss": 77038000,
        "othercomprehensiveincomeforeigncurrencytransactionandtranslationadjustmentnetoftaxperiodincreasedecrease": 42055000,
        "othercomprehensiveincomederivativesqualifyingashedgesnetoftaxperiodincreasedecrease": -5848000,
        "othercomprehensiveincomedefinedbenefitplansadjustmentnetoftaxperiodincreasedecrease": 2025000,
        "comprehensiveincomenetoftax": 115270000,
        "earningspersharebasic": 0.96,
        "earningspersharediluted": 0.95,
        "weightedaveragenumberofsharesoutstandingbasic": 79357000,
        "weightedaveragenumberofdilutedsharesoutstanding": 80266000,
        "commonstockdividendspersharedeclared": 0.27
    },
    {
        "date": "2010-06-29",
        "symbol": "IFF",
        "period": "Q2",
        "salesrevenuegoodsnet": 665800000,
        "costofgoodssold": 380799000,
        "researchanddevelopmentexpense": 55844000,
        "sellinggeneralandadministrativeexpense": 119523000,
        "restructuringcharges": 1843000,
        "interestexpense": 12051000,
        "othernonoperatingincomeexpense": -2107000,
        "costsandexpenses": 572167000,
        "incomelossfromcontinuingoperationsbeforeincometaxesminorityinterestandincomelossfromequitymethodinvestments": 93633000,
        "incometaxexpensebenefit": 26481000,
        "netincomeloss": 67152000,
        "othercomprehensiveincomeforeigncurrencytransactionandtranslationadjustmentnetoftaxperiodincreasedecrease": -24820000,
        "othercomprehensiveincomederivativesqualifyingashedgesnetoftaxperiodincreasedecrease": -473000,
        "othercomprehensiveincomedefinedbenefitplansadjustmentnetoftaxperiodincreasedecrease": 1659000,
        "comprehensiveincomenetoftax": 43518000,
        "earningspersharebasic": 0.84,
        "earningspersharediluted": 0.83,
        "weightedaveragenumberofsharesoutstandingbasic": 79188000,
        "weightedaveragenumberofdilutedsharesoutstanding": 80111000,
        "commonstockdividendspersharedeclared": 0.25
    }
]