[
    {
        "date": "2024-03-30",
        "symbol": "FTAI",
        "period": "Q1",
        "revenues": 53161000,
        "costofgoodsandservicessold": 142804000,
        "othercostandexpenseoperating": 25317000,
        "generalandadministrativeexpense": 3683000,
        "businesscombinationacquisitionrelatedcosts": 6179000,
        "otherexpenses": 4895000,
        "depreciationdepletionandamortization": 49920000,
        "assetimpairmentcharges": 962000,
        "interestexpense": 47707000,
        "costsandexpenses": 281467000,
        "incomelossfromequitymethodinvestments": -667000,
        "othernonoperatingincomeexpense": 634000,
        "nonoperatingincomeexpense": -33000,
        "incomelossfromcontinuingoperationsbeforeincometaxesextraordinaryitemsnoncontrollinginterest": 45194000,
        "incometaxexpensebenefit": 5572000,
        "profitloss": 39622000,
        "dividendspreferredstock": 8335000,
        "netincomelossavailabletocommonstockholdersbasic": 31287000,
        "earningspersharebasic": 0.31,
        "earningspersharediluted": 0.31,
        "weightedaveragenumberofsharesoutstandingbasic": 100245905,
        "weightedaveragenumberofdilutedsharesoutstanding": 100960065
    },
    {
        "date": "2022-06-29",
        "symbol": "FTAI",
        "period": "Q2",
        "revenuefromcontractwithcustomerexcludingassessedtax": 112064000,
        "othercostandexpenseoperating": 84004000,
        "generalandadministrativeexpense": 5004000,
        "businesscombinationacquisitionrelatedcosts": 9626000,
        "relatedpartytransactionexpensesfromtransactionswithrelatedparty": 3062000,
        "depreciationdepletionandamortization": 56622000,
        "assetimpairmentcharges": 886000,
        "interestexpense": 54373000,
        "costsandexpenses": 213577000,
        "incomelossfromequitymethodinvestments": -13823000,
        "gainlossonsaleofpropertyplantequipment": 63645000,
        "interestincomeexpensenet": 590000,
        "othernonoperatingincomeexpense": -1596000,
        "nonoperatingincomeexpense": 48816000,
        "incomelossfromcontinuingoperationsbeforeincometaxesextraordinaryitemsnoncontrollinginterest": 13171000,
        "incometaxexpensebenefit": 3411000,
        "profitloss": 9760000,
        "incomelossfromcontinuingoperationsattributabletononcontrollingentity": -8480000,
        "dividendspreferredstock": 6791000,
        "netincomelossavailabletocommonstockholdersbasic": 11449000,
        "earningspersharebasic": 0.12,
        "earningspersharediluted": 0.11,
        "weightedaveragenumberofsharesoutstandingbasic": 99370301,
        "weightedaveragenumberofdilutedsharesoutstanding": 99805455,
        "othercomprehensiveincomelosscashflowhedgegainlossreclassificationaftertax": 47714000,
        "comprehensiveincomenetoftaxincludingportionattributabletononcontrollinginterest": -37954000,
        "comprehensiveincomenetoftax": -29474000
    },
    {
        "date": "2021-09-29",
        "symbol": "FTAI",
        "period": "Q3",
        "revenuefromcontractwithcustomerexcludingassessedtax": 99174000,
        "othercostandexpenseoperating": 52793000,
        "generalandadministrativeexpense": 4422000,
        "businesscombinationacquisitionrelatedcosts": 7130000,
        "relatedpartytransactionexpensesfromtransactionswithrelatedparty": 3845000,
        "depreciationdepletionandamortization": 53368000,
        "assetimpairmentcharges": 859000,
        "interestexpense": 54500000,
        "costsandexpenses": 176917000,
        "incomelossfromequitymethodinvestments": -4082000,
        "gainlossonsaleofpropertyplantequipment": 12685000,
        "interestincomeexpensenet": 483000,
        "othernonoperatingincomeexpense": -8068000,
        "nonoperatingincomeexpense": 1018000,
        "incomelossfromcontinuingoperationsbeforeincometaxesextraordinaryitemsnoncontrollinginterest": -39937000,
        "incometaxexpensebenefit": -494000,
        "incomelossfromcontinuingoperationsincludingportionattributabletononcontrollinginterest": -39443000,
        "profitloss": -39443000,
        "incomelossfromcontinuingoperationsattributabletononcontrollingentity": -7363000,
        "dividendspreferredstock": 6791000,
        "netincomelossavailabletocommonstockholdersbasic": -38871000,
        "incomelossfromcontinuingoperationsperbasicshare": -0.45000000000000007,
        "incomelossfromcontinuingoperationsperdilutedshare": -0.45000000000000007,
        "weightedaveragenumberofsharesoutstandingbasic": -85271524,
        "weightedaveragenumberofdilutedsharesoutstanding": -85271524,
        "othercomprehensiveincomelosscashflowhedgegainlossreclassificationaftertax": 54640000,
        "comprehensiveincomenetoftaxincludingportionattributabletononcontrollinginterest": -94083000,
        "comprehensiveincomenetoftax": -86720000,
        "othercomprehensiveincomelosscashflowhedgegainlossafterreclassificationtaxparent": 1798000
    },
    {
        "date": "2021-06-29",
        "symbol": "FTAI",
        "period": "Q2",
        "revenuefromcontractwithcustomerexcludingassessedtax": 81571000,
        "othercostandexpenseoperating": 31183000,
        "generalandadministrativeexpense": 3655000,
        "businesscombinationacquisitionrelatedcosts": 4399000,
        "relatedpartytransactionexpensesfromtransactionswithrelatedparty": 4113000,
        "depreciationdepletionandamortization": 47371000,
        "assetimpairmentcharges": 89000,
        "interestexpense": 37504000,
        "costsandexpenses": 128314000,
        "incomelossfromequitymethodinvestments": -7152000,
        "gainlossonsaleofpropertyplantequipment": 3987000,
        "gainslossesonextinguishmentofdebt": -3254000,
        "interestincomeexpensenet": 454000,
        "othernonoperatingincomeexpense": -884000,
        "nonoperatingincomeexpense": -6849000,
        "incomelossfromcontinuingoperationsbeforeincometaxesextraordinaryitemsnoncontrollinginterest": -38248000,
        "incometaxexpensebenefit": -1640000,
        "incomelossfromcontinuingoperationsincludingportionattributabletononcontrollinginterest": -36608000,
        "profitloss": -36608000,
        "incomelossfromcontinuingoperationsattributabletononcontrollingentity": -6625000,
        "dividendspreferredstock": 6551000,
        "netincomelossavailabletocommonstockholdersbasic": -36534000,
        "incomelossfromcontinuingoperationsperbasicshare": -0.42,
        "incomelossfromcontinuingoperationsperdilutedshare": -0.42,
        "weightedaveragenumberofsharesoutstandingbasic": 86030652,
        "weightedaveragenumberofdilutedsharesoutstanding": 86030652,
        "othercomprehensiveincomelosscashflowhedgegainlossreclassificationaftertax": 32832000,
        "comprehensiveincomenetoftaxincludingportionattributabletononcontrollinginterest": -69440000,
        "comprehensiveincomenetoftax": -62815000,
        "othercomprehensiveincomelosscashflowhedgegainlossafterreclassificationtaxparent": -7118000
    },
    {
        "date": "2021-03-30",
        "symbol": "FTAI",
        "period": "Q1",
        "revenuefromcontractwithcustomerexcludingassessedtax": 56607000,
        "othercostandexpenseoperating": 24997000,
        "generalandadministrativeexpense": 4252000,
        "businesscombinationacquisitionrelatedcosts": 1643000,
        "relatedpartytransactionexpensesfromtransactionswithrelatedparty": 3990000,
        "depreciationdepletionandamortization": 44535000,
        "assetimpairmentcharges": 2100000,
        "interestexpense": 32990000,
        "costsandexpenses": 114507000,
        "incomelossfromequitymethodinvestments": 1374000,
        "gainlossonsaleofpropertyplantequipment": 811000,
        "interestincomeexpensenet": 285000,
        "othernonoperatingincomeexpense": 181000,
        "nonoperatingincomeexpense": 2651000,
        "incomelossfromcontinuingoperationsbeforeincometaxesextraordinaryitemsnoncontrollinginterest": -34707000,
        "incometaxexpensebenefit": 169000,
        "incomelossfromcontinuingoperationsincludingportionattributabletononcontrollinginterest": -34876000,
        "profitloss": -34876000,
        "incomelossfromcontinuingoperationsattributabletononcontrollingentity": -4961000,
        "dividendspreferredstock": 4625000,
        "netincomelossavailabletocommonstockholdersbasic": -34540000,
        "incomelossfromcontinuingoperationsperbasicshare": -0.4,
        "incomelossfromcontinuingoperationsperdilutedshare": -0.4,
        "weightedaveragenumberofsharesoutstandingbasic": 86027944,
        "weightedaveragenumberofdilutedsharesoutstanding": 86027944,
        "othercomprehensiveincomelosscashflowhedgegainlossreclassificationaftertax": -9954000,
        "comprehensiveincomenetoftaxincludingportionattributabletononcontrollinginterest": -24922000,
        "comprehensiveincomenetoftax": -19961000,
        "othercomprehensiveincomelosscashflowhedgegainlossafterreclassificationtaxparent": 2646000
    },
    {
        "date": "2020-09-29",
        "symbol": "FTAI",
        "period": "Q3",
        "revenuefromcontractwithcustomerexcludingassessedtax": 69799000,
        "othercostandexpenseoperating": 23128000,
        "generalandadministrativeexpense": 4241000,
        "businesscombinationacquisitionrelatedcosts": 2442000,
        "relatedpartytransactionexpensesfromtransactionswithrelatedparty": 4591000,
        "depreciationdepletionandamortization": 42626000,
        "interestexpense": 26904000,
        "costsandexpenses": 107847000,
        "incomelossfromequitymethodinvestments": -2501000,
        "gainlossonsaleofpropertyplantequipment": -1114000,
        "interestincomeexpensenet": 58000,
        "othernonoperatingincomeexpense": 0,
        "nonoperatingincomeexpense": -3557000,
        "incomelossfromcontinuingoperationsbeforeincometaxesextraordinaryitemsnoncontrollinginterest": -27695000,
        "incometaxexpensebenefit": -2486000,
        "incomelossfromcontinuingoperationsincludingportionattributabletononcontrollinginterest": -25209000,
        "profitloss": -25209000,
        "incomelossfromcontinuingoperationsattributabletononcontrollingentity": -3876000,
        "dividendspreferredstock": 4625000,
        "netincomelossavailabletocommonstockholdersbasic": -25958000,
        "incomelossfromcontinuingoperationsperbasicshare": -0.30000000000000004,
        "incomelossfromcontinuingoperationsperdilutedshare": -0.30000000000000004,
        "weightedaveragenumberofsharesoutstandingbasic": 4456,
        "weightedaveragenumberofdilutedsharesoutstanding": 4456,
        "othercomprehensiveincomelosscashflowhedgegainlossreclassificationaftertax": 13468000,
        "comprehensiveincomenetoftaxincludingportionattributabletononcontrollinginterest": -38677000,
        "comprehensiveincomenetoftax": -34801000,
        "othercomprehensiveincomelosscashflowhedgegainlossafterreclassificationtaxparent": -3580000
    },
    {
        "date": "2020-06-29",
        "symbol": "FTAI",
        "period": "Q2",
        "revenuefromcontractwithcustomerexcludingassessedtax": 79834000,
        "othercostandexpenseoperating": 24572000,
        "generalandadministrativeexpense": 4388000,
        "businesscombinationacquisitionrelatedcosts": 3661000,
        "relatedpartytransactionexpensesfromtransactionswithrelatedparty": 4756000,
        "depreciationdepletionandamortization": 41720000,
        "interestexpense": 21794000,
        "costsandexpenses": 111367000,
        "incomelossfromequitymethodinvestments": -3209000,
        "gainlossonsaleofpropertyplantequipment": 768000,
        "gainslossesonextinguishmentofdebt": 0,
        "interestincomeexpensenet": 22000,
        "othernonoperatingincomeexpense": -1000,
        "nonoperatingincomeexpense": -2420000,
        "incomelossfromcontinuingoperationsbeforeincometaxesextraordinaryitemsnoncontrollinginterest": -19478000,
        "incometaxexpensebenefit": -3750000,
        "incomelossfromcontinuingoperationsincludingportionattributabletononcontrollinginterest": -15728000,
        "incomelossfromdiscontinuedoperationsnetoftax": 0,
        "profitloss": -15728000,
        "incomelossfromcontinuingoperationsattributabletononcontrollingentity": -4112000,
        "dividendspreferredstock": 4079000,
        "netincomelossavailabletocommonstockholdersbasic": -15695000,
        "incomelossfromcontinuingoperationsperbasicshare": -0.18,
        "discontinuedoperationincomelossfromdiscontinuedoperationnetoftaxperbasicshare": 0,
        "incomelossfromcontinuingoperationsperdilutedshare": -0.18,
        "discontinuedoperationincomelossfromdiscontinuedoperationnetoftaxperdilutedshare": 0,
        "weightedaveragenumberofsharesoutstandingbasic": 930,
        "weightedaveragenumberofdilutedsharesoutstanding": 930,
        "othercomprehensiveincomelosscashflowhedgegainlossreclassificationaftertax": 12112000,
        "comprehensiveincomenetoftaxincludingportionattributabletononcontrollinginterest": -27840000,
        "comprehensiveincomenetoftax": -23728000,
        "othercomprehensiveincomelosscashflowhedgegainlossafterreclassificationtaxparent": -3220000
    },
    {
        "date": "2020-03-30",
        "symbol": "FTAI",
        "period": "Q1",
        "revenuefromcontractwithcustomerexcludingassessedtax": 86449000,
        "othercostandexpenseoperating": 33444000,
        "generalandadministrativeexpense": 4663000,
        "businesscombinationacquisitionrelatedcosts": 3194000,
        "relatedpartytransactionexpensesfromtransactionswithrelatedparty": 4766000,
        "depreciationdepletionandamortization": 42197000,
        "interestexpense": 22861000,
        "costsandexpenses": 111125000,
        "incomelossfromequitymethodinvestments": 265000,
        "gainlossonsaleofpropertyplantequipment": -1819000,
        "gainslossesonextinguishmentofdebt": -4724000,
        "interestincomeexpensenet": 41000,
        "othernonoperatingincomeexpense": 33000,
        "nonoperatingincomeexpense": -6204000,
        "incomelossfromcontinuingoperationsbeforeincometaxesextraordinaryitemsnoncontrollinginterest": -4489000,
        "incometaxexpensebenefit": -98000,
        "incomelossfromcontinuingoperationsincludingportionattributabletononcontrollinginterest": -4391000,
        "incomelossfromdiscontinuedoperationsnetoftax": 1331000,
        "profitloss": -3060000,
        "incomelossfromcontinuingoperationsattributabletononcontrollingentity": -4736000,
        "dividendspreferredstock": 4539000,
        "netincomelossavailabletocommonstockholdersbasic": -2863000,
        "incomelossfromcontinuingoperationsperbasicshare": -0.05,
        "discontinuedoperationincomelossfromdiscontinuedoperationnetoftaxperbasicshare": 0.02,
        "incomelossfromcontinuingoperationsperdilutedshare": -0.05,
        "discontinuedoperationincomelossfromdiscontinuedoperationnetoftaxperdilutedshare": 0.02,
        "weightedaveragenumberofsharesoutstandingbasic": 86008099,
        "weightedaveragenumberofdilutedsharesoutstanding": 86008099,
        "othercomprehensiveincomelosscashflowhedgegainlossreclassificationaftertax": -8758000,
        "comprehensiveincomenetoftaxincludingportionattributabletononcontrollinginterest": 5698000,
        "comprehensiveincomenetoftax": 10434000,
        "othercomprehensiveincomelosscashflowhedgegainlossafterreclassificationtaxparent": 2326000
    },
    {
        "date": "2019-12-30",
        "symbol": "FTAI",
        "period": "Q4",
        "revenuefromcontractwithcustomerexcludingassessedtax": 58236000,
        "generalandadministrativeexpense": 5128000,
        "businesscombinationacquisitionrelatedcosts": 8223000,
        "relatedpartytransactionexpensesfromtransactionswithrelatedparty": 19133000,
        "depreciationdepletionandamortization": 43146000,
        "interestexpense": 23322000,
        "costsandexpenses": 142939000,
        "incomelossfromequitymethodinvestments": -848000,
        "interestincomeexpensenet": 79000,
        "othernonoperatingincomeexpense": -20000,
        "nonoperatingincomeexpense": 136319000,
        "incomelossfromcontinuingoperationsbeforeincometaxesextraordinaryitemsnoncontrollinginterest": 126301000,
        "incometaxexpensebenefit": 18652000,
        "profitloss": 177695000,
        "netincomeloss": 183647000,
        "weightedaveragenumberofsharesoutstandingbasic": -171978270,
        "weightedaveragenumberofdilutedsharesoutstanding": -171951723,
        "comprehensiveincomenetoftaxincludingportionattributabletononcontrollinginterest": 109581000,
        "comprehensiveincomenetoftax": 160383000
    },
    {
        "date": "2019-09-29",
        "symbol": "FTAI",
        "period": "Q3",
        "profitloss": 20676000,
        "othercomprehensiveincomelosscashflowhedgegainlossreclassificationaftertax": 8584000,
        "comprehensiveincomenetoftaxincludingportionattributabletononcontrollinginterest": 12092000,
        "comprehensiveincomenetoftaxattributabletononcontrollinginterest": -4995000,
        "comprehensiveincomenetoftax": 17087000,
        "othercomprehensiveincomelosscashflowhedgegainlossafterreclassificationtaxparent": -2282000,
        "revenuefromcontractwithcustomerexcludingassessedtax": 87259000,
        "operatingexpenses": 89368000,
        "generalandadministrativeexpense": 6284000,
        "businesscombinationacquisitionrelatedcosts": 5618000,
        "relatedpartytransactionexpensesfromtransactionswithrelatedparty": 7378000,
        "depreciationdepletionandamortization": 43744000,
        "interestexpense": 25488000,
        "costsandexpenses": 177880000,
        "incomelossfromequitymethodinvestments": -974000,
        "gainlossonsaleofpropertyplantequipment": 37061000,
        "interestincomeexpensenet": 121000,
        "othernonoperatingincomeexpense": 1131000,
        "nonoperatingincomeexpense": 37339000,
        "incomelossfromcontinuingoperationsbeforeincometaxesextraordinaryitemsnoncontrollinginterest": 21680000,
        "incometaxexpensebenefit": 1004000,
        "netincomelossattributabletononcontrollinginterest": -4995000,
        "netincomeloss": 25671000,
        "earningspersharebasic": 0.3,
        "earningspersharediluted": 0.3,
        "weightedaveragenumberofsharesoutstandingbasic": 85996067,
        "weightedaveragenumberofdilutedsharesoutstanding": 86005604
    },
    {
        "date": "2019-06-29",
        "symbol": "FTAI",
        "period": "Q2",
        "profitloss": 15793000,
        "othercomprehensiveincomelosscashflowhedgegainlossreclassificationaftertax": -77070000,
        "comprehensiveincomenetoftaxincludingportionattributabletononcontrollinginterest": 92863000,
        "comprehensiveincomenetoftaxattributabletononcontrollinginterest": -4539000,
        "comprehensiveincomenetoftax": 97402000,
        "othercomprehensiveincomelosscashflowhedgegainlossafterreclassificationtaxparent": 6186000,
        "revenuefromcontractwithcustomerexcludingassessedtax": 79200000,
        "operatingexpenses": 92763000,
        "generalandadministrativeexpense": 4297000,
        "businesscombinationacquisitionrelatedcosts": 2308000,
        "relatedpartytransactionexpensesfromtransactionswithrelatedparty": 5710000,
        "depreciationdepletionandamortization": 42600000,
        "interestexpense": 25472000,
        "costsandexpenses": 173150000,
        "incomelossfromequitymethodinvestments": -169000,
        "gainlossonsaleofpropertyplantequipment": 22630000,
        "interestincomeexpensenet": 240000,
        "othernonoperatingincomeexpense": 4938000,
        "nonoperatingincomeexpense": 27639000,
        "incomelossfromcontinuingoperationsbeforeincometaxesextraordinaryitemsnoncontrollinginterest": 13494000,
        "incometaxexpensebenefit": -2299000,
        "netincomelossattributabletononcontrollinginterest": -4539000,
        "netincomeloss": 20332000,
        "earningspersharebasic": 0.24,
        "earningspersharediluted": 0.24,
        "weightedaveragenumberofsharesoutstandingbasic": 85987769,
        "weightedaveragenumberofdilutedsharesoutstanding": 85989029
    },
    {
        "date": "2019-03-30",
        "symbol": "FTAI",
        "period": "Q1",
        "profitloss": -6380000,
        "othercomprehensiveincomelosscashflowhedgegainlossreclassificationaftertax": 43012000,
        "comprehensiveincomenetoftaxincludingportionattributabletononcontrollinginterest": -6380000,
        "comprehensiveincomenetoftaxattributabletononcontrollinginterest": -3416000,
        "comprehensiveincomenetoftax": -49392000,
        "revenuefromcontractwithcustomerexcludingassessedtax": 124627000,
        "operatingexpenses": 61918000,
        "generalandadministrativeexpense": 4732000,
        "businesscombinationacquisitionrelatedcosts": 1474000,
        "relatedpartytransactionexpensesfromtransactionswithrelatedparty": 3838000,
        "depreciationdepletionandamortization": 39533000,
        "interestexpense": 21303000,
        "costsandexpenses": 132798000,
        "incomelossfromequitymethodinvestments": -384000,
        "gainlossondispositionofassets": 1725000,
        "interestincomeexpensenet": 91000,
        "othernonoperatingincomeexpense": -2604000,
        "nonoperatingincomeexpense": -1172000,
        "incomelossfromcontinuingoperationsbeforeincometaxesextraordinaryitemsnoncontrollinginterest": -9343000,
        "incometaxexpensebenefit": 453000,
        "netincomelossattributabletononcontrollinginterest": -3416000,
        "netincomeloss": -6380000,
        "earningspersharebasic": -0.07,
        "earningspersharediluted": -0.07,
        "weightedaveragenumberofsharesoutstandingbasic": 85986453,
        "weightedaveragenumberofdilutedsharesoutstanding": 85986453
    },
    {
        "date": "2018-12-31",
        "symbol": "FTAI",
        "period": "Q4",
        "operatingexpenses": 143989000,
        "generalandadministrativeexpense": 4955000,
        "businesscombinationacquisitionrelatedcosts": 6345000,
        "relatedpartytransactionexpensesfromtransactionswithrelatedparty": 7405000,
        "depreciationdepletionandamortization": 134594000,
        "interestexpense": 36277000,
        "costsandexpenses": 375538000,
        "incomelossfromequitymethodinvestments": -558000,
        "gainlossondispositionofassets": 3856000,
        "interestincomeexpensenet": 355000,
        "othernonoperatingincomeexpense": 1867000,
        "nonoperatingincomeexpense": 7121000,
        "incomelossfromcontinuingoperationsbeforeincometaxesextraordinaryitemsnoncontrollinginterest": -14615000,
        "incometaxexpensebenefit": 1361000,
        "profitloss": -15219000,
        "netincomelossattributabletononcontrollinginterest": -33356000,
        "netincomeloss": 5623000,
        "weightedaveragenumberofsharesoutstandingbasic": -165748494,
        "weightedaveragenumberofdilutedsharesoutstanding": -165739324,
        "comprehensiveincomenetoftaxincludingportionattributabletononcontrollinginterest": -9406000,
        "comprehensiveincomenetoftaxattributabletononcontrollinginterest": -1682000,
        "comprehensiveincomenetoftax": 1037000
    },
    {
        "date": "2018-09-30",
        "symbol": "FTAI",
        "period": "Q3",
        "profitloss": -166000,
        "comprehensiveincomenetoftaxincludingportionattributabletononcontrollinginterest": 723000,
        "comprehensiveincomenetoftaxattributabletononcontrollinginterest": -3855000,
        "comprehensiveincomenetoftax": 4578000,
        "revenuefromcontractwithcustomerexcludingassessedtax": 8907000,
        "operatingexpenses": 8274000,
        "generalandadministrativeexpense": 4012000,
        "businesscombinationacquisitionrelatedcosts": 85000,
        "relatedpartytransactionexpensesfromtransactionswithrelatedparty": 3702000,
        "depreciationdepletionandamortization": 613000,
        "interestexpense": 233000,
        "costsandexpenses": 9120000,
        "incomelossfromequitymethodinvestments": -363000,
        "gainlossondispositionofassets": 47000,
        "interestincomeexpensenet": 94000,
        "othernonoperatingincomeexpense": 737000,
        "nonoperatingincomeexpense": 47000,
        "incomelossfromcontinuingoperationsbeforeincometaxesextraordinaryitemsnoncontrollinginterest": -166000,
        "incometaxexpensebenefit": 11000,
        "netincomelossattributabletononcontrollinginterest": 3758000,
        "netincomeloss": -140000,
        "earningspersharebasic": 0.05,
        "earningspersharediluted": 0.05,
        "weightedaveragenumberofsharesoutstandingbasic": 84708071,
        "weightedaveragenumberofdilutedsharesoutstanding": 84709656
    },
    {
        "date": "2018-06-30",
        "symbol": "FTAI",
        "period": "Q2",
        "profitloss": 253000,
        "comprehensiveincomenetoftaxincludingportionattributabletononcontrollinginterest": -6449000,
        "comprehensiveincomenetoftaxattributabletononcontrollinginterest": -7288000,
        "comprehensiveincomenetoftax": 839000,
        "revenuefromcontractwithcustomerexcludingassessedtax": 25000,
        "operatingexpenses": 7813000,
        "generalandadministrativeexpense": 4573000,
        "businesscombinationacquisitionrelatedcosts": 66000,
        "relatedpartytransactionexpensesfromtransactionswithrelatedparty": 2438000,
        "depreciationdepletionandamortization": 574000,
        "interestexpense": 141000,
        "costsandexpenses": 8528000,
        "incomelossfromequitymethodinvestments": -235000,
        "gainlossondispositionofassets": -7000,
        "interestincomeexpensenet": 36000,
        "othernonoperatingincomeexpense": 1157000,
        "nonoperatingincomeexpense": -7000,
        "incomelossfromcontinuingoperationsbeforeincometaxesextraordinaryitemsnoncontrollinginterest": 253000,
        "incometaxexpensebenefit": 1000,
        "netincomelossattributabletononcontrollinginterest": 3248000,
        "netincomeloss": 202000,
        "earningspersharebasic": 0.01,
        "earningspersharediluted": 0.01,
        "weightedaveragenumberofsharesoutstandingbasic": 83160037,
        "weightedaveragenumberofdilutedsharesoutstanding": 83160047
    },
    {
        "date": "2018-03-30",
        "symbol": "FTAI",
        "period": "Q1",
        "profitloss": -572000,
        "comprehensiveincomenetoftaxincludingportionattributabletononcontrollinginterest": -572000,
        "comprehensiveincomenetoftaxattributabletononcontrollinginterest": -8761000,
        "comprehensiveincomenetoftax": -572000,
        "salesrevenuenet": 90000,
        "operatingexpenses": 7438000,
        "generalandadministrativeexpense": 3586000,
        "businesscombinationacquisitionrelatedcosts": 157000,
        "relatedpartytransactionexpensesfromtransactionswithrelatedparty": 2181000,
        "depreciationdepletionandamortization": 573000,
        "interestexpense": 345000,
        "costsandexpenses": 8356000,
        "incomelossfromequitymethodinvestments": 148000,
        "gainlossondispositionofassets": 15000,
        "interestincomeexpensenet": 3000,
        "othernonoperatingincomeexpense": 180000,
        "nonoperatingincomeexpense": 171000,
        "incomelossfromcontinuingoperationsbeforeincometaxesextraordinaryitemsnoncontrollinginterest": 196000,
        "incometaxexpensebenefit": -1000,
        "netincomelossattributabletononcontrollinginterest": 4764000,
        "netincomeloss": 197000,
        "earningspersharebasicanddiluted": -0.01,
        "weightedaveragenumberofsharesoutstandingbasic": 81534454,
        "weightedaveragenumberofdilutedsharesoutstanding": 81534454
    },
    {
        "date": "2017-09-30",
        "symbol": "FTAI",
        "period": "Q3",
        "profitloss": 386000,
        "othercomprehensiveincomelossavailableforsalesecuritiesadjustmentnetoftax": 5784000,
        "comprehensiveincomenetoftaxincludingportionattributabletononcontrollinginterest": 4113000,
        "comprehensiveincomenetoftaxattributabletononcontrollinginterest": -4669000,
        "comprehensiveincomenetoftax": 8782000,
        "salesrevenuenet": 17640000,
        "operatingexpenses": 8000,
        "generalandadministrativeexpense": 3439000,
        "businesscombinationacquisitionrelatedcosts": 6000,
        "relatedpartytransactionexpensesfromtransactionswithrelatedparty": 2046000,
        "depreciationdepletionandamortization": 507000,
        "interestexpense": 264000,
        "costsandexpenses": 8000,
        "incomelossfromequitymethodinvestments": -24000,
        "gainlossondispositionofassets": -162000,
        "gainslossesonextinguishmentofdebt": 1093000,
        "interestincomeexpensenet": 4000,
        "othernonoperatingincomeexpense": 1093000,
        "nonoperatingincomeexpense": 359000,
        "incomelossfromcontinuingoperationsbeforeincometaxesextraordinaryitemsnoncontrollinginterest": 376000,
        "incometaxexpensebenefit": -10000,
        "netincomelossattributabletononcontrollinginterest": 2163000,
        "netincomeloss": 386000,
        "earningspersharebasic": 0.04,
        "earningspersharediluted": 0.04,
        "weightedaveragenumberofsharesoutstandingbasic": 75770529,
        "weightedaveragenumberofdilutedsharesoutstanding": 75770665
    },
    {
        "date": "2017-06-30",
        "symbol": "FTAI",
        "period": "Q2",
        "profitloss": -1460000,
        "othercomprehensiveincomelossavailableforsalesecuritiesadjustmentnetoftax": -6135000,
        "comprehensiveincomenetoftaxincludingportionattributabletononcontrollinginterest": -1460000,
        "comprehensiveincomenetoftaxattributabletononcontrollinginterest": -4349000,
        "comprehensiveincomenetoftax": -7595000,
        "salesrevenuenet": 410000,
        "operatingexpenses": 7907000,
        "generalandadministrativeexpense": 3341000,
        "businesscombinationacquisitionrelatedcosts": 55000,
        "relatedpartytransactionexpensesfromtransactionswithrelatedparty": 1618000,
        "depreciationdepletionandamortization": 492000,
        "interestexpense": 247000,
        "costsandexpenses": 8646000,
        "incomelossfromequitymethodinvestments": -140000,
        "gainlossondispositionofassets": -30000,
        "gainslossesonextinguishmentofdebt": 0,
        "interestincomeexpensenet": 4000,
        "othernonoperatingincomeexpense": 20000,
        "nonoperatingincomeexpense": -210000,
        "incomelossfromcontinuingoperationsbeforeincometaxesextraordinaryitemsnoncontrollinginterest": -185000,
        "incometaxexpensebenefit": -9000,
        "netincomelossattributabletononcontrollinginterest": 925000,
        "netincomeloss": -176000,
        "earningspersharebasicanddiluted": -0.020000000000000004
    },
    {
        "date": "2017-03-30",
        "symbol": "FTAI",
        "period": "Q1",
        "profitloss": -4414000,
        "othercomprehensiveincomelossavailableforsalesecuritiesadjustmentnetoftax": 4859000,
        "comprehensiveincomenetoftaxincludingportionattributabletononcontrollinginterest": -4414000,
        "comprehensiveincomenetoftaxattributabletononcontrollinginterest": -4798000,
        "comprehensiveincomenetoftax": 445000,
        "salesrevenuenet": 295000,
        "operatingexpenses": 7544000,
        "generalandadministrativeexpense": 3835000,
        "businesscombinationacquisitionrelatedcosts": 215000,
        "relatedpartytransactionexpensesfromtransactionswithrelatedparty": 2204000,
        "depreciationdepletionandamortization": 526000,
        "interestexpense": 199000,
        "costsandexpenses": 8269000,
        "incomelossfromequitymethodinvestments": 65000,
        "gainlossondispositionofassets": -14000,
        "gainslossesonextinguishmentofdebt": -2456000,
        "interestincomeexpensenet": 3000,
        "othernonoperatingincomeexpense": 12000,
        "nonoperatingincomeexpense": -465000,
        "incomelossfromcontinuingoperationsbeforeincometaxesextraordinaryitemsnoncontrollinginterest": -440000,
        "incometaxexpensebenefit": -25000,
        "netincomelossattributabletononcontrollinginterest": 2558000,
        "netincomeloss": -415000,
        "earningspersharebasicanddiluted": -0.06,
        "weightedaveragenumberofsharesoutstandingbasic": 75762283,
        "weightedaveragenumberofdilutedsharesoutstanding": 75762283
    },
    {
        "date": "2016-09-30",
        "symbol": "FTAI",
        "period": "Q3",
        "profitloss": -1276000,
        "comprehensiveincomenetoftaxincludingportionattributabletononcontrollinginterest": -1276000,
        "comprehensiveincomenetoftaxattributabletononcontrollinginterest": -4370000,
        "comprehensiveincomenetoftax": -1276000,
        "salesrevenuenet": 395000,
        "operatingexpenses": 1000,
        "generalandadministrativeexpense": 3205000,
        "businesscombinationacquisitionrelatedcosts": 109000,
        "depreciationdepletionandamortization": 411000,
        "interestexpense": 0,
        "costsandexpenses": 1000,
        "incomelossfromequitymethodinvestments": -1161000,
        "gainlossondispositionofassets": 0,
        "gainslossesonextinguishmentofdebt": 0,
        "othernonoperatingincomeexpense": 0,
        "nonoperatingincomeexpense": -1161000,
        "incomelossfromcontinuingoperationsbeforeincometaxesextraordinaryitemsnoncontrollinginterest": -1137000,
        "incometaxexpensebenefit": -41000,
        "netincomelossattributabletononcontrollinginterest": 1763000,
        "netincomeloss": -1096000,
        "earningspersharebasicanddiluted": -0.019999999999999976
    },
    {
        "date": "2016-06-30",
        "symbol": "FTAI",
        "period": "Q2",
        "profitloss": -11193000,
        "othercomprehensiveincomeunrealizedgainlossonderivativesarisingduringperiodnetoftax": 0,
        "comprehensiveincomenetoftaxincludingportionattributabletononcontrollinginterest": -11193000,
        "comprehensiveincomenetoftaxattributabletononcontrollinginterest": -8863000,
        "comprehensiveincomenetoftax": -11193000,
        "salesrevenuenet": 613000,
        "operatingexpenses": -7180000,
        "generalandadministrativeexpense": 3361000,
        "businesscombinationacquisitionrelatedcosts": -768000,
        "depreciationdepletionandamortization": 534000,
        "interestexpense": 256000,
        "costsandexpenses": -7450000,
        "incomelossfromequitymethodinvestments": -259000,
        "gainlossondispositionofassets": 94000,
        "gainslossesonextinguishmentofdebt": 3158000,
        "othernonoperatingincomeexpense": -44000,
        "nonoperatingincomeexpense": -82000,
        "incomelossfromcontinuingoperationsbeforeincometaxesextraordinaryitemsnoncontrollinginterest": 531000,
        "incometaxexpensebenefit": -48000,
        "netincomelossattributabletononcontrollinginterest": 2319000,
        "netincomeloss": 557000,
        "earningspersharebasicanddiluted": -0.14
    },
    {
        "date": "2016-03-30",
        "symbol": "FTAI",
        "period": "Q1",
        "profitloss": -5782000,
        "othercomprehensiveincomeunrealizedgainlossonderivativesarisingduringperiodnetoftax": -97000,
        "comprehensiveincomenetoftaxincludingportionattributabletononcontrollinginterest": -5782000,
        "comprehensiveincomenetoftaxattributabletononcontrollinginterest": -3295000,
        "comprehensiveincomenetoftax": -5879000,
        "salesrevenuenet": 365000,
        "operatingexpenses": 7222000,
        "generalandadministrativeexpense": 2588000,
        "businesscombinationacquisitionrelatedcosts": 1059000,
        "managementfeeexpense": 4348000,
        "depreciationdepletionandamortization": 526000,
        "interestexpense": 154000,
        "costsandexpenses": 7902000,
        "incomelossfromequitymethodinvestments": 85000,
        "gainlossondispositionofassets": 210000,
        "gainslossesonextinguishmentofdebt": -1579000,
        "interestincomeother": 6000,
        "othernonoperatingincomeexpense": 42000,
        "nonoperatingincomeexpense": 210000,
        "incomelossfromcontinuingoperationsbeforeincometaxesextraordinaryitemsnoncontrollinginterest": 307000,
        "incometaxexpensebenefit": 35000,
        "netincomelossattributabletononcontrollinginterest": 1633000,
        "netincomeloss": 294000,
        "earningspersharebasicanddiluted": -0.08,
        "weightedaveragenumberofshareoutstandingbasicanddiluted": 75727369
    },
    {
        "date": "2015-09-29",
        "symbol": "FTAI",
        "period": "Q3",
        "profitloss": -1118000,
        "othercomprehensiveincomeunrealizedgainlossonderivativesarisingduringperiodnetoftax": -94000,
        "comprehensiveincomenetoftaxincludingportionattributabletononcontrollinginterest": -16150000,
        "comprehensiveincomenetoftaxattributabletononcontrollinginterest": -4318000,
        "comprehensiveincomenetoftax": -11832000,
        "salesrevenuenet": 289000,
        "operatingexpenses": 7220000,
        "generalandadministrativeexpense": 2568000,
        "businesscombinationacquisitionrelatedcosts": 2206000,
        "relatedpartytransactionexpensesfromtransactionswithrelatedparty": 1677000,
        "depreciationdepletionandamortization": 468000,
        "interestexpense": 143000,
        "costsandexpenses": 7831000,
        "incomelossfromequitymethodinvestments": -9584000,
        "gainlossondispositionofassets": 72000,
        "interestincomeother": 41000,
        "othernonoperatingincomeexpense": 20000,
        "nonoperatingincomeexpense": 72000,
        "incomelossfromcontinuingoperationsbeforeincometaxesextraordinaryitemsnoncontrollinginterest": -1118000,
        "incometaxexpensebenefit": 4000,
        "netincomelossattributabletononcontrollinginterest": -2034000,
        "netincomeloss": -1064000,
        "earningspersharebasicanddiluted": -0.16,
        "weightedaveragenumberofsharesoutstandingbasic": 75718183,
        "weightedaveragenumberofdilutedsharesoutstanding": 75718183
    },
    {
        "date": "2015-06-29",
        "symbol": "FTAI",
        "period": "Q2",
        "profitloss": -2233000,
        "othercomprehensiveincomeunrealizedgainlossonderivativesarisingduringperiodnetoftax": 3000,
        "comprehensiveincomenetoftaxincludingportionattributabletononcontrollinginterest": -5267000,
        "comprehensiveincomenetoftaxattributabletononcontrollinginterest": -4433000,
        "comprehensiveincomenetoftax": -834000,
        "salesrevenuenet": 124000,
        "operatingexpenses": 7215000,
        "generalandadministrativeexpense": 1989000,
        "businesscombinationacquisitionrelatedcosts": 1598000,
        "relatedpartytransactionexpensesfromtransactionswithrelatedparty": 642000,
        "depreciationdepletionandamortization": 419000,
        "interestexpense": 161000,
        "costsandexpenses": 7795000,
        "incomelossfromequitymethodinvestments": 1225000,
        "gainlossondispositionofassets": 4000,
        "interestincomeother": 2000,
        "othernonoperatingincomeexpense": -1000,
        "nonoperatingincomeexpense": 4000,
        "incomelossfromcontinuingoperationsbeforeincometaxesextraordinaryitemsnoncontrollinginterest": -2233000,
        "incometaxexpensebenefit": 49000,
        "netincomelossattributabletononcontrollinginterest": -2007000,
        "netincomeloss": -2154000,
        "earningspersharebasicanddiluted": -0.01,
        "weightedaveragenumberofsharesoutstandingbasic": 62879023,
        "weightedaveragenumberofdilutedsharesoutstanding": 62879023
    }
]