[
    {
        "date": "2024-09-29",
        "symbol": "DHI",
        "period": "Q4",
        "revenues": 7162900000,
        "costofrevenue": 7448200000,
        "sellinggeneralandadministrativeexpense": 960300000,
        "othernonoperatingincomeexpense": 115700000,
        "incomelossfromcontinuingoperationsbeforeincometaxesextraordinaryitemsnoncontrollinginterest": 880100000,
        "incometaxexpensebenefit": 409900000,
        "profitloss": 1299800000,
        "netincomelossattributabletononcontrollinginterest": 16500000,
        "netincomeloss": 1283300000,
        "earningspersharebasic": 3.9400000000000004,
        "weightedaveragenumberofsharesoutstandingbasic": 329500000,
        "earningspersharediluted": 3.900000000000001,
        "weightedaveragenumberofdilutedsharesoutstanding": 331600000
    },
    {
        "date": "2024-06-29",
        "symbol": "DHI",
        "period": "Q3",
        "revenues": 9965700000,
        "costofrevenue": 7323700000,
        "sellinggeneralandadministrativeexpense": 923600000,
        "othernonoperatingincomeexpense": 80600000,
        "incomelossfromcontinuingoperationsbeforeincometaxesextraordinaryitemsnoncontrollinginterest": 1799000000,
        "incometaxexpensebenefit": 432200000,
        "profitloss": 1366800000,
        "netincomelossattributabletononcontrollinginterest": 13200000,
        "netincomeloss": 1353600000,
        "earningspersharebasic": 4.12,
        "weightedaveragenumberofsharesoutstandingbasic": 328400000,
        "earningspersharediluted": 4.1,
        "weightedaveragenumberofdilutedsharesoutstanding": 330100000
    },
    {
        "date": "2024-03-30",
        "symbol": "DHI",
        "period": "Q2",
        "revenues": 9107200000,
        "costofrevenue": 6774300000,
        "sellinggeneralandadministrativeexpense": 880600000,
        "othernonoperatingincomeexpense": 76200000,
        "incomelossfromcontinuingoperationsbeforeincometaxesextraordinaryitemsnoncontrollinginterest": 1528500000,
        "incometaxexpensebenefit": 344800000,
        "profitloss": 1183700000,
        "netincomelossattributabletononcontrollinginterest": 11600000,
        "netincomeloss": 1172100000,
        "earningspersharebasic": 3.54,
        "weightedaveragenumberofsharesoutstandingbasic": 330900000,
        "earningspersharediluted": 3.52,
        "weightedaveragenumberofdilutedsharesoutstanding": 333300000
    },
    {
        "date": "2023-12-30",
        "symbol": "DHI",
        "period": "Q1",
        "revenues": 7726000000,
        "costofrevenue": 5719800000,
        "sellinggeneralandadministrativeexpense": 835000000,
        "othernonoperatingincomeexpense": 76300000,
        "incomelossfromcontinuingoperationsbeforeincometaxesextraordinaryitemsnoncontrollinginterest": 1247500000,
        "incometaxexpensebenefit": 291800000,
        "profitloss": 955700000,
        "netincomelossattributabletononcontrollinginterest": 8300000,
        "netincomeloss": 947400000,
        "earningspersharebasic": 2.84,
        "weightedaveragenumberofsharesoutstandingbasic": 333300000,
        "earningspersharediluted": 2.82,
        "weightedaveragenumberofdilutedsharesoutstanding": 335700000
    },
    {
        "date": "2023-09-29",
        "symbol": "DHI",
        "period": "Q4",
        "revenues": 33169000000,
        "costofrevenue": 26898100000,
        "sellinggeneralandadministrativeexpense": 3231700000,
        "othernonoperatingincomeexpense": 266900000,
        "incomelossfromcontinuingoperationsbeforeincometaxesextraordinaryitemsnoncontrollinginterest": 6090000000,
        "incometaxexpensebenefit": 492700000,
        "profitloss": 4761600000,
        "netincomelossattributabletononcontrollinginterest": 15900000,
        "netincomeloss": 1509700000,
        "earningspersharebasic": 4.46,
        "weightedaveragenumberofsharesoutstandingbasic": 340700000,
        "earningspersharediluted": 4.43,
        "weightedaveragenumberofdilutedsharesoutstanding": 343300000
    },
    {
        "date": "2023-06-29",
        "symbol": "DHI",
        "period": "Q3",
        "revenues": 914300000,
        "costofrevenue": -311700000,
        "sellinggeneralandadministrativeexpense": 6100000,
        "othernonoperatingincomeexpense": -32200000.000000004,
        "incomelossfromcontinuingoperationsbeforeincometaxesextraordinaryitemsnoncontrollinginterest": 98600000,
        "incometaxexpensebenefit": 432200000,
        "profitloss": 16600000.000000002,
        "netincomelossattributabletononcontrollinginterest": 16600000.000000002,
        "netincomeloss": 1335100000,
        "earningspersharebasic": 3.93,
        "weightedaveragenumberofsharesoutstandingbasic": 339900000,
        "earningspersharediluted": 3.9,
        "weightedaveragenumberofdilutedsharesoutstanding": 342300000
    },
    {
        "date": "2023-03-30",
        "symbol": "DHI",
        "period": "Q2",
        "revenues": 738800000,
        "costofrevenue": -278000000,
        "sellinggeneralandadministrativeexpense": 5600000,
        "othernonoperatingincomeexpense": -12400000,
        "incomelossfromcontinuingoperationsbeforeincometaxesextraordinaryitemsnoncontrollinginterest": 56700000,
        "incometaxexpensebenefit": 295700000,
        "profitloss": 7400000,
        "netincomelossattributabletononcontrollinginterest": 7400000,
        "netincomeloss": 942200000,
        "earningspersharebasic": 2.75,
        "weightedaveragenumberofsharesoutstandingbasic": 342100000,
        "earningspersharediluted": 2.73,
        "weightedaveragenumberofdilutedsharesoutstanding": 344900000
    },
    {
        "date": "2022-12-30",
        "symbol": "DHI",
        "period": "Q1",
        "revenues": 638300000,
        "costofrevenue": -198400000,
        "sellinggeneralandadministrativeexpense": 5400000,
        "othernonoperatingincomeexpense": -9200000,
        "incomelossfromcontinuingoperationsbeforeincometaxesextraordinaryitemsnoncontrollinginterest": 69400000,
        "incometaxexpensebenefit": 298900000,
        "profitloss": 9600000,
        "netincomelossattributabletononcontrollinginterest": 9600000,
        "netincomeloss": 958700000,
        "earningspersharebasic": 2.79,
        "weightedaveragenumberofsharesoutstandingbasic": 344200000,
        "earningspersharediluted": 2.76,
        "weightedaveragenumberofdilutedsharesoutstanding": 346900000
    },
    {
        "date": "2022-09-29",
        "symbol": "DHI",
        "period": "Q4",
        "revenues": 813900000,
        "costofrevenue": -314200000,
        "sellinggeneralandadministrativeexpense": 5900000,
        "othernonoperatingincomeexpense": 80000000,
        "incomelossfromcontinuingoperationsbeforeincometaxesextraordinaryitemsnoncontrollinginterest": 116600000,
        "incometaxexpensebenefit": 417600000,
        "profitloss": 16400000,
        "netincomelossattributabletononcontrollinginterest": 16400000,
        "netincomeloss": 1631800000,
        "earningspersharebasic": 4.669999999999999,
        "weightedaveragenumberofsharesoutstandingbasic": -708300000,
        "earningspersharediluted": 4.6400000000000015,
        "weightedaveragenumberofdilutedsharesoutstanding": -714700000
    },
    {
        "date": "2022-06-29",
        "symbol": "DHI",
        "period": "Q3",
        "revenues": 799500000,
        "costofrevenue": -249900000,
        "sellinggeneralandadministrativeexpense": 3200000,
        "othernonoperatingincomeexpense": -9500000,
        "incomelossfromcontinuingoperationsbeforeincometaxesextraordinaryitemsnoncontrollinginterest": 135900000,
        "incometaxexpensebenefit": 524000000,
        "profitloss": 11500000,
        "netincomelossattributabletononcontrollinginterest": 11500000,
        "netincomeloss": 1647800000,
        "earningspersharebasic": 4.7,
        "weightedaveragenumberofsharesoutstandingbasic": 350800000,
        "earningspersharediluted": 4.67,
        "weightedaveragenumberofdilutedsharesoutstanding": 353100000
    },
    {
        "date": "2022-03-30",
        "symbol": "DHI",
        "period": "Q2",
        "revenues": 730300000,
        "costofrevenue": -355000000,
        "sellinggeneralandadministrativeexpense": 2700000,
        "othernonoperatingincomeexpense": -5900000,
        "incomelossfromcontinuingoperationsbeforeincometaxesextraordinaryitemsnoncontrollinginterest": 113900000,
        "incometaxexpensebenefit": 441000000,
        "profitloss": 6000000,
        "netincomelossattributabletononcontrollinginterest": 6000000,
        "netincomeloss": 1436300000,
        "earningspersharebasic": 4.07,
        "weightedaveragenumberofsharesoutstandingbasic": 353100000,
        "earningspersharediluted": 4.03,
        "weightedaveragenumberofdilutedsharesoutstanding": 356300000
    },
    {
        "date": "2021-12-30",
        "symbol": "DHI",
        "period": "Q1",
        "revenues": 618700000,
        "costofrevenue": -356200000,
        "sellinggeneralandadministrativeexpense": 2900000,
        "othernonoperatingincomeexpense": -5300000,
        "incomelossfromcontinuingoperationsbeforeincometaxesextraordinaryitemsnoncontrollinginterest": 89900000,
        "incometaxexpensebenefit": 351500000,
        "profitloss": 4200000,
        "netincomelossattributabletononcontrollinginterest": 4200000,
        "netincomeloss": 1141600000,
        "earningspersharebasic": 3.21,
        "weightedaveragenumberofsharesoutstandingbasic": 356100000,
        "earningspersharediluted": 3.17,
        "weightedaveragenumberofdilutedsharesoutstanding": 360100000
    },
    {
        "date": "2021-09-29",
        "symbol": "DHI",
        "period": "Q4",
        "revenues": -948000000,
        "costofrevenue": -377400000,
        "sellinggeneralandadministrativeexpense": 8800000,
        "incomelossfromcontinuingoperationsbeforeincometaxesextraordinaryitemsnoncontrollinginterest": -219200000,
        "incometaxexpensebenefit": 381000000,
        "profitloss": -2830300000,
        "netincomelossattributabletononcontrollinginterest": 6500000,
        "netincomeloss": 1339000000,
        "earningspersharebasic": 3.7300000000000004,
        "weightedaveragenumberofsharesoutstandingbasic": -1100000,
        "earningspersharediluted": 3.68,
        "weightedaveragenumberofdilutedsharesoutstanding": -1300000
    },
    {
        "date": "2021-06-29",
        "symbol": "DHI",
        "period": "Q3",
        "revenues": 7284600000,
        "costofrevenue": 5212500000,
        "sellinggeneralandadministrativeexpense": 655800000,
        "othernonoperatingincomeexpense": 17400000,
        "incomelossfromcontinuingoperationsbeforeincometaxesextraordinaryitemsnoncontrollinginterest": 1415600000,
        "incometaxexpensebenefit": 299000000,
        "profitloss": 1116600000,
        "netincomelossattributabletononcontrollinginterest": 1100000,
        "netincomeloss": 1115500000,
        "earningspersharebasic": 3.09,
        "weightedaveragenumberofsharesoutstandingbasic": -1200000,
        "earningspersharediluted": 3.060000000000001,
        "weightedaveragenumberofdilutedsharesoutstanding": -1500000
    },
    {
        "date": "2021-03-30",
        "symbol": "DHI",
        "period": "Q2",
        "revenues": 6446900000,
        "costofrevenue": 4651000000,
        "sellinggeneralandadministrativeexpense": 621500000,
        "gainlossonsaleofproperties": 0,
        "othernonoperatingincomeexpense": 5500000,
        "incomelossfromcontinuingoperationsbeforeincometaxesextraordinaryitemsnoncontrollinginterest": 1179900000,
        "incometaxexpensebenefit": 246000000,
        "profitloss": 933900000,
        "netincomelossattributabletononcontrollinginterest": 4400000,
        "netincomeloss": 929500000,
        "earningspersharebasic": 2.5700000000000003,
        "weightedaveragenumberofsharesoutstandingbasic": -1000000,
        "earningspersharediluted": 2.53,
        "weightedaveragenumberofdilutedsharesoutstanding": -1400000
    },
    {
        "date": "2020-12-30",
        "symbol": "DHI",
        "period": "Q1",
        "revenues": 5933400000,
        "costofrevenue": 4332500000,
        "sellinggeneralandadministrativeexpense": 585900000,
        "gainlossonsaleofproperties": 14000000,
        "othernonoperatingincomeexpense": 5300000,
        "incomelossfromcontinuingoperationsbeforeincometaxesextraordinaryitemsnoncontrollinginterest": 1034300000,
        "incometaxexpensebenefit": 239100000,
        "profitloss": 795200000,
        "netincomelossattributabletononcontrollinginterest": 3400000,
        "netincomeloss": 791800000,
        "earningspersharebasic": 2.17,
        "weightedaveragenumberofsharesoutstandingbasic": 364400000,
        "earningspersharediluted": 2.14,
        "weightedaveragenumberofdilutedsharesoutstanding": 370000000
    },
    {
        "date": "2020-09-29",
        "symbol": "DHI",
        "period": "Q4",
        "revenues": 2152000000,
        "costofrevenue": 1462400000,
        "sellinggeneralandadministrativeexpense": 240100000,
        "gainlossonsaleofproperties": -29300000,
        "othernonoperatingincomeexpense": 1900000,
        "incomelossfromcontinuingoperationsbeforeincometaxesextraordinaryitemsnoncontrollinginterest": 513900000,
        "incometaxexpensebenefit": 131000000,
        "profitloss": 91500000,
        "netincomelossattributabletononcontrollinginterest": 2100000,
        "netincomeloss": 89400000,
        "earningspersharebasic": 2.2700000000000005,
        "weightedaveragenumberofsharesoutstandingbasic": -500000,
        "earningspersharediluted": 2.24,
        "weightedaveragenumberofdilutedsharesoutstanding": -200000
    },
    {
        "date": "2020-06-29",
        "symbol": "DHI",
        "period": "Q3",
        "revenues": 9638400000,
        "costofrevenue": 7375800000,
        "costofgoodsandservicessold": 7098200000,
        "sellinggeneralandadministrativeexpense": 885100000,
        "gainlossonsaleofproperties": 29200000,
        "othernonoperatingincomeexpense": 8900000,
        "incomelossfromcontinuingoperationsbeforeincometaxesextraordinaryitemsnoncontrollinginterest": 1324500000,
        "incometaxexpensebenefit": 243400000,
        "profitloss": 1372500000,
        "netincomelossattributabletononcontrollinginterest": 2200000,
        "netincomeloss": 1370300000,
        "earningspersharebasic": 1.7299999999999995,
        "weightedaveragenumberofsharesoutstandingbasic": -368100000,
        "earningspersharediluted": 1.7100000000000002,
        "weightedaveragenumberofdilutedsharesoutstanding": -373100000
    },
    {
        "date": "2020-03-30",
        "symbol": "DHI",
        "period": "Q2",
        "revenues": 4500000000,
        "costofrevenue": 3450800000,
        "costofgoodsandservicessold": 3435500000,
        "sellinggeneralandadministrativeexpense": 466800000,
        "gainlossonsaleofproperties": 28500000,
        "othernonoperatingincomeexpense": 10400000,
        "incomelossfromcontinuingoperationsbeforeincometaxesextraordinaryitemsnoncontrollinginterest": 621300000,
        "incometaxexpensebenefit": 137300000,
        "profitloss": 484000000,
        "netincomelossattributabletononcontrollinginterest": 1300000,
        "netincomeloss": 482700000,
        "earningspersharebasic": 1.32,
        "weightedaveragenumberofsharesoutstandingbasic": 365800000,
        "earningspersharediluted": 1.3,
        "weightedaveragenumberofdilutedsharesoutstanding": 370100000
    },
    {
        "date": "2019-12-30",
        "symbol": "DHI",
        "period": "Q1",
        "revenues": 4020700000,
        "costofrevenue": 3084200000,
        "costofgoodsandservicessold": 3051600000,
        "sellinggeneralandadministrativeexpense": 455800000,
        "gainlossonsaleofproperties": 31100000,
        "othernonoperatingincomeexpense": 11500000,
        "incomelossfromcontinuingoperationsbeforeincometaxesextraordinaryitemsnoncontrollinginterest": 523300000,
        "incometaxexpensebenefit": 90800000,
        "profitloss": 432500000,
        "netincomelossattributabletononcontrollinginterest": 1200000,
        "netincomeloss": 431300000,
        "earningspersharebasic": 1.17,
        "weightedaveragenumberofsharesoutstandingbasic": 368300000,
        "earningspersharediluted": 1.16,
        "weightedaveragenumberofdilutedsharesoutstanding": 373400000
    },
    {
        "date": "2019-09-29",
        "symbol": "DHI",
        "period": "Q4",
        "revenues": 9161600000,
        "sellinggeneralandadministrativeexpense": 942400000,
        "gainlossonsaleofproperties": 0,
        "othernonoperatingincomeexpense": 13900000,
        "incomelossfromcontinuingoperationsbeforeincometaxesextraordinaryitemsnoncontrollinginterest": 1095400000,
        "incometaxexpensebenefit": 265100000,
        "profitloss": 507000000,
        "netincomelossattributabletononcontrollinginterest": -700000,
        "netincomeloss": 1114200000,
        "earningspersharebasic": 1.3499999999999996,
        "weightedaveragenumberofsharesoutstandingbasic": -748100000,
        "earningspersharediluted": 1.34,
        "weightedaveragenumberofdilutedsharesoutstanding": -757300000
    },
    {
        "date": "2019-06-29",
        "symbol": "DHI",
        "period": "Q3",
        "revenues": 4906300000,
        "costofgoodsandservicessold": 3831600000,
        "sellinggeneralandadministrativeexpense": 480000000,
        "gainlossonsaleofproperties": 22600000,
        "othernonoperatingincomeexpense": 9400000,
        "incomelossfromcontinuingoperationsbeforeincometaxesextraordinaryitemsnoncontrollinginterest": 626700000,
        "incometaxexpensebenefit": 153100000,
        "profitloss": 473600000,
        "netincomelossattributabletononcontrollinginterest": -1200000,
        "netincomeloss": 474800000,
        "earningspersharebasic": 1.28,
        "weightedaveragenumberofsharesoutstandingbasic": 372300000,
        "earningspersharediluted": 1.26,
        "weightedaveragenumberofdilutedsharesoutstanding": 376900000
    },
    {
        "date": "2019-03-30",
        "symbol": "DHI",
        "period": "Q2",
        "revenues": 6000000,
        "costofrealestaterevenue": 3256700000,
        "sellinggeneralandadministrativeexpense": 7300000,
        "gainlossonsaleofproperties": 29300000,
        "othernonoperatingincomeexpense": -500000,
        "incomelossfromcontinuingoperationsbeforeincometaxesextraordinaryitemsnoncontrollinginterest": 27500000,
        "incometaxexpensebenefit": -500000,
        "profitloss": 351300000,
        "netincomelossattributabletononcontrollinginterest": 2500000,
        "netincomeloss": -257700000,
        "earningspersharebasic": 0.94,
        "weightedaveragenumberofsharesoutstandingbasic": 373300000,
        "earningspersharediluted": 0.93,
        "weightedaveragenumberofdilutedsharesoutstanding": 377700000
    },
    {
        "date": "2018-12-30",
        "symbol": "DHI",
        "period": "Q1",
        "revenues": 3519000000,
        "costofrealestaterevenue": 2751100000,
        "sellinggeneralandadministrativeexpense": 402800000,
        "gainlossonsaleofproperties": 2000000,
        "othernonoperatingincomeexpense": 8600000,
        "incomelossfromcontinuingoperationsbeforeincometaxesextraordinaryitemsnoncontrollinginterest": 375700000,
        "incometaxexpensebenefit": 89000000,
        "profitloss": 286700000,
        "netincomelossattributabletononcontrollinginterest": -500000,
        "netincomeloss": 287200000,
        "earningspersharebasic": 0.77,
        "weightedaveragenumberofsharesoutstandingbasic": 375100000,
        "earningspersharediluted": 0.76,
        "weightedaveragenumberofdilutedsharesoutstanding": 380100000
    },
    {
        "date": "2018-09-29",
        "symbol": "DHI",
        "period": "Q4",
        "revenues": -1541600000,
        "sellinggeneralandadministrativeexpense": -373400000,
        "incomelossfromequitymethodinvestments": 7600000,
        "othernonoperatingincomeexpense": -12100000,
        "incomelossfromcontinuingoperationsbeforeincometaxesextraordinaryitemsnoncontrollinginterest": -393600000,
        "incometaxexpensebenefit": -270300000,
        "profitloss": 1881100000,
        "netincomelossattributabletononcontrollinginterest": -3800000,
        "netincomeloss": -652900000,
        "earningspersharebasic": 1.2499999999999996,
        "earningspersharediluted": 1.2299999999999998
    },
    {
        "date": "2018-06-29",
        "symbol": "DHI",
        "period": "Q3",
        "revenues": 1050000000,
        "costofrealestaterevenue": -5600000,
        "sellinggeneralandadministrativeexpense": 8100000,
        "incomelossfromequitymethodinvestments": 1000000,
        "gainlossonsaleofproperties": 1300000,
        "othernonoperatingincomeexpense": 5000000,
        "incomelossfromcontinuingoperationsbeforeincometaxesextraordinaryitemsnoncontrollinginterest": -3100000,
        "incometaxexpensebenefit": 43800000,
        "profitloss": -339500000,
        "netincomelossattributabletononcontrollinginterest": 3400000,
        "netincomeloss": -342900000,
        "earningspersharebasic": 1.2,
        "weightedaveragenumberofsharesoutstandingbasic": 377400000,
        "earningspersharediluted": 1.18,
        "weightedaveragenumberofdilutedsharesoutstanding": 383400000,
        "commonstockdividendspersharedeclared": 0.125
    },
    {
        "date": "2018-03-30",
        "symbol": "DHI",
        "period": "Q2",
        "revenues": 913200000,
        "costofrealestaterevenue": -10900000,
        "sellinggeneralandadministrativeexpense": 5800000,
        "incomelossfromequitymethodinvestments": 1500000,
        "gainlossonsaleofproperties": 2700000,
        "othernonoperatingincomeexpense": 3600000,
        "incomelossfromcontinuingoperationsbeforeincometaxesextraordinaryitemsnoncontrollinginterest": -2200000,
        "incometaxexpensebenefit": 20700000,
        "profitloss": -270100000,
        "netincomelossattributabletononcontrollinginterest": -200000,
        "netincomeloss": -270100000,
        "earningspersharebasic": 0.93,
        "weightedaveragenumberofsharesoutstandingbasic": 376800000,
        "earningspersharediluted": 0.91,
        "weightedaveragenumberofdilutedsharesoutstanding": 383900000,
        "commonstockdividendspersharedeclared": 0.125
    },
    {
        "date": "2017-12-30",
        "symbol": "DHI",
        "period": "Q1",
        "revenues": 3332700000,
        "costofrealestaterevenue": 2580100000,
        "sellinggeneralandadministrativeexpense": 384200000,
        "incomelossfromequitymethodinvestments": 2300000,
        "othernonoperatingincomeexpense": 20500000,
        "incomelossfromcontinuingoperationsbeforeincometaxesextraordinaryitemsnoncontrollinginterest": 391200000,
        "incometaxexpensebenefit": 202400000,
        "profitloss": 188800000,
        "netincomelossattributabletononcontrollinginterest": -500000,
        "netincomeloss": 189300000,
        "earningspersharebasic": 0.5,
        "earningspersharediluted": 0.49,
        "commonstockdividendspersharedeclared": 0.125
    },
    {
        "date": "2017-06-29",
        "symbol": "DHI",
        "period": "Q3",
        "homebuildingrevenue": 3662300000,
        "landsales": 22200000,
        "realestaterevenuenet": 786400000,
        "homebuildingcosts": 2936900000,
        "costsofrealestateservicesandlandsales": 18800000,
        "productionrelatedimpairmentsorcharges": 5400000,
        "costofrealestaterevenue": 2961100000,
        "homesalesgrossprofitloss": 725400000,
        "landlotsalesgrossprofitloss": 3400000,
        "inventoryimpairmentsandlandoptioncostwriteoffsgrossprofit": 5400000,
        "grossprofit": 723400000,
        "sellinggeneralandadministrativeexpense": 309500000,
        "othernonoperatingincomeexpense": 1300000,
        "financialservicesrevenue": 91900000,
        "generalandadministrativeexpense": 65000000,
        "otheroperatingincome": 2400000,
        "incomelossfromcontinuingoperationsbeforeincometaxesextraordinaryitemsnoncontrollinginterest": -4600000,
        "incometaxexpensebenefit": -111100000,
        "profitloss": -205900000,
        "comprehensiveincomenetoftaxincludingportionattributabletononcontrollinginterest": -205900000,
        "earningspersharebasic": 0.77,
        "earningspersharediluted": 0.76,
        "commonstockdividendspersharedeclared": 0.1
    },
    {
        "date": "2017-03-30",
        "symbol": "DHI",
        "period": "Q2",
        "homebuildingrevenue": 3158100000,
        "landsales": 6300000,
        "realestaterevenuenet": 712000000,
        "homebuildingcosts": 2532100000,
        "costsofrealestateservicesandlandsales": 5600000,
        "productionrelatedimpairmentsorcharges": 12200000,
        "costofrealestaterevenue": 2549900000,
        "homesalesgrossprofitloss": 626000000,
        "landlotsalesgrossprofitloss": 700000,
        "inventoryimpairmentsandlandoptioncostwriteoffsgrossprofit": 12200000,
        "grossprofit": 614500000,
        "sellinggeneralandadministrativeexpense": 294500000,
        "othernonoperatingincomeexpense": 2400000,
        "financialservicesrevenue": 86900000,
        "generalandadministrativeexpense": 60700000,
        "otheroperatingincome": 5300000,
        "incomelossfromcontinuingoperationsbeforeincometaxesextraordinaryitemsnoncontrollinginterest": -700000,
        "incometaxexpensebenefit": -98600000,
        "profitloss": -181000000,
        "comprehensiveincomenetoftaxincludingportionattributabletononcontrollinginterest": -181000000,
        "earningspersharebasic": 0.61,
        "earningspersharediluted": 0.6,
        "commonstockdividendspersharedeclared": 0.1
    },
    {
        "date": "2016-12-30",
        "symbol": "DHI",
        "period": "Q1",
        "homebuildingrevenue": 2797700000,
        "landsales": 28400000,
        "realestaterevenuenet": 620200000,
        "homebuildingcosts": 2244800000,
        "costsofrealestateservicesandlandsales": 20800000,
        "productionrelatedimpairmentsorcharges": 2300000,
        "costofrealestaterevenue": 2267900000,
        "homesalesgrossprofitloss": 552900000,
        "landlotsalesgrossprofitloss": 7600000,
        "inventoryimpairmentsandlandoptioncostwriteoffsgrossprofit": 2300000,
        "grossprofit": 558200000,
        "sellinggeneralandadministrativeexpense": 268400000,
        "othernonoperatingincomeexpense": 4100000,
        "financialservicesrevenue": 78100000,
        "generalandadministrativeexpense": 57500000,
        "otheroperatingincome": 3600000,
        "incomelossfromcontinuingoperationsbeforeincometaxesextraordinaryitemsnoncontrollinginterest": 318100000,
        "incometaxexpensebenefit": 111200000,
        "profitloss": 206900000,
        "comprehensiveincomenetoftaxincludingportionattributabletononcontrollinginterest": 206900000,
        "earningspersharebasic": 0.55,
        "earningspersharediluted": 0.55,
        "commonstockdividendspersharedeclared": 0.1
    },
    {
        "date": "2016-06-29",
        "symbol": "DHI",
        "period": "Q3",
        "homebuildingrevenue": 3118700000,
        "landsales": 30000000,
        "realestaterevenuenet": 3148700000,
        "homebuildingcosts": 2486500000,
        "costsofrealestateservicesandlandsales": 28300000,
        "productionrelatedimpairmentsorcharges": 8100000,
        "costofrealestaterevenue": 2522900000,
        "homesalesgrossprofitloss": 632200000,
        "landlotsalesgrossprofitloss": 1700000,
        "inventoryimpairmentsandlandoptioncostwriteoffsgrossprofit": 8100000,
        "grossprofit": 625800000,
        "sellinggeneralandadministrativeexpense": 280400000,
        "othernonoperatingincomeexpense": 3800000,
        "financialservicesrevenue": 83200000,
        "generalandadministrativeexpense": 56400000,
        "otheroperatingincome": 2600000,
        "incomelossfromcontinuingoperationsbeforeincometaxesextraordinaryitemsnoncontrollinginterest": 349200000,
        "incometaxexpensebenefit": -448700000,
        "profitloss": -846700000,
        "comprehensiveincomenetoftaxincludingportionattributabletononcontrollinginterest": -845300000,
        "earningspersharebasic": 0.6799999999999999,
        "earningspersharediluted": 0.6700000000000002,
        "commonstockdividendspersharedeclared": 0.07999999999999997
    },
    {
        "date": "2016-03-30",
        "symbol": "DHI",
        "period": "Q2",
        "homebuildingrevenue": 2686000000,
        "landsales": 15000000,
        "realestaterevenuenet": 2701000000,
        "homebuildingcosts": 2151300000,
        "costsofrealestateservicesandlandsales": 12000000,
        "productionrelatedimpairmentsorcharges": 5900000,
        "costofrealestaterevenue": 2169200000,
        "homesalesgrossprofitloss": 534700000,
        "landlotsalesgrossprofitloss": 3000000,
        "inventoryimpairmentsandlandoptioncostwriteoffsgrossprofit": 5900000,
        "grossprofit": 531800000,
        "sellinggeneralandadministrativeexpense": 258300000,
        "othernonoperatingincomeexpense": 9600000,
        "financialservicesrevenue": 66900000,
        "generalandadministrativeexpense": 51000000,
        "otheroperatingincome": 1500000,
        "incomelossfromcontinuingoperationsbeforeincometaxesextraordinaryitemsnoncontrollinginterest": 270800000,
        "incometaxexpensebenefit": 105400000,
        "profitloss": 197600000,
        "othercomprehensiveincomeunrealizedholdinggainlossonsecuritiesarisingduringperiodnetoftax": 0,
        "comprehensiveincomenetoftaxincludingportionattributabletononcontrollinginterest": 195000000,
        "earningspersharebasic": 0.52,
        "earningspersharediluted": 0.52,
        "commonstockdividendspersharedeclared": 0.08
    },
    {
        "date": "2015-12-30",
        "symbol": "DHI",
        "period": "Q1",
        "homebuildingrevenue": 2340900000,
        "landsales": 20200000,
        "realestaterevenuenet": 2361100000,
        "homebuildingcosts": 1874300000,
        "costsofrealestateservicesandlandsales": 15900000,
        "productionrelatedimpairmentsorcharges": 2000000,
        "costofrealestaterevenue": 1892200000,
        "homesalesgrossprofitloss": 466600000,
        "landlotsalesgrossprofitloss": 4300000,
        "inventoryimpairmentsandlandoptioncostwriteoffsgrossprofit": 2000000,
        "grossprofit": 468900000,
        "sellinggeneralandadministrativeexpense": 243300000,
        "othernonoperatingincomeexpense": 3400000,
        "financialservicesrevenue": 55300000,
        "generalandadministrativeexpense": 46100000,
        "otheroperatingincome": 3100000,
        "incomelossfromcontinuingoperationsbeforeincometaxesextraordinaryitemsnoncontrollinginterest": 241300000,
        "incometaxexpensebenefit": 83600000,
        "profitloss": 157700000,
        "othercomprehensiveincomeunrealizedholdinggainlossonsecuritiesarisingduringperiodnetoftax": 1200000,
        "comprehensiveincomenetoftaxincludingportionattributabletononcontrollinginterest": 158900000,
        "earningspersharebasic": 0.43,
        "earningspersharediluted": 0.42,
        "commonstockdividendspersharedeclared": 0.08
    },
    {
        "date": "2015-06-29",
        "symbol": "DHI",
        "period": "Q3",
        "homebuildingrevenue": 2857900000,
        "landsales": 18500000,
        "realestaterevenuenet": 716300000,
        "homebuildingcosts": 2288900000,
        "costsofrealestateservicesandlandsales": 16100000,
        "productionrelatedimpairmentsorcharges": 15400000,
        "costofrealestaterevenue": 2320400000,
        "homesalesgrossprofitloss": 569000000,
        "landlotsalesgrossprofitloss": 2400000,
        "inventoryimpairmentsandlandoptioncostwriteoffsgrossprofit": 15400000,
        "grossprofit": 556000000,
        "financialservicesrevenue": 74400000,
        "sellinggeneralandadministrativeexpense": 257800000,
        "generalandadministrativeexpense": 46000000,
        "othernonoperatingincomeexpense": 3900000,
        "otheroperatingincome": 3300000,
        "incomelossfromcontinuingoperationsbeforeincometaxesextraordinaryitemsnoncontrollinginterest": 85500000,
        "incometaxexpensebenefit": 112400000,
        "profitloss": 221400000,
        "comprehensiveincomenetoftaxincludingportionattributabletononcontrollinginterest": 221400000,
        "earningspersharebasic": 0.6,
        "earningspersharediluted": 0.6,
        "commonstockdividendspersharedeclared": 0.0625
    },
    {
        "date": "2015-03-30",
        "symbol": "DHI",
        "period": "Q2",
        "homebuildingrevenue": 2318800000,
        "landsales": 19700000,
        "realestaterevenuenet": 567600000,
        "homebuildingcosts": 1861900000,
        "costsofrealestateservicesandlandsales": 17600000,
        "productionrelatedimpairmentsorcharges": 12500000,
        "costofrealestaterevenue": 1892000000,
        "homesalesgrossprofitloss": 456900000,
        "landlotsalesgrossprofitloss": 2100000,
        "inventoryimpairmentsandlandoptioncostwriteoffsgrossprofit": 12500000,
        "grossprofit": 446500000,
        "financialservicesrevenue": 59500000,
        "sellinggeneralandadministrativeexpense": 242400000,
        "generalandadministrativeexpense": 40700000,
        "othernonoperatingincomeexpense": 4500000,
        "otheroperatingincome": 2700000,
        "incomelossfromcontinuingoperationsbeforeincometaxesextraordinaryitemsnoncontrollinginterest": 60400000,
        "incometaxexpensebenefit": 82200000,
        "profitloss": 147900000,
        "comprehensiveincomenetoftaxincludingportionattributabletononcontrollinginterest": 147900000,
        "earningspersharebasic": 0.4,
        "earningspersharediluted": 0.4,
        "commonstockdividendspersharedeclared": 0.0625
    },
    {
        "date": "2014-12-30",
        "symbol": "DHI",
        "period": "Q1",
        "homebuildingrevenue": 2240700000,
        "landsales": 12300000,
        "realestaterevenuenet": 549800000,
        "homebuildingcosts": 1798100000,
        "costsofrealestateservicesandlandsales": 10300000,
        "productionrelatedimpairmentsorcharges": 6000000,
        "costofrealestaterevenue": 1814400000,
        "homesalesgrossprofitloss": 442600000,
        "landlotsalesgrossprofitloss": 2000000,
        "inventoryimpairmentsandlandoptioncostwriteoffsgrossprofit": 6000000,
        "grossprofit": 438600000,
        "financialservicesrevenue": 49600000,
        "sellinggeneralandadministrativeexpense": 238000000,
        "generalandadministrativeexpense": 37800000,
        "othernonoperatingincomeexpense": 5500000,
        "otheroperatingincome": 2800000,
        "incomelossfromcontinuingoperationsbeforeincometaxesextraordinaryitemsnoncontrollinginterest": 220700000,
        "incometaxexpensebenefit": 78200000,
        "profitloss": 142500000,
        "comprehensiveincomenetoftaxincludingportionattributabletononcontrollinginterest": 142500000,
        "earningspersharebasic": 0.39,
        "earningspersharediluted": 0.39,
        "commonstockdividendspersharedeclared": 0.0625
    },
    {
        "date": "2014-06-29",
        "symbol": "DHI",
        "period": "Q3",
        "homebuildingrevenue": 2090300000,
        "landsales": 12600000,
        "realestaterevenuenet": 3068000000,
        "homebuildingcosts": 1658000000,
        "costsofrealestateservicesandlandsales": 10600000,
        "productionrelatedimpairmentsorcharges": 56900000,
        "costofrealestaterevenue": 112300000,
        "homesalesgrossprofitloss": 432300000,
        "landlotsalesgrossprofitloss": 2000000,
        "inventoryimpairmentsandlandoptioncostwriteoffsgrossprofit": 56900000,
        "grossprofit": 130800000,
        "financialservicesrevenue": 44000000,
        "sellinggeneralandadministrativeexpense": 115700000,
        "generalandadministrativeexpense": 33700000,
        "othernonoperatingincomeexpense": -600000,
        "otheroperatingincome": 2900000,
        "incomelossfromcontinuingoperationsbeforeincometaxesextraordinaryitemsnoncontrollinginterest": -677500000,
        "incometaxexpensebenefit": -112300000,
        "profitloss": 150300000,
        "comprehensiveincomenetoftaxincludingportionattributabletononcontrollinginterest": 259000000,
        "earningspersharebasic": 0.32000000000000006,
        "earningspersharediluted": 0.31000000000000005
    },
    {
        "date": "2014-03-30",
        "symbol": "DHI",
        "period": "Q2",
        "homebuildingrevenue": 1680000000,
        "landsales": 16600000,
        "realestaterevenuenet": 574100000,
        "homebuildingcosts": 1302800000,
        "costsofrealestateservicesandlandsales": 12600000,
        "productionrelatedimpairmentsorcharges": 4400000,
        "costofrealestaterevenue": 453500000,
        "homesalesgrossprofitloss": 377200000,
        "landlotsalesgrossprofitloss": 4000000,
        "inventoryimpairmentsandlandoptioncostwriteoffsgrossprofit": 4400000,
        "grossprofit": 120600000,
        "financialservicesrevenue": 38400000,
        "sellinggeneralandadministrativeexpense": 97700000,
        "generalandadministrativeexpense": 30200000,
        "othernonoperatingincomeexpense": 1500000,
        "otheroperatingincome": 2000000,
        "incomelossfromcontinuingoperationsbeforeincometaxesextraordinaryitemsnoncontrollinginterest": 201900000,
        "incometaxexpensebenefit": 55900000,
        "profitloss": 131000000,
        "othercomprehensiveincomeunrealizedholdinggainlossonsecuritiesarisingduringperiodnetoftax": 300000,
        "comprehensiveincomenetoftaxincludingportionattributabletononcontrollinginterest": 103500000,
        "earningspersharebasic": 0.4,
        "earningspersharediluted": 0.38,
        "commonstockdividendspersharedeclared": 0.0375
    },
    {
        "date": "2013-12-30",
        "symbol": "DHI",
        "period": "Q1",
        "homebuildingrevenue": 1630800000,
        "landsales": 4800000,
        "realestaterevenuenet": 3300000,
        "homebuildingcosts": 1266700000,
        "costsofrealestateservicesandlandsales": 4300000,
        "productionrelatedimpairmentsorcharges": 2600000,
        "costofrealestaterevenue": 840300000,
        "homesalesgrossprofitloss": 364100000,
        "landlotsalesgrossprofitloss": 500000,
        "inventoryimpairmentsandlandoptioncostwriteoffsgrossprofit": 2600000,
        "grossprofit": 122500000,
        "financialservicesrevenue": 35000000,
        "sellinggeneralandadministrativeexpense": 92600000,
        "generalandadministrativeexpense": 29800000,
        "othernonoperatingincomeexpense": 1900000,
        "otheroperatingincome": 2600000,
        "incomelossfromcontinuingoperationsbeforeincometaxesextraordinaryitemsnoncontrollinginterest": 7800000,
        "incometaxexpensebenefit": 66500000,
        "profitloss": 4800000,
        "comprehensiveincomenetoftaxincludingportionattributabletononcontrollinginterest": 4800000,
        "earningspersharebasic": 0.38,
        "earningspersharediluted": 0.36
    },
    {
        "date": "2013-06-29",
        "symbol": "DHI",
        "period": "Q3",
        "homebuildingrevenue": 1630800000,
        "landsales": 13800000,
        "realestaterevenuenet": 534200000,
        "homebuildingcosts": 1281500000,
        "costsofrealestateservicesandlandsales": 13200000,
        "inventoryimpairmentsandlandoptioncostwriteoffs": 800000,
        "costofrealestaterevenue": 878600000,
        "homesalesgrossprofitloss": 349300000,
        "landlotsalesgrossprofitloss": 600000,
        "inventoryimpairmentsandlandoptioncostwriteoffsgrossprofit": 800000,
        "grossprofit": 121600000,
        "sellinggeneralandadministrativeexpense": 1700000,
        "generalandadministrativeexpense": 31300000,
        "interestexpense": 3100000,
        "othernonoperatingincomeexpense": 2300000,
        "otheroperatingincome": 700000,
        "incomelossfromcontinuingoperationsbeforeincometaxesextraordinaryitemsnoncontrollinginterest": 50600000,
        "incometaxexpensebenefit": -43400000,
        "profitloss": 227600000,
        "othercomprehensiveincomeunrealizedholdinggainlossonsecuritiesarisingduringperiodnetoftax": 0,
        "comprehensiveincomenetoftaxincludingportionattributabletononcontrollinginterest": 433900000,
        "earningspersharebasic": 0.44999999999999996,
        "earningspersharediluted": 0.4100000000000001
    },
    {
        "date": "2013-03-30",
        "symbol": "DHI",
        "period": "Q2",
        "homebuildingrevenue": 1368700000,
        "landsales": 21600000,
        "realestaterevenuenet": 844100000,
        "homebuildingcosts": 1089900000,
        "costsofrealestateservicesandlandsales": 17400000,
        "inventoryimpairmentsandlandoptioncostwriteoffs": 1900000,
        "costofrealestaterevenue": 1412100000,
        "homesalesgrossprofitloss": 278800000,
        "landlotsalesgrossprofitloss": 4200000,
        "inventoryimpairmentsandlandoptioncostwriteoffsgrossprofit": 1900000,
        "grossprofit": 86600000,
        "financialservicesrevenueexcludinginterestincome": 41100000,
        "sellinggeneralandadministrativeexpense": 1400000,
        "generalandadministrativeexpense": 27900000,
        "interestexpense": -1200000,
        "othernonoperatingincomeexpense": 1200000,
        "otheroperatingincome": 2500000,
        "incomelossfromcontinuingoperationsbeforeincometaxesextraordinaryitemsnoncontrollinginterest": -86900000,
        "incometaxexpensebenefit": 75900000,
        "profitloss": 17600000,
        "othercomprehensiveincomeunrealizedholdinggainlossonsecuritiesarisingduringperiodnetoftax": -100000,
        "comprehensiveincomenetoftaxincludingportionattributabletononcontrollinginterest": -186800000,
        "earningspersharebasic": 0.3400000000000001,
        "earningspersharediluted": 0.32,
        "commonstockdividendspersharedeclared": 0
    },
    {
        "date": "2012-12-30",
        "symbol": "DHI",
        "period": "Q1",
        "homebuildingrevenue": 1223300000,
        "landsales": 9900000,
        "realestaterevenuenet": 3400000,
        "homebuildingcosts": 992800000,
        "costsofrealestateservicesandlandsales": 8200000,
        "inventoryimpairmentsandlandoptioncostwriteoffs": 1300000,
        "costofrealestaterevenue": 9600000,
        "homesalesgrossprofitloss": 230500000,
        "landlotsalesgrossprofitloss": 1700000,
        "inventoryimpairmentsandlandoptioncostwriteoffsgrossprofit": 1300000,
        "grossprofit": 79200000,
        "financialservicesrevenueexcludinginterestincome": 41900000,
        "sellinggeneralandadministrativeexpense": 1700000,
        "generalandadministrativeexpense": 25700000,
        "interestexpense": 3200000,
        "othernonoperatingincomeexpense": 1000000,
        "otheroperatingincome": 2500000,
        "incomelossfromcontinuingoperationsbeforeincometaxesextraordinaryitemsnoncontrollinginterest": 83900000,
        "incometaxexpensebenefit": -28300000,
        "profitloss": 9500000,
        "othercomprehensiveincomeunrealizedholdinggainlossonsecuritiesarisingduringperiodnetoftax": -100000,
        "comprehensiveincomenetoftaxincludingportionattributabletononcontrollinginterest": 9500000,
        "earningspersharebasic": 0.21,
        "earningspersharediluted": 0.2,
        "commonstockdividendspersharedeclared": 0.15
    },
    {
        "date": "2011-12-30",
        "symbol": "DHI",
        "period": "Q1",
        "homebuildingrevenue": 884300000,
        "landsales": 1300000,
        "realestaterevenuenet": 293900000,
        "homebuildingcosts": 735600000,
        "inventoryimpairmentsandlandoptioncostwriteoffs": 1400000,
        "costofrealestaterevenue": 244400000,
        "homesalesgrossprofitloss": 148700000,
        "landlotsalesgrossprofitloss": 1300000,
        "inventoryimpairmentsandlandoptioncostwriteoffsgrossprofit": 1400000,
        "grossprofit": 49500000,
        "financialservicesrevenueexcludinginterestincome": 21000000,
        "sellinggeneralandadministrativeexpense": 55400000,
        "generalandadministrativeexpense": 18900000,
        "interestexpense": 6900000,
        "gainslossesonextinguishmentofdebt": 100000,
        "othernonoperatingincomeexpense": 800000,
        "otheroperatingincome": 3000000,
        "incomelossfromcontinuingoperationsbeforeincometaxes": 29200000,
        "incometaxexpensebenefit": 1500000,
        "profitloss": 27700000,
        "othercomprehensiveincomeunrealizedholdinggainlossonsecuritiesarisingduringperiodnetoftax": 100000,
        "comprehensiveincomenetoftaxincludingportionattributabletononcontrollinginterest": 27800000,
        "earningspersharebasic": 0.09,
        "earningspersharediluted": 0.09,
        "commonstockdividendspersharedeclared": 0.0375
    },
    {
        "date": "2011-06-29",
        "symbol": "DHI",
        "period": "Q3",
        "homebuildingrevenue": 974500000,
        "landsales": 900000,
        "realestaterevenuenet": 294600000,
        "homebuildingcosts": 813500000,
        "costsofrealestateservicesandlandsales": 700000,
        "inventoryimpairmentsandlandoptioncostwriteoffs": 9900000,
        "costofrealestaterevenue": 583700000,
        "homesalesgrossprofitloss": 161000000,
        "landlotsalesgrossprofitloss": 200000,
        "inventoryimpairmentsandlandoptioncostwriteoffsgrossprofit": 9900000,
        "grossprofit": 47900000,
        "financialservicesrevenueexcludinginterestincome": 23800000,
        "sellinggeneralandadministrativeexpense": 61500000,
        "generalandadministrativeexpense": 19300000,
        "interestexpense": 300000,
        "gainslossesonextinguishmentofdebt": -6500000,
        "othernonoperatingincomeexpense": 400000,
        "otheroperatingincome": 2500000,
        "incomelossfromcontinuingoperationsbeforeincometaxes": -1000000,
        "incometaxexpensebenefit": -600000,
        "profitloss": -47100000,
        "earningspersharebasic": 0.09,
        "earningspersharediluted": 0.09,
        "commonstockdividendspersharedeclared": 0.0375
    },
    {
        "date": "2011-03-30",
        "symbol": "DHI",
        "period": "Q2",
        "homebuildingrevenue": 733000000,
        "landsales": 100000,
        "realestaterevenuenet": 733100000,
        "homebuildingcosts": 613900000,
        "costsofrealestateservicesandlandsales": 100000,
        "inventoryimpairmentsandlandoptioncostwriteoffs": 14300000,
        "costofrealestaterevenue": 628300000,
        "homesalesgrossprofitloss": 119100000,
        "inventoryimpairmentsandlandoptioncostwriteoffsgrossprofit": 14300000,
        "grossprofit": 104800000,
        "financialservicesrevenueexcludinginterestincome": 18000000,
        "sellinggeneralandadministrativeexpense": 123200000,
        "generalandadministrativeexpense": 18200000,
        "interestexpense": 14700000,
        "gainslossesonextinguishmentofdebt": -2700000,
        "othernonoperatingincomeexpense": 3400000,
        "otheroperatingincome": 1900000,
        "incomelossfromcontinuingoperationsbeforeincometaxes": -32400000,
        "incometaxexpensebenefit": -58600000,
        "profitloss": 27800000,
        "earningspersharebasic": 0.09,
        "earningspersharediluted": 0.09,
        "commonstockdividendspersharedeclared": 0.0375
    },
    {
        "date": "2010-12-30",
        "symbol": "DHI",
        "period": "Q1",
        "homebuildingrevenue": 761100000,
        "landsales": 5900000,
        "realestaterevenuenet": 767000000,
        "homebuildingcosts": 642500000,
        "costsofrealestateservicesandlandsales": 5900000,
        "inventoryimpairmentsandlandoptioncostwriteoffs": 8400000,
        "costofrealestaterevenue": 656800000,
        "homesalesgrossprofitloss": 118600000,
        "inventoryimpairmentsandlandoptioncostwriteoffsgrossprofit": 8400000,
        "grossprofit": 110200000,
        "financialservicesrevenueexcludinginterestincome": 21200000,
        "sellinggeneralandadministrativeexpense": 118900000,
        "generalandadministrativeexpense": 19000000,
        "interestexpense": 300000,
        "gainslossesonextinguishmentofdebt": -1500000,
        "othernonoperatingincomeexpense": 2300000,
        "otheroperatingincome": 2300000,
        "incomelossfromcontinuingoperationsbeforeincometaxesminorityinterestandincomelossfromequitymethodinvestments": 4200000,
        "incometaxexpensebenefit": 500000,
        "netincomeloss": -20400000,
        "earningspersharebasic": -0.06,
        "earningspersharediluted": -0.06,
        "commonstockdividendspersharedeclared": 0.0375
    }
]