[
    {
        "date": "2024-10-30",
        "symbol": "CPRT",
        "period": "Q1",
        "revenuefromcontractwithcustomerincludingassessedtax": 1146829000,
        "directoperatingcosts": 496546000,
        "costdirectmaterial": 138178000,
        "generalandadministrativeexpense": 105738000,
        "costsandexpenses": 740462000,
        "operatingincomeloss": 406367000,
        "interestincomeexpensenonoperatingnet": 45547000,
        "othernonoperatingincomeexpense": -596000,
        "nonoperatingincomeexpense": 44951000,
        "incomelossfromcontinuingoperationsbeforeincometaxesextraordinaryitemsnoncontrollinginterest": 451318000,
        "incometaxexpensebenefit": 90142000,
        "profitloss": 361176000,
        "netincomelossattributabletononcontrollinginterest": -910000,
        "netincomeloss": 362086000,
        "earningspersharebasic": 0.38,
        "weightedaveragenumberofsharesoutstandingbasic": 963176000,
        "earningspersharediluted": 0.37,
        "weightedaveragenumberofdilutedsharesoutstanding": 976506000,
        "othercomprehensiveincomelossforeigncurrencytransactionandtranslationadjustmentnetoftax": -1767000,
        "comprehensiveincomenetoftaxincludingportionattributabletononcontrollinginterest": 359409000,
        "comprehensiveincomenetoftaxattributabletononcontrollinginterest": -910000,
        "comprehensiveincomenetoftax": 360319000
    },
    {
        "date": "2024-04-29",
        "symbol": "CPRT",
        "period": "Q3",
        "revenuefromcontractwithcustomerincludingassessedtax": 946630000,
        "directoperatingcosts": 438873000,
        "costdirectmaterial": 162881000,
        "generalandadministrativeexpense": 88302000,
        "costsandexpenses": 690056000,
        "operatingincomeloss": 437203000,
        "interestincomeexpensenet": 36218000,
        "othernonoperatingincomeexpense": -1309000,
        "nonoperatingincomeexpense": 34909000,
        "incomelossfromcontinuingoperationsbeforeincometaxesextraordinaryitemsnoncontrollinginterest": 472112000,
        "incometaxexpensebenefit": 90002000,
        "profitloss": 382110000,
        "netincomelossattributabletononcontrollinginterest": -181000,
        "netincomeloss": 382291000,
        "earningspersharebasic": 0.4,
        "weightedaveragenumberofsharesoutstandingbasic": 961813000,
        "earningspersharediluted": 0.39,
        "weightedaveragenumberofdilutedsharesoutstanding": 976445000,
        "othercomprehensiveincomelossforeigncurrencytransactionandtranslationadjustmentnetoftax": -11528000,
        "comprehensiveincomenetoftaxincludingportionattributabletononcontrollinginterest": 370582000,
        "comprehensiveincomenetoftaxattributabletononcontrollinginterest": -181000,
        "comprehensiveincomenetoftax": 370763000
    },
    {
        "date": "2023-10-30",
        "symbol": "CPRT",
        "period": "Q1",
        "revenuefromcontractwithcustomerincludingassessedtax": 859536000,
        "directoperatingcosts": 408501000,
        "costdirectmaterial": 147896000,
        "generalandadministrativeexpense": 68643000,
        "costsandexpenses": 625040000,
        "operatingincomeloss": 395376000,
        "interestincomeexpensenet": 32005000,
        "othernonoperatingincomeexpense": -4072000,
        "nonoperatingincomeexpense": 27933000,
        "incomelossfromcontinuingoperationsbeforeincometaxesextraordinaryitemsnoncontrollinginterest": 423309000,
        "incometaxexpensebenefit": 90777000,
        "profitloss": 332532000,
        "netincomelossattributabletononcontrollinginterest": 5000,
        "netincomeloss": 332527000,
        "earningspersharebasic": 0.35,
        "weightedaveragenumberofsharesoutstandingbasic": 958127000,
        "earningspersharediluted": 0.34,
        "weightedaveragenumberofdilutedsharesoutstanding": 971682000,
        "othercomprehensiveincomelossforeigncurrencytransactionandtranslationadjustmentnetoftax": -36353000,
        "comprehensiveincomenetoftaxincludingportionattributabletononcontrollinginterest": 296179000,
        "comprehensiveincomenetoftaxattributabletononcontrollinginterest": 5000,
        "comprehensiveincomenetoftax": 296174000
    },
    {
        "date": "2023-07-30",
        "symbol": "CPRT",
        "period": "Q4",
        "revenuefromcontractwithcustomerincludingassessedtax": 834242000,
        "directoperatingcosts": 390797000,
        "costdirectmaterial": 149216000,
        "generalandadministrativeexpense": 66961000,
        "costsandexpenses": 606974000,
        "operatingincomeloss": 390617000,
        "interestincomeexpensenet": 29148000,
        "othernonoperatingincomeexpense": 3927000,
        "nonoperatingincomeexpense": 33075000,
        "incomelossfromcontinuingoperationsbeforeincometaxesextraordinaryitemsnoncontrollinginterest": 423692000,
        "incometaxexpensebenefit": 75907000,
        "netincomeloss": 347785000,
        "earningspersharebasic": -0.57,
        "weightedaveragenumberofsharesoutstandingbasic": -475688000,
        "earningspersharediluted": -0.5599999999999999,
        "weightedaveragenumberofdilutedsharesoutstanding": -481747000,
        "othercomprehensiveincomeforeigncurrencytransactionandtranslationadjustmentnetoftaxportionattributabletoparent": 11453000,
        "comprehensiveincomenetoftax": 359238000
    },
    {
        "date": "2023-04-30",
        "symbol": "CPRT",
        "period": "Q3",
        "revenuefromcontractwithcustomerincludingassessedtax": 847249000,
        "directoperatingcosts": 378958000,
        "costdirectmaterial": 159443000,
        "generalandadministrativeexpense": 64506000,
        "costsandexpenses": 602907000,
        "operatingincomeloss": 418924000,
        "interestincomeexpensenet": 17878000,
        "othernonoperatingincomeexpense": 3628000,
        "nonoperatingincomeexpense": 21506000,
        "incomelossfromcontinuingoperationsbeforeincometaxesextraordinaryitemsnoncontrollinginterest": 440430000,
        "incometaxexpensebenefit": 89999000,
        "netincomeloss": 350431000,
        "earningspersharebasic": 0.73,
        "weightedaveragenumberofsharesoutstandingbasic": 476787000,
        "earningspersharediluted": 0.72,
        "weightedaveragenumberofdilutedsharesoutstanding": 483690000,
        "othercomprehensiveincomeforeigncurrencytransactionandtranslationadjustmentnetoftaxportionattributabletoparent": 4048000,
        "comprehensiveincomenetoftax": 354479000
    },
    {
        "date": "2023-01-31",
        "symbol": "CPRT",
        "period": "Q2",
        "revenuefromcontractwithcustomerincludingassessedtax": 789797000,
        "directoperatingcosts": 375497000,
        "costdirectmaterial": 154727000,
        "generalandadministrativeexpense": 60975000,
        "costsandexpenses": 591199000,
        "operatingincomeloss": 365525000,
        "interestincomeexpensenet": 14480000,
        "othernonoperatingincomeexpense": -2902000,
        "nonoperatingincomeexpense": 11578000,
        "incomelossfromcontinuingoperationsbeforeincometaxesextraordinaryitemsnoncontrollinginterest": 377103000,
        "incometaxexpensebenefit": 83426000,
        "netincomeloss": 293677000,
        "earningspersharebasic": 0.62,
        "weightedaveragenumberofsharesoutstandingbasic": 476376000,
        "earningspersharediluted": 0.61,
        "weightedaveragenumberofdilutedsharesoutstanding": 482536000,
        "othercomprehensiveincomeforeigncurrencytransactionandtranslationadjustmentnetoftaxportionattributabletoparent": 42429000,
        "comprehensiveincomenetoftax": 336106000
    },
    {
        "date": "2022-10-31",
        "symbol": "CPRT",
        "period": "Q1",
        "revenuefromcontractwithcustomerincludingassessedtax": 726840000,
        "directoperatingcosts": 372777000,
        "costdirectmaterial": 151112000,
        "generalandadministrativeexpense": 57980000,
        "costsandexpenses": 581869000,
        "operatingincomeloss": 311503000,
        "interestincomeexpensenet": 4422000,
        "othernonoperatingincomeexpense": -2822000,
        "nonoperatingincomeexpense": 1600000,
        "incomelossfromcontinuingoperationsbeforeincometaxesextraordinaryitemsnoncontrollinginterest": 313103000,
        "incometaxexpensebenefit": 67255000,
        "netincomeloss": 245848000,
        "earningspersharebasic": 0.52,
        "weightedaveragenumberofsharesoutstandingbasic": 476099000,
        "earningspersharediluted": 0.51,
        "weightedaveragenumberofdilutedsharesoutstanding": 482168000,
        "othercomprehensiveincomeforeigncurrencytransactionandtranslationadjustmentnetoftaxportionattributabletoparent": -29571000,
        "comprehensiveincomenetoftax": 216277000
    },
    {
        "date": "2022-07-30",
        "symbol": "CPRT",
        "period": "Q4",
        "revenuefromcontractwithcustomerincludingassessedtax": 134335000,
        "directoperatingcosts": 46615000,
        "costdirectmaterial": 52713000,
        "generalandadministrativeexpense": 9750000,
        "operatingincomeloss": 25256000,
        "interestincomeexpensenet": -2656000,
        "othernonoperatingincomeexpense": -1910000,
        "nonoperatingincomeexpense": -21325000,
        "incomelossfromcontinuingoperationsbeforeincometaxesextraordinaryitemsnoncontrollinginterest": 303468000,
        "incometaxexpensebenefit": 39733000,
        "netincomeloss": 263735000,
        "earningspersharebasic": 1.1099999999999999,
        "weightedaveragenumberofsharesoutstandingbasic": -474340000,
        "earningspersharediluted": 1.0899999999999994,
        "weightedaveragenumberofdilutedsharesoutstanding": -481981000
    },
    {
        "date": "2022-04-30",
        "symbol": "CPRT",
        "period": "Q3",
        "revenuefromcontractwithcustomerincludingassessedtax": 766316000,
        "directoperatingcosts": 346428000,
        "costdirectmaterial": 157236000,
        "generalandadministrativeexpense": 63522000,
        "costsandexpenses": 567186000,
        "operatingincomeloss": 372755000,
        "interestincomeexpensenet": -4492000,
        "othernonoperatingincomeexpense": 1342000,
        "nonoperatingincomeexpense": -3150000,
        "incomelossfromcontinuingoperationsbeforeincometaxesextraordinaryitemsnoncontrollinginterest": 369605000,
        "incometaxexpensebenefit": 90985000,
        "netincomeloss": 278620000,
        "earningspersharebasic": 1.17,
        "weightedaveragenumberofsharesoutstandingbasic": 237505000,
        "earningspersharediluted": 1.16,
        "weightedaveragenumberofdilutedsharesoutstanding": 240724000,
        "othercomprehensiveincomeforeigncurrencytransactionandtranslationadjustmentnetoftaxportionattributabletoparent": -29094000,
        "comprehensiveincomenetoftax": 249526000
    },
    {
        "date": "2022-01-31",
        "symbol": "CPRT",
        "period": "Q2",
        "revenuefromcontractwithcustomerincludingassessedtax": 711090000,
        "directoperatingcosts": 323814000,
        "costdirectmaterial": 140304000,
        "generalandadministrativeexpense": 56014000,
        "costsandexpenses": 520132000,
        "operatingincomeloss": 347328000,
        "interestincomeexpensenet": -4433000,
        "othernonoperatingincomeexpense": -840000,
        "nonoperatingincomeexpense": -5273000,
        "incomelossfromcontinuingoperationsbeforeincometaxesextraordinaryitemsnoncontrollinginterest": 342055000,
        "incometaxexpensebenefit": 54643000,
        "netincomeloss": 287412000,
        "earningspersharebasic": 1.21,
        "weightedaveragenumberofsharesoutstandingbasic": 237186000,
        "earningspersharediluted": 1.19,
        "weightedaveragenumberofdilutedsharesoutstanding": 241187000,
        "othercomprehensiveincomeforeigncurrencytransactionandtranslationadjustmentnetoftaxportionattributabletoparent": -12124000,
        "comprehensiveincomenetoftax": 275288000
    },
    {
        "date": "2021-10-31",
        "symbol": "CPRT",
        "period": "Q1",
        "revenuefromcontractwithcustomerincludingassessedtax": 667818000,
        "directoperatingcosts": 298694000,
        "costdirectmaterial": 126408000,
        "generalandadministrativeexpense": 54909000,
        "costsandexpenses": 480011000,
        "operatingincomeloss": 330121000,
        "interestincomeexpensenet": -5107000,
        "othernonoperatingincomeexpense": 812000,
        "nonoperatingincomeexpense": -4295000,
        "incomelossfromcontinuingoperationsbeforeincometaxesextraordinaryitemsnoncontrollinginterest": 325826000,
        "incometaxexpensebenefit": 65463000,
        "netincomeloss": 260363000,
        "earningspersharebasic": 1.1,
        "weightedaveragenumberofsharesoutstandingbasic": 237068000,
        "earningspersharediluted": 1.08,
        "weightedaveragenumberofdilutedsharesoutstanding": 241221000,
        "othercomprehensiveincomeforeigncurrencytransactionandtranslationadjustmentnetoftaxportionattributabletoparent": -10518000,
        "comprehensiveincomenetoftax": 249845000
    },
    {
        "date": "2021-07-30",
        "symbol": "CPRT",
        "period": "Q4",
        "revenuefromcontractwithcustomerincludingassessedtax": 113689000,
        "operatingcostsandexpenses": 447130000,
        "directoperatingcosts": 40667000,
        "costdirectmaterial": 39395000,
        "generalandadministrativeexpense": 6265000,
        "operatingincomeloss": 27362000,
        "interestincomeexpensenet": -5020000,
        "othernonoperatingincomeexpense": 2564000,
        "nonoperatingincomeexpense": -2456000,
        "incomelossfromcontinuingoperationsbeforeincometaxesextraordinaryitemsnoncontrollinginterest": 299044000,
        "incometaxexpensebenefit": 43070000,
        "profitloss": 255974000,
        "earningspersharebasic": 1.08,
        "weightedaveragenumberofsharesoutstandingbasic": -472087000,
        "earningspersharediluted": 1.0699999999999998,
        "weightedaveragenumberofdilutedsharesoutstanding": -480166000,
        "othercomprehensiveincomelossnetoftax": 256778000,
        "othercomprehensiveincomelossbeforetaxportionattributabletoparent": 255974000
    },
    {
        "date": "2021-04-30",
        "symbol": "CPRT",
        "period": "Q3",
        "revenuefromcontractwithcustomerincludingassessedtax": 623846000,
        "operatingcostsandexpenses": 405799000,
        "interestincomeexpensenet": -5346000,
        "directoperatingcosts": 258071000,
        "costdirectmaterial": 94498000,
        "generalandadministrativeexpense": 53230000,
        "othernonoperatingincomeexpense": 770000,
        "nonoperatingincomeexpense": -4576000,
        "operatingincomeloss": 328111000,
        "incomelossfromcontinuingoperationsbeforeincometaxesextraordinaryitemsnoncontrollinginterest": 323535000,
        "incometaxexpensebenefit": 36739000,
        "profitloss": 286796000,
        "earningspersharebasic": 1.21,
        "weightedaveragenumberofsharesoutstandingbasic": 236396000,
        "earningspersharediluted": 1.19,
        "weightedaveragenumberofdilutedsharesoutstanding": 240208000,
        "othercomprehensiveincomelossbeforetaxportionattributabletoparent": 286796000,
        "othercomprehensiveincomeforeigncurrencytransactionandtranslationadjustmentnetoftaxportionattributabletoparent": 5056000,
        "othercomprehensiveincomelossnetoftax": 291852000
    },
    {
        "date": "2021-01-31",
        "symbol": "CPRT",
        "period": "Q2",
        "revenuefromcontractwithcustomerincludingassessedtax": 532601000,
        "operatingcostsandexpenses": 358810000,
        "interestincomeexpensenet": -4849000,
        "directoperatingcosts": 235904000,
        "costdirectmaterial": 73629000,
        "generalandadministrativeexpense": 49277000,
        "othernonoperatingincomeexpense": -920000,
        "nonoperatingincomeexpense": -5769000,
        "operatingincomeloss": 258221000,
        "incomelossfromcontinuingoperationsbeforeincometaxesextraordinaryitemsnoncontrollinginterest": 252452000,
        "incometaxexpensebenefit": 59012000,
        "profitloss": 193440000,
        "earningspersharebasic": 0.82,
        "weightedaveragenumberofsharesoutstandingbasic": 236152000,
        "earningspersharediluted": 0.81,
        "weightedaveragenumberofdilutedsharesoutstanding": 240280000,
        "othercomprehensiveincomelossbeforetaxportionattributabletoparent": 193440000,
        "othercomprehensiveincomeforeigncurrencytransactionandtranslationadjustmentnetoftaxportionattributabletoparent": 21774000,
        "othercomprehensiveincomelossnetoftax": 215214000
    },
    {
        "date": "2020-10-31",
        "symbol": "CPRT",
        "period": "Q1",
        "revenuefromcontractwithcustomerincludingassessedtax": 515372000,
        "operatingcostsandexpenses": 344346000,
        "interestincomeexpensenet": -5032000,
        "directoperatingcosts": 231811000,
        "costdirectmaterial": 64360000,
        "generalandadministrativeexpense": 48175000,
        "othernonoperatingincomeexpense": 3253000,
        "nonoperatingincomeexpense": -1779000,
        "operatingincomeloss": 248594000,
        "incomelossfromcontinuingoperationsbeforeincometaxesextraordinaryitemsnoncontrollinginterest": 246815000,
        "incometaxexpensebenefit": 46530000,
        "profitloss": 200285000,
        "earningspersharebasic": 0.85,
        "weightedaveragenumberofsharesoutstandingbasic": 235791000,
        "earningspersharediluted": 0.83,
        "weightedaveragenumberofdilutedsharesoutstanding": 239968000,
        "othercomprehensiveincomelossbeforetaxportionattributabletoparent": 200285000,
        "othercomprehensiveincomeforeigncurrencytransactionandtranslationadjustmentnetoftaxportionattributabletoparent": -7406000,
        "othercomprehensiveincomelossnetoftax": 192879000
    },
    {
        "date": "2020-07-31",
        "symbol": "CPRT",
        "period": "Q4",
        "revenuefromcontractwithcustomerincludingassessedtax": 457668000,
        "operatingcostsandexpenses": 319944000,
        "directoperatingcosts": 220585000,
        "generalandadministrativeexpense": 44716000,
        "operatingincomeloss": 205715000,
        "interestexpense": 4902000,
        "investmentincomeinterest": 99000,
        "othernonoperatingincomeexpense": 971000,
        "nonoperatingincomeexpense": -3832000,
        "incomelossfromcontinuingoperationsbeforeincometaxesextraordinaryitemsnoncontrollinginterest": 201883000,
        "incometaxexpensebenefit": 36350000,
        "profitloss": 165533000,
        "earningspersharebasic": 0.7000000000000002,
        "weightedaveragenumberofsharesoutstandingbasic": -464771000,
        "earningspersharediluted": 0.6900000000000001,
        "weightedaveragenumberofdilutedsharesoutstanding": -477067000,
        "othercomprehensiveincomelossnetoftax": 183368000
    },
    {
        "date": "2020-04-30",
        "symbol": "CPRT",
        "period": "Q3",
        "revenuefromcontractwithcustomerincludingassessedtax": 491582000,
        "operatingcostsandexpenses": 355259000,
        "directoperatingcosts": 253760000,
        "costdirectmaterial": 53987000,
        "generalandadministrativeexpense": 47512000,
        "interestexpense": 5803000,
        "investmentincomeinterest": 225000,
        "othernonoperatingincomeexpense": 2277000,
        "nonoperatingincomeexpense": -3301000,
        "operatingincomeloss": 195101000,
        "incomelossfromcontinuingoperationsbeforeincometaxesextraordinaryitemsnoncontrollinginterest": 191800000,
        "incometaxexpensebenefit": 44313000,
        "profitloss": 147487000,
        "earningspersharebasic": 0.63,
        "weightedaveragenumberofsharesoutstandingbasic": 234133000,
        "earningspersharediluted": 0.62,
        "weightedaveragenumberofdilutedsharesoutstanding": 238591000,
        "othercomprehensiveincomelossbeforetaxportionattributabletoparent": 147487000,
        "othercomprehensiveincomeforeigncurrencytransactionandtranslationadjustmentnetoftaxportionattributabletoparent": -19053000,
        "othercomprehensiveincomelossnetoftax": 128434000
    },
    {
        "date": "2020-01-31",
        "symbol": "CPRT",
        "period": "Q2",
        "profitloss": 168707000,
        "othercomprehensiveincomeforeigncurrencytransactionandtranslationadjustmentnetoftaxportionattributabletoparent": -580000,
        "othercomprehensiveincomelossnetoftax": 168127000,
        "revenuefromcontractwithcustomerincludingassessedtax": 510034000,
        "directoperatingcosts": 257351000,
        "costofgoodsandservicessold": 57900000,
        "generalandadministrativeexpense": 49997000,
        "operatingcostsandexpenses": 365248000,
        "interestexpense": 4914000,
        "investmentincomeinterest": 450000,
        "othernonoperatingincomeexpense": -354000,
        "nonoperatingincomeexpense": -4818000,
        "operatingincomeloss": 209892000,
        "incomelossfromcontinuingoperationsbeforeincometaxesextraordinaryitemsnoncontrollinginterest": 205074000,
        "incometaxexpensebenefit": 36367000,
        "earningspersharebasic": 0.73,
        "weightedaveragenumberofsharesoutstandingbasic": 232671000,
        "earningspersharediluted": 0.71,
        "weightedaveragenumberofdilutedsharesoutstanding": 238470000
    },
    {
        "date": "2019-10-31",
        "symbol": "CPRT",
        "period": "Q1",
        "profitloss": 218180000,
        "othercomprehensiveincomeforeigncurrencytransactionandtranslationadjustmentnetoftaxportionattributabletoparent": 13239000,
        "othercomprehensiveincomelossnetoftax": 231419000,
        "revenuefromcontractwithcustomerincludingassessedtax": 487856000,
        "directoperatingcosts": 240791000,
        "costofgoodsandservicessold": 58764000,
        "generalandadministrativeexpense": 49478000,
        "operatingcostsandexpenses": 349033000,
        "interestexpense": 4611000,
        "investmentincomeinterest": 585000,
        "othernonoperatingincomeexpense": 717000,
        "nonoperatingincomeexpense": -3309000,
        "operatingincomeloss": 205391000,
        "incomelossfromcontinuingoperationsbeforeincometaxesextraordinaryitemsnoncontrollinginterest": 202082000,
        "incometaxexpensebenefit": -16098000,
        "earningspersharebasic": 0.94,
        "weightedaveragenumberofsharesoutstandingbasic": 231169000,
        "earningspersharediluted": 0.91,
        "weightedaveragenumberofdilutedsharesoutstanding": 238662000
    },
    {
        "date": "2019-07-31",
        "symbol": "CPRT",
        "period": "Q4",
        "profitloss": 251544000,
        "othercomprehensiveincomelossnetoftax": 134158000,
        "comprehensiveincomenetoftax": 134158000,
        "revenuefromcontractwithcustomerincludingassessedtax": 470399000,
        "directoperatingcosts": 412046000,
        "costofgoodsandservicessold": 91495000,
        "generalandadministrativeexpense": 87149000,
        "operatingcostsandexpenses": 349773000,
        "operatingincomeloss": 323094000,
        "interestexpense": 4602000,
        "investmentincomeinterest": 347000,
        "othernonoperatingincomeexpense": -852000,
        "nonoperatingincomeexpense": -5732000,
        "incomelossfromcontinuingoperationsbeforeincometaxesextraordinaryitemsnoncontrollinginterest": 315584000,
        "incometaxexpensebenefit": 64040000,
        "netincomeloss": 153496000,
        "earningspersharebasic": 0.6599999999999999,
        "weightedaveragenumberofsharesoutstandingbasic": -462181000,
        "earningspersharediluted": 0.6299999999999999,
        "weightedaveragenumberofdilutedsharesoutstanding": -482925000
    },
    {
        "date": "2019-04-30",
        "symbol": "CPRT",
        "period": "Q3",
        "profitloss": 192741000,
        "othercomprehensiveincomeforeigncurrencytransactionandtranslationadjustmentnetoftaxportionattributabletoparent": -5968000,
        "othercomprehensiveincomelossnetoftax": 186773000,
        "comprehensiveincomenetoftax": 186773000,
        "revenuefromcontractwithcustomerincludingassessedtax": 473682000,
        "directoperatingcosts": 230553000,
        "costofgoodsandservicessold": 70984000,
        "generalandadministrativeexpense": 44085000,
        "operatingcostsandexpenses": 345622000,
        "interestexpense": 5324000,
        "investmentincomeinterest": 240000,
        "othernonoperatingincomeexpense": 1719000,
        "nonoperatingincomeexpense": -3365000,
        "operatingincomeloss": 207494000,
        "incomelossfromcontinuingoperationsbeforeincometaxesextraordinaryitemsnoncontrollinginterest": 204129000,
        "incometaxexpensebenefit": 11388000,
        "netincomeloss": 192741000,
        "earningspersharebasic": 0.85,
        "weightedaveragenumberofsharesoutstandingbasic": 227984000,
        "earningspersharediluted": 0.81,
        "weightedaveragenumberofdilutedsharesoutstanding": 237892000
    },
    {
        "date": "2019-01-31",
        "symbol": "CPRT",
        "period": "Q2",
        "profitloss": 131373000,
        "othercomprehensiveincomeforeigncurrencytransactionandtranslationadjustmentnetoftaxportionattributabletoparent": 8423000,
        "othercomprehensiveincomelossnetoftax": 139796000,
        "comprehensiveincomenetoftax": 139796000,
        "revenuefromcontractwithcustomerincludingassessedtax": 416807000,
        "directoperatingcosts": 215460000,
        "costofgoodsandservicessold": 61212000,
        "generalandadministrativeexpense": 43487000,
        "operatingcostsandexpenses": 320159000,
        "interestexpense": 5233000,
        "investmentincomeinterest": 678000,
        "othernonoperatingincomeexpense": 4782000,
        "nonoperatingincomeexpense": 227000,
        "operatingincomeloss": 164739000,
        "incomelossfromcontinuingoperationsbeforeincometaxesextraordinaryitemsnoncontrollinginterest": 164966000,
        "incometaxexpensebenefit": 33593000,
        "netincomeloss": 131373000,
        "earningspersharebasic": 0.57,
        "weightedaveragenumberofsharesoutstandingbasic": 230798000,
        "earningspersharediluted": 0.55,
        "weightedaveragenumberofdilutedsharesoutstanding": 240660000
    },
    {
        "date": "2018-10-30",
        "symbol": "CPRT",
        "period": "Q1",
        "profitloss": 16035000,
        "othercomprehensiveincomeforeigncurrencytransactionandtranslationadjustmentnetoftaxportionattributabletoparent": -7718000,
        "othercomprehensiveincomelossnetoftax": 106365000,
        "comprehensiveincomenetoftax": 106365000,
        "revenuefromcontractwithcustomerincludingassessedtax": 394806000,
        "directoperatingcosts": 30052000,
        "costofgoodsandservicessold": 31813000,
        "generalandadministrativeexpense": 7146000,
        "operatingcostsandexpenses": 309928000,
        "interestexpense": 4651000,
        "investmentincomeinterest": 960000,
        "othernonoperatingincomeexpense": 412000,
        "nonoperatingincomeexpense": -2654000,
        "operatingincomeloss": 21148000,
        "incomelossfromcontinuingoperationsbeforeincometaxesextraordinaryitemsnoncontrollinginterest": 20272000,
        "incometaxexpensebenefit": 4237000,
        "netincomeloss": 114083000,
        "earningspersharebasic": 0.49,
        "weightedaveragenumberofsharesoutstandingbasic": 233888000,
        "earningspersharediluted": 0.47,
        "weightedaveragenumberofdilutedsharesoutstanding": 244826000
    },
    {
        "date": "2018-07-30",
        "symbol": "CPRT",
        "period": "Q4",
        "profitloss": 468873000,
        "othercomprehensiveincomelossnetoftax": 92225000,
        "othercomprehensiveincomelossbeforetaxportionattributabletononcontrollinginterest": -7000,
        "comprehensiveincomenetoftax": 92232000,
        "directoperatingcosts": 32468000,
        "generalandadministrativeexpense": 12063000,
        "operatingcostsandexpenses": 314386000,
        "operatingincomeloss": 9867000,
        "interestexpense": 4599000,
        "investmentincomeinterest": 617000,
        "othernonoperatingincomeexpense": 506000,
        "nonoperatingincomeexpense": -2108000,
        "incomelossfromcontinuingoperationsbeforeincometaxesextraordinaryitemsnoncontrollinginterest": 100528000,
        "incometaxexpensebenefit": -2520000,
        "netincomelossattributabletononcontrollinginterest": -7000,
        "netincomeloss": 109748000,
        "earningspersharebasic": 0.46,
        "weightedaveragenumberofsharesoutstandingbasic": -462389000,
        "weightedaveragenumberofdilutedsharesoutstanding": -481234000,
        "earningspersharediluted": 0.46
    },
    {
        "date": "2018-04-29",
        "symbol": "CPRT",
        "period": "Q3",
        "profitloss": -23763000,
        "othercomprehensiveincomeforeigncurrencytransactionandtranslationadjustmentnetoftaxportionattributabletoparent": -11499000,
        "othercomprehensiveincomelossnetoftax": 115906000,
        "othercomprehensiveincomelossbeforetaxportionattributabletononcontrollinginterest": 57000,
        "comprehensiveincomenetoftax": 115849000,
        "salesrevenueservicesnet": 410762000,
        "salesrevenuegoodsnet": 67436000,
        "salesrevenuenet": 478198000,
        "directoperatingcosts": 30955000,
        "costofgoodssold": 30082000,
        "generalandadministrativeexpense": 8149000,
        "operatingcostsandexpenses": 303579000,
        "operatingincomeloss": 23731000,
        "interestexpense": 4416000,
        "investmentincomeinterest": 282000,
        "othernonoperatingincomeexpense": 783000,
        "nonoperatingincomeexpense": -3403000,
        "incomelossfromcontinuingoperationsbeforeincometaxesextraordinaryitemsnoncontrollinginterest": -19318000,
        "incometaxexpensebenefit": 4445000,
        "netincomelossattributabletononcontrollinginterest": 57000,
        "netincomeloss": 127348000,
        "earningspersharebasic": 0.55,
        "weightedaveragenumberofsharesoutstandingbasic": 232010000,
        "earningspersharediluted": 0.52,
        "weightedaveragenumberofdilutedsharesoutstanding": 242960000
    },
    {
        "date": "2018-01-30",
        "symbol": "CPRT",
        "period": "Q2",
        "profitloss": -39524000,
        "othercomprehensiveincomeforeigncurrencytransactionandtranslationadjustmentnetoftaxportionattributabletoparent": 23243000,
        "othercomprehensiveincomelossnetoftax": 126544000,
        "othercomprehensiveincomelossbeforetaxportionattributabletononcontrollinginterest": 45000,
        "comprehensiveincomenetoftax": 126499000,
        "salesrevenueservicesnet": 401954000,
        "salesrevenuegoodsnet": 57152000,
        "salesrevenuenet": 459106000,
        "directoperatingcosts": 27806000,
        "costofgoodssold": 21519000,
        "generalandadministrativeexpense": 6709000,
        "operatingcostsandexpenses": 308159000,
        "operatingincomeloss": 17937000,
        "interestexpense": 5758000,
        "investmentincomeinterest": 197000,
        "othernonoperatingincomeexpense": -458000,
        "nonoperatingincomeexpense": -6509000,
        "incomelossfromcontinuingoperationsbeforeincometaxesextraordinaryitemsnoncontrollinginterest": -36064000,
        "incometaxexpensebenefit": 3460000,
        "netincomelossattributabletononcontrollinginterest": 45000,
        "netincomeloss": 103256000,
        "earningspersharebasic": 0.45,
        "weightedaveragenumberofsharesoutstandingbasic": 231478000,
        "earningspersharediluted": 0.43,
        "weightedaveragenumberofdilutedsharesoutstanding": 241360000
    },
    {
        "date": "2017-10-30",
        "symbol": "CPRT",
        "period": "Q1",
        "profitloss": 12421000,
        "othercomprehensiveincomeforeigncurrencytransactionandtranslationadjustmentnetoftaxportionattributabletoparent": -1480000,
        "othercomprehensiveincomelossnetoftax": 76080000,
        "othercomprehensiveincomelossbeforetaxportionattributabletononcontrollinginterest": 45000,
        "comprehensiveincomenetoftax": 76035000,
        "salesrevenueservicesnet": 374125000,
        "salesrevenuegoodsnet": 45043000,
        "salesrevenuenet": 419168000,
        "directoperatingcosts": 24774000,
        "costofgoodssold": 19537000,
        "generalandadministrativeexpense": 5829000,
        "operatingcostsandexpenses": 295226000,
        "operatingincomeloss": 17923000,
        "interestexpense": 5595000,
        "investmentincomeinterest": 197000,
        "othernonoperatingincomeexpense": -305000,
        "nonoperatingincomeexpense": -9814000,
        "incomelossfromcontinuingoperationsbeforeincometaxesextraordinaryitemsnoncontrollinginterest": 15404000,
        "incometaxexpensebenefit": 2983000,
        "netincomelossattributabletononcontrollinginterest": 45000,
        "netincomeloss": 77515000,
        "earningspersharebasic": 0.34,
        "weightedaveragenumberofsharesoutstandingbasic": 230694000,
        "earningspersharediluted": 0.32,
        "weightedaveragenumberofdilutedsharesoutstanding": 238791000
    },
    {
        "date": "2017-07-30",
        "symbol": "CPRT",
        "period": "Q4",
        "comprehensiveincomenetoftax": 83927000,
        "salesrevenueservicesnet": 336795000,
        "salesrevenuegoodsnet": 41801000,
        "salesrevenuenet": 378596000,
        "directoperatingcosts": -121624000,
        "costofgoodssold": 3992000,
        "generalandadministrativeexpense": -30085000,
        "operatingcostsandexpenses": 267789000,
        "operatingincomeloss": -72844000,
        "interestexpense": 5807000,
        "investmentincomeinterest": 322000,
        "othernonoperatingincomeexpense": 1002000,
        "nonoperatingincomeexpense": -4428000,
        "incomelossfromcontinuingoperationsbeforeincometaxesextraordinaryitemsnoncontrollinginterest": -72668000,
        "incometaxexpensebenefit": 70393000,
        "netincomeloss": 207446000,
        "earningspersharebasic": -0.7299999999999999,
        "weightedaveragenumberofsharesoutstandingbasic": -228523000,
        "earningspersharediluted": -0.6900000000000002,
        "weightedaveragenumberofdilutedsharesoutstanding": -236789000
    },
    {
        "date": "2017-04-29",
        "symbol": "CPRT",
        "period": "Q3",
        "netincomeloss": 12568000,
        "othercomprehensiveincomeforeigncurrencytransactionandtranslationadjustmentnetoftaxportionattributabletoparent": 5281000,
        "comprehensiveincomenetoftax": 95827000,
        "salesrevenueservicesnet": 332346000,
        "salesrevenuegoodsnet": 41516000,
        "salesrevenuenet": 373862000,
        "directoperatingcosts": 23941000,
        "costofgoodssold": 19776000,
        "generalandadministrativeexpense": 5354000,
        "operatingcostsandexpenses": 237074000,
        "operatingincomeloss": 17671000,
        "interestexpense": 5869000,
        "investmentincomeinterest": 363000,
        "othernonoperatingincomeexpense": 205000,
        "nonoperatingincomeexpense": -5700000,
        "incomelossfromcontinuingoperationsbeforeincometaxesextraordinaryitemsnoncontrollinginterest": 15419000,
        "incometaxexpensebenefit": 2851000,
        "earningspersharebasic": 0.39,
        "weightedaveragenumberofsharesoutstandingbasic": 229920000,
        "earningspersharediluted": 0.38,
        "weightedaveragenumberofdilutedsharesoutstanding": 237135000
    },
    {
        "date": "2017-01-30",
        "symbol": "CPRT",
        "period": "Q2",
        "netincomeloss": 6933000,
        "othercomprehensiveincomeforeigncurrencytransactionandtranslationadjustmentnetoftaxportionattributabletoparent": 8420000,
        "comprehensiveincomenetoftax": 74486000,
        "salesrevenueservicesnet": 310033000,
        "salesrevenuegoodsnet": 39499000,
        "salesrevenuenet": 349532000,
        "directoperatingcosts": 22886000,
        "costofgoodssold": 19213000,
        "generalandadministrativeexpense": 5234000,
        "operatingcostsandexpenses": 240652000,
        "operatingincomeloss": 15288000,
        "interestexpense": 6144000,
        "investmentincomeinterest": 384000,
        "othernonoperatingincomeexpense": -3355000,
        "nonoperatingincomeexpense": -8781000,
        "incomelossfromcontinuingoperationsbeforeincometaxesextraordinaryitemsnoncontrollinginterest": 9289000,
        "incometaxexpensebenefit": 2356000,
        "earningspersharebasic": 0.58,
        "weightedaveragenumberofsharesoutstandingbasic": 114571000,
        "earningspersharediluted": 0.56,
        "weightedaveragenumberofdilutedsharesoutstanding": 117794000
    },
    {
        "date": "2016-10-30",
        "symbol": "CPRT",
        "period": "Q1",
        "netincomeloss": 167280000,
        "othercomprehensiveincomeforeigncurrencytransactionandtranslationadjustmentnetoftaxportionattributabletoparent": -18775000,
        "comprehensiveincomenetoftax": 148505000,
        "salesrevenueservicesnet": 307078000,
        "salesrevenuegoodsnet": 38913000,
        "salesrevenuenet": 345991000,
        "directoperatingcosts": 167611000,
        "costofgoodssold": 33087000,
        "generalandadministrativeexpense": 40469000,
        "operatingcostsandexpenses": 241167000,
        "operatingincomeloss": 104824000,
        "interestexpense": 5959000,
        "investmentincomeinterest": 337000,
        "othernonoperatingincomeexpense": 3332000,
        "nonoperatingincomeexpense": -2290000,
        "incomelossfromcontinuingoperationsbeforeincometaxesextraordinaryitemsnoncontrollinginterest": 102534000,
        "incometaxexpensebenefit": -64746000,
        "earningspersharebasic": 1.48,
        "weightedaveragenumberofsharesoutstandingbasic": 112718000,
        "earningspersharediluted": 1.41,
        "weightedaveragenumberofdilutedsharesoutstanding": 118879000
    },
    {
        "date": "2016-04-30",
        "symbol": "CPRT",
        "period": "Q3",
        "netincomeloss": 74016000,
        "othercomprehensiveincomeunrealizedgainlossonderivativesarisingduringperiodnetoftax": 0,
        "othercomprehensiveincomelossreclassificationadjustmentfromaocionderivativesnetoftax": 0,
        "othercomprehensiveincomeforeigncurrencytransactionandtranslationadjustmentnetoftaxportionattributabletoparent": 15629000,
        "comprehensiveincomenetoftax": 93296000,
        "othercomprehensiveincomederivativesqualifyingashedgestaxportionattributabletoparent": 0,
        "othercomprehensiveincomelossreclassificationadjustmentfromaocionderivativestax": -1000,
        "salesrevenueservicesnet": 303507000,
        "salesrevenuegoodsnet": 43739000,
        "salesrevenuenet": 347246000,
        "directoperatingcosts": 151855000,
        "costofgoodssold": 37744000,
        "generalandadministrativeexpense": 35699000,
        "operatingcostsandexpenses": 225298000,
        "operatingincomeloss": 121948000,
        "interestexpense": 5702000,
        "investmentincomeinterest": 283000,
        "othernonoperatingincomeexpense": 39000,
        "nonoperatingincomeexpense": -5380000,
        "incomelossfromcontinuingoperationsbeforeincometaxesextraordinaryitemsnoncontrollinginterest": 116568000,
        "incometaxexpensebenefit": 42552000,
        "earningspersharebasic": 0.6400000000000001,
        "weightedaveragenumberofsharesoutstandingbasic": -120390000,
        "earningspersharediluted": 0.6100000000000001,
        "weightedaveragenumberofdilutedsharesoutstanding": -125788000
    },
    {
        "date": "2016-01-31",
        "symbol": "CPRT",
        "period": "Q2",
        "netincomeloss": 58963000,
        "othercomprehensiveincomeunrealizedgainlossonderivativesarisingduringperiodnetoftax": 163000,
        "othercomprehensiveincomelossreclassificationadjustmentfromaocionderivativesnetoftax": 101000,
        "othercomprehensiveincomeunrealizedholdinggainlossonsecuritiesarisingduringperiodnetoftax": -4146000,
        "othercomprehensiveincomeforeigncurrencytransactionandtranslationadjustmentnetoftaxportionattributabletoparent": -24247000,
        "comprehensiveincomenetoftax": 30632000,
        "othercomprehensiveincomederivativesqualifyingashedgestaxportionattributabletoparent": -151000,
        "othercomprehensiveincomelossreclassificationadjustmentfromaocionderivativestax": 56000,
        "othercomprehensiveincomeunrealizedholdinggainlossonsecuritiesarisingduringperiodtax": -282000,
        "salesrevenueservicesnet": 260417000,
        "salesrevenuegoodsnet": 39289000,
        "salesrevenuenet": 299706000,
        "directoperatingcosts": 140965000,
        "costofgoodssold": 34127000,
        "generalandadministrativeexpense": 32529000,
        "operatingcostsandexpenses": 207621000,
        "operatingincomeloss": 92085000,
        "interestexpense": 5570000,
        "investmentincomeinterest": 602000,
        "othernonoperatingincomeexpense": 4435000,
        "nonoperatingincomeexpense": -533000,
        "incomelossfromcontinuingoperationsbeforeincometaxesextraordinaryitemsnoncontrollinginterest": 91552000,
        "incometaxexpensebenefit": 32589000,
        "earningspersharebasic": 0.5,
        "weightedaveragenumberofsharesoutstandingbasic": 117306000,
        "earningspersharediluted": 0.48,
        "weightedaveragenumberofdilutedsharesoutstanding": 122908000
    },
    {
        "date": "2015-10-30",
        "symbol": "CPRT",
        "period": "Q1",
        "netincomeloss": 52413000,
        "othercomprehensiveincomeunrealizedgainlossonderivativesarisingduringperiodnetoftax": 440000,
        "othercomprehensiveincomelossreclassificationadjustmentfromaocionderivativesnetoftax": 219000,
        "othercomprehensiveincomeunrealizedholdinggainlossonsecuritiesarisingduringperiodnetoftax": 495000,
        "othercomprehensiveincomeforeigncurrencytransactionandtranslationadjustmentnetoftaxportionattributabletoparent": -6663000,
        "comprehensiveincomenetoftax": 46466000,
        "othercomprehensiveincomederivativesqualifyingashedgestaxportionattributabletoparent": -191000,
        "othercomprehensiveincomelossreclassificationadjustmentfromaocionderivativestax": 123000,
        "othercomprehensiveincomeunrealizedholdinggainlossonsecuritiesarisingduringperiodtax": 279000,
        "salesrevenueservicesnet": 250967000,
        "salesrevenuegoodsnet": 37871000,
        "salesrevenuenet": 288838000,
        "directoperatingcosts": 135909000,
        "costofgoodssold": 32068000,
        "generalandadministrativeexpense": 34615000,
        "operatingcostsandexpenses": 202592000,
        "operatingincomeloss": 86246000,
        "interestexpense": 5724000,
        "investmentincomeinterest": 211000,
        "othernonoperatingincomeexpense": 1027000,
        "nonoperatingincomeexpense": -4486000,
        "incomelossfromcontinuingoperationsbeforeincometaxesextraordinaryitemsnoncontrollinginterest": 81760000,
        "incometaxexpensebenefit": 29347000,
        "earningspersharebasic": 0.44,
        "weightedaveragenumberofsharesoutstandingbasic": 120155000,
        "earningspersharediluted": 0.42,
        "weightedaveragenumberofdilutedsharesoutstanding": 125572000
    },
    {
        "date": "2015-04-30",
        "symbol": "CPRT",
        "period": "Q3",
        "salesrevenueservicesnet": 256564000,
        "salesrevenuegoodsnet": 40578000,
        "salesrevenuenet": 297142000,
        "directoperatingcosts": 135222000,
        "costofgoodssold": 34503000,
        "generalandadministrativeexpense": 32650000,
        "operatingcostsandexpenses": 202375000,
        "operatingincomeloss": 94767000,
        "interestexpense": 5917000,
        "investmentincomeinterest": 261000,
        "othernonoperatingincomeexpense": -815000,
        "nonoperatingincomeexpense": -6471000,
        "incomelossfromcontinuingoperationsbeforeincometaxesextraordinaryitemsnoncontrollinginterest": 88296000,
        "incometaxexpensebenefit": 30733000,
        "netincomeloss": 57563000,
        "earningspersharebasic": 0.46,
        "weightedaveragenumberofsharesoutstandingbasic": 126415000,
        "earningspersharediluted": 0.44,
        "weightedaveragenumberofdilutedsharesoutstanding": 132124000,
        "othercomprehensiveincomeunrealizedgainlossonderivativesarisingduringperiodnetoftax": 385000,
        "othercomprehensiveincomelossreclassificationadjustmentfromaocionderivativestax": -266000,
        "othercomprehensiveincomeforeigncurrencytransactionandtranslationadjustmentnetoftaxportionattributabletoparent": -188000,
        "comprehensiveincomenetoftax": 57494000,
        "othercomprehensiveincomederivativesqualifyingashedgestaxportionattributabletoparent": -265000,
        "othercomprehensiveincomelossreclassificationadjustmentfromaocionderivativesnetoftax": 141000
    },
    {
        "date": "2015-01-31",
        "symbol": "CPRT",
        "period": "Q2",
        "salesrevenueservicesnet": 238508000,
        "salesrevenuegoodsnet": 37750000,
        "salesrevenuenet": 276258000,
        "directoperatingcosts": 129273000,
        "costofgoodssold": 32118000,
        "generalandadministrativeexpense": 34399000,
        "operatingcostsandexpenses": 195790000,
        "operatingincomeloss": 80468000,
        "interestexpense": 4688000,
        "investmentincomeinterest": 183000,
        "othernonoperatingincomeexpense": 4141000,
        "nonoperatingincomeexpense": -364000,
        "incomelossfromcontinuingoperationsbeforeincometaxesextraordinaryitemsnoncontrollinginterest": 80104000,
        "incometaxexpensebenefit": 27911000,
        "netincomeloss": 52193000,
        "earningspersharebasic": 0.41,
        "weightedaveragenumberofsharesoutstandingbasic": 126300000,
        "earningspersharediluted": 0.4,
        "weightedaveragenumberofdilutedsharesoutstanding": 131872000,
        "othercomprehensiveincomeunrealizedgainlossonderivativesarisingduringperiodnetoftax": 545000,
        "othercomprehensiveincomelossreclassificationadjustmentfromaocionderivativestax": -294000,
        "othercomprehensiveincomeforeigncurrencytransactionandtranslationadjustmentnetoftaxportionattributabletoparent": -22840000,
        "comprehensiveincomenetoftax": 29604000,
        "othercomprehensiveincomederivativesqualifyingashedgestaxportionattributabletoparent": -298000,
        "othercomprehensiveincomelossreclassificationadjustmentfromaocionderivativesnetoftax": 157000
    },
    {
        "date": "2014-10-30",
        "symbol": "CPRT",
        "period": "Q1",
        "salesrevenueservicesnet": 246597000,
        "salesrevenuegoodsnet": 43789000,
        "salesrevenuenet": 290386000,
        "directoperatingcosts": 131005000,
        "costofgoodssold": 37073000,
        "generalandadministrativeexpense": 39907000,
        "operatingcostsandexpenses": 207985000,
        "operatingincomeloss": 82401000,
        "interestexpense": 1910000,
        "investmentincomeinterest": 139000,
        "othernonoperatingincomeexpense": 1593000,
        "nonoperatingincomeexpense": -178000,
        "incomelossfromcontinuingoperationsbeforeincometaxesextraordinaryitemsnoncontrollinginterest": 82223000,
        "incometaxexpensebenefit": 29608000,
        "netincomeloss": 52615000,
        "earningspersharebasic": 0.42,
        "weightedaveragenumberofsharesoutstandingbasic": 126217,
        "earningspersharediluted": 0.4,
        "weightedaveragenumberofdilutedsharesoutstanding": 131517,
        "othercomprehensiveincomeunrealizedgainlossonderivativesarisingduringperiodnetoftax": 404000,
        "othercomprehensiveincomelossreclassificationadjustmentfromaocionderivativestax": -312000,
        "othercomprehensiveincomeforeigncurrencytransactionandtranslationadjustmentnetoftaxportionattributabletoparent": -23968000,
        "comprehensiveincomenetoftax": 28739000,
        "othercomprehensiveincomederivativesqualifyingashedgestaxportionattributabletoparent": -228000,
        "othercomprehensiveincomelossreclassificationadjustmentfromaocionderivativesnetoftax": 176000
    },
    {
        "date": "2014-04-30",
        "symbol": "CPRT",
        "period": "Q3",
        "salesrevenueservicesnet": 255045000,
        "salesrevenuegoodsnet": 54677000,
        "salesrevenuenet": 309722000,
        "directoperatingcosts": 131207000,
        "costofgoodssold": 46263000,
        "generalandadministrativeexpense": 40515000,
        "impairmentofongoingproject": 29104000,
        "operatingexpenses": 247089000,
        "operatingincomeloss": 62633000,
        "interestexpense": 2104000,
        "investmentincomeinterest": 81000,
        "othernonoperatingincomeexpense": 708000,
        "nonoperatingincomeexpense": -1315000,
        "incomelossfromcontinuingoperationsbeforeincometaxesextraordinaryitemsnoncontrollinginterest": 61318000,
        "incometaxexpensebenefit": 20441000,
        "netincomeloss": 40877000,
        "earningspersharebasic": 0.32,
        "weightedaveragenumberofsharesoutstandingbasic": 125794,
        "earningspersharediluted": 0.31,
        "weightedaveragenumberofdilutedsharesoutstanding": 131486,
        "othercomprehensiveincomeunrealizedgainlossonderivativesarisingduringperiodnetoftax": 523000,
        "othercomprehensiveincomelossreclassificationadjustmentfromaocionderivativestax": -354000,
        "othercomprehensiveincomeforeigncurrencytransactionandtranslationadjustmentnetoftaxportionattributabletoparent": 9720000,
        "comprehensiveincomenetoftax": 50766000,
        "othercomprehensiveincomederivativesqualifyingashedgestaxportionattributabletoparent": -274000,
        "othercomprehensiveincomelossreclassificationadjustmentfromaocionderivativesnetoftax": 178000
    },
    {
        "date": "2014-01-30",
        "symbol": "CPRT",
        "period": "Q2",
        "salesrevenueservicesnet": 235732000,
        "salesrevenuegoodsnet": 50702000,
        "salesrevenuenet": 286434000,
        "directoperatingcosts": 131246000,
        "costofgoodssold": 43642000,
        "generalandadministrativeexpense": 40062000,
        "operatingcostsandexpenses": 214950000,
        "operatingincomeloss": 71484000,
        "interestexpensedebt": 2209000,
        "investmentincomeinterest": 143000,
        "othernonoperatingincomeexpense": 1170000,
        "nonoperatingincomeexpense": -896000,
        "incomelossfromcontinuingoperationsbeforeincometaxesextraordinaryitemsnoncontrollinginterest": 70588000,
        "incometaxexpensebenefit": 25243000,
        "netincomeloss": 45345000,
        "earningspersharebasic": 0.36,
        "weightedaveragenumberofsharesoutstandingbasic": 125564000,
        "earningspersharediluted": 0.35,
        "weightedaveragenumberofdilutedsharesoutstanding": 131101000,
        "othercomprehensiveincomeunrealizedgainlossonderivativesarisingduringperiodnetoftax": 591000,
        "othercomprehensiveincomelossreclassificationadjustmentfromaocionderivativestax": -366000,
        "othercomprehensiveincomeforeigncurrencytransactionandtranslationadjustmentnetoftaxportionattributabletoparent": 737000,
        "comprehensiveincomenetoftax": 46307000,
        "othercomprehensiveincomederivativesqualifyingashedgestaxportionattributabletoparent": -331000,
        "othercomprehensiveincomelossreclassificationadjustmentfromaocionderivativesnetoftax": 204000
    },
    {
        "date": "2013-10-30",
        "symbol": "CPRT",
        "period": "Q1",
        "salesrevenueservicesnet": 226363000,
        "salesrevenuegoodsnet": 53520000,
        "salesrevenuenet": 279883000,
        "directoperatingcosts": 125956000,
        "costofgoodssold": 46091000,
        "generalandadministrativeexpense": 42877000,
        "operatingcostsandexpenses": 214924000,
        "operatingincomeloss": 64959000,
        "interestexpensedebt": 2286000,
        "investmentincomeinterest": 149000,
        "othernonoperatingincomeexpense": 1423000,
        "nonoperatingincomeexpense": -714000,
        "incomelossfromcontinuingoperationsbeforeincometaxesextraordinaryitemsnoncontrollinginterest": 64245000,
        "incometaxexpensebenefit": 22823000,
        "netincomeloss": 41422000,
        "earningspersharebasic": 0.33,
        "weightedaveragenumberofsharesoutstandingbasic": 125460000,
        "earningspersharediluted": 0.32,
        "weightedaveragenumberofdilutedsharesoutstanding": 130706000,
        "othercomprehensiveincomeunrealizedgainlossonderivativesarisingduringperiodnetoftax": 301000,
        "othercomprehensiveincomelossreclassificationadjustmentfromaocionderivativestax": -378000,
        "othercomprehensiveincomeforeigncurrencytransactionandtranslationadjustmentnetoftaxportionattributabletoparent": 14558000,
        "comprehensiveincomenetoftax": 55903000,
        "othercomprehensiveincomederivativesqualifyingashedgestaxportionattributabletoparent": -164000,
        "othercomprehensiveincomelossreclassificationadjustmentfromaocionderivativesnetoftax": 208000
    },
    {
        "date": "2013-04-30",
        "symbol": "CPRT",
        "period": "Q3",
        "salesrevenueservicesnet": 223977000,
        "salesrevenuegoodsnet": 53661000,
        "salesrevenuenet": 277638000,
        "directoperatingcosts": 116410000,
        "costofgoodssold": 45631000,
        "generalandadministrativeexpense": 32784000,
        "operatingcostsandexpenses": 194825000,
        "operatingincomeloss": 82813000,
        "interestexpensedebt": 2538000,
        "investmentincomeinterest": 138000,
        "othernonoperatingincomeexpense": 1592000,
        "nonoperatingincomeexpense": -808000,
        "incomelossfromcontinuingoperationsbeforeincometaxesextraordinaryitemsnoncontrollinginterest": 82005000,
        "incometaxexpensebenefit": 28769000,
        "netincomeloss": 53236000,
        "earningspersharebasic": 0.42,
        "weightedaveragenumberofsharesoutstandingbasic": 125270000,
        "earningspersharediluted": 0.41,
        "weightedaveragenumberofdilutedsharesoutstanding": 130530000,
        "othercomprehensiveincomeunrealizedgainlossonderivativesarisingduringperiodnetoftax": 90000,
        "othercomprehensiveincomelossreclassificationadjustmentonderivativesincludedinnetincomenetoftax": -391000,
        "othercomprehensiveincomeforeigncurrencytransactionandtranslationadjustmentnetoftaxportionattributabletoparent": -4507000,
        "comprehensiveincomenetoftax": 48428000,
        "othercomprehensiveincomederivativesqualifyingashedgestaxportionattributabletoparent": -41000,
        "othercomprehensiveincomelossreclassificationadjustmentonderivativesincludedinnetincometax": 212000
    },
    {
        "date": "2013-01-31",
        "symbol": "CPRT",
        "period": "Q2",
        "salesrevenueservicesnet": 216920000,
        "salesrevenuegoodsnet": 49265000,
        "salesrevenuenet": 266185000,
        "directoperatingcosts": 127164000,
        "costofgoodssold": 42204000,
        "generalandadministrativeexpense": 34047000,
        "operatingcostsandexpenses": 203415000,
        "operatingincomeloss": 62770000,
        "interestexpensedebt": 2588000,
        "investmentincomeinterest": 191000,
        "othernonoperatingincomeexpense": 744000,
        "nonoperatingincomeexpense": -1653000,
        "incomelossfromcontinuingoperationsbeforeincometaxesextraordinaryitemsnoncontrollinginterest": 61117000,
        "incometaxexpensebenefit": 21477000,
        "netincomeloss": 39640000,
        "earningspersharebasic": 0.32,
        "weightedaveragenumberofsharesoutstandingbasic": 124709000,
        "earningspersharediluted": 0.31,
        "weightedaveragenumberofdilutedsharesoutstanding": 129520000,
        "othercomprehensiveincomederivativesqualifyingashedgesnetoftaxportionattributabletoparent": 544000,
        "othercomprehensiveincomeforeigncurrencytransactionandtranslationadjustmentnetoftaxportionattributabletoparent": -2109000,
        "comprehensiveincomenetoftax": 38075000,
        "othercomprehensiveincomederivativesqualifyingashedgestaxportionattributabletoparent": 308000
    },
    {
        "date": "2012-10-30",
        "symbol": "CPRT",
        "period": "Q1",
        "salesrevenueservicesnet": 195179000,
        "salesrevenuegoodsnet": 43687000,
        "salesrevenuenet": 238866000,
        "directoperatingcosts": 97119000,
        "costofgoodssold": 36311000,
        "generalandadministrativeexpense": 31079000,
        "operatingcostsandexpenses": 164509000,
        "operatingincomeloss": 74357000,
        "interestexpensedebt": 2632000,
        "investmentincomeinterest": 156000,
        "othernonoperatingincomeexpense": -293000,
        "nonoperatingincomeexpense": -2769000,
        "incomelossfromcontinuingoperationsbeforeincometaxesextraordinaryitemsnoncontrollinginterest": 71588000,
        "incometaxexpensebenefit": 25743000,
        "netincomeloss": 45845000,
        "earningspersharebasic": 0.37,
        "weightedaveragenumberofsharesoutstandingbasic": 124302000,
        "earningspersharediluted": 0.36,
        "weightedaveragenumberofdilutedsharesoutstanding": 128473000,
        "othercomprehensiveincomederivativesqualifyingashedgesnetoftaxportionattributabletoparent": 276000,
        "othercomprehensiveincomeforeigncurrencytransactionandtranslationadjustmentnetoftaxportionattributabletoparent": 7062000,
        "comprehensiveincomenetoftax": 53183000,
        "othercomprehensiveincomederivativesqualifyingashedgestaxportionattributabletoparent": 156000
    },
    {
        "date": "2012-04-30",
        "symbol": "CPRT",
        "period": "Q3",
        "salesrevenueservicesnet": 203524000,
        "salesrevenuegoodsnet": 40581000,
        "salesrevenuenet": 244105000,
        "directoperatingcosts": 92578000,
        "costofgoodssold": 36258000,
        "generalandadministrativeexpense": 27325000,
        "operatingincomeloss": 87944000,
        "investmentincomeinterest": 78000,
        "othernonoperatingincomeexpense": -467000,
        "nonoperatingincomeexpense": -3397000,
        "incomelossfromcontinuingoperationsbeforeincometaxesextraordinaryitemsnoncontrollinginterest": 84547000,
        "incometaxexpensebenefit": 29076000,
        "netincomeloss": 55471000,
        "earningspersharebasic": -0.18999999999999995,
        "weightedaveragenumberofsharesoutstandingbasic": -1075000,
        "earningspersharediluted": -0.19999999999999996,
        "weightedaveragenumberofdilutedsharesoutstanding": -737000
    },
    {
        "date": "2012-01-31",
        "symbol": "CPRT",
        "period": "Q2",
        "salesrevenueservicesnet": 189671000,
        "salesrevenuegoodsnet": 38233000,
        "salesrevenuenet": 227904000,
        "directoperatingcosts": 94603000,
        "costofgoodssold": 33605000,
        "generalandadministrativeexpense": 27386000,
        "impairmentoflonglivedassetstobedisposedof": 8771000,
        "operatingcostsandexpenses": 164365000,
        "operatingincomeloss": 63539000,
        "interestexpensedebt": 3033000,
        "investmentincomeinterest": 119000,
        "othernonoperatingincomeexpense": 1591000,
        "nonoperatingincomeexpense": -1323000,
        "incomelossfromcontinuingoperationsbeforeincometaxesextraordinaryitemsnoncontrollinginterest": 62216000,
        "incometaxexpensebenefit": 21613000,
        "netincomeloss": 40603000,
        "earningspersharebasic": 0.63,
        "weightedaveragenumberofsharesoutstandingbasic": 64153000,
        "earningspersharediluted": 0.62,
        "weightedaveragenumberofdilutedsharesoutstanding": 65795000
    },
    {
        "date": "2011-10-30",
        "symbol": "CPRT",
        "period": "Q1",
        "salesrevenueservicesnet": 185647000,
        "salesrevenuegoodsnet": 39979000,
        "salesrevenuenet": 225626000,
        "directoperatingcosts": 96207000,
        "costofgoodssold": 34194000,
        "generalandadministrativeexpense": 29849000,
        "costsandexpenses": 160250000,
        "operatingincomeloss": 65376000,
        "interestexpense": 2187000,
        "investmentincomeinterest": 62000,
        "othernonoperatingincomeexpense": 564000,
        "nonoperatingincomeexpense": -1561000,
        "incomelossfromcontinuingoperationsbeforeincometaxesextraordinaryitemsnoncontrollinginterest": 63815000,
        "incometaxexpensebenefit": 22666000,
        "netincomeloss": 41149000,
        "earningspersharebasic": 0.63,
        "weightedaveragenumberofsharesoutstandingbasic": 65716000,
        "earningspersharediluted": 0.62,
        "weightedaveragenumberofdilutedsharesoutstanding": 66901000
    },
    {
        "date": "2011-04-30",
        "symbol": "CPRT",
        "period": "Q3",
        "salesrevenueservicesnet": 196169000,
        "salesrevenuegoodsnet": 40586000,
        "salesrevenuenet": 236755000,
        "directoperatingcosts": 92996000,
        "costofgoodssold": 34852000,
        "generalandadministrativeexpense": 26863000,
        "costsandexpenses": 154711000,
        "operatingincomeloss": 82044000,
        "interestexpense": 1832000,
        "investmentincomeinterest": 159000,
        "othernonoperatingincomeexpense": -21000,
        "nonoperatingincomeexpense": -1694000,
        "incomelossfromcontinuingoperationsbeforeincometaxesminorityinterestandincomelossfromequitymethodinvestments": 80350000,
        "incometaxexpensebenefit": 30214000,
        "profitloss": 50136000,
        "earningspersharebasic": 0.72,
        "weightedaveragenumberofsharesoutstandingbasic": 69806000,
        "earningspersharediluted": 0.71,
        "weightedaveragenumberofdilutedsharesoutstanding": 71033000
    },
    {
        "date": "2011-01-31",
        "symbol": "CPRT",
        "period": "Q2",
        "salesrevenueservicesnet": 173742000,
        "salesrevenuegoodsnet": 33638000,
        "salesrevenuenet": 207380000,
        "directoperatingcosts": 94473000,
        "costofgoodssold": 27002000,
        "generalandadministrativeexpense": 25710000,
        "costsandexpenses": 147185000,
        "operatingincomeloss": 60195000,
        "interestexpense": 417000,
        "investmentincomeinterest": 133000,
        "othernonoperatingincomeexpense": 806000,
        "nonoperatingincomeexpense": 522000,
        "incomelossfromcontinuingoperationsbeforeincometaxesminorityinterestandincomelossfromequitymethodinvestments": 60717000,
        "incometaxexpensebenefit": 22824000,
        "profitloss": 37893000,
        "earningspersharebasic": 0.47,
        "weightedaveragenumberofsharesoutstandingbasic": 81240000,
        "earningspersharediluted": 0.46,
        "weightedaveragenumberofdilutedsharesoutstanding": 81955000
    },
    {
        "date": "2010-10-30",
        "symbol": "CPRT",
        "period": "Q1",
        "salesrevenueservicesnet": 179580000,
        "salesrevenuegoodsnet": 33087000,
        "salesrevenuenet": 212667000,
        "directoperatingcosts": 95607000,
        "costofgoodssold": 28206000,
        "generalandadministrativeexpense": 29260000,
        "costsandexpenses": 153073000,
        "operatingincomeloss": 59594000,
        "interestexpense": 15000,
        "investmentincomeinterest": 80000,
        "othernonoperatingincomeexpense": 504000,
        "nonoperatingincomeexpense": 569000,
        "incomelossfromcontinuingoperationsbeforeincometaxesminorityinterestandincomelossfromequitymethodinvestments": 60163000,
        "incometaxexpensebenefit": 22340000,
        "profitloss": 37823000,
        "earningspersharebasic": 0.45,
        "weightedaveragenumberofsharesoutstandingbasic": 83745000,
        "earningspersharediluted": 0.45,
        "weightedaveragenumberofdilutedsharesoutstanding": 84406000
    }
]