[
    {
        "date": "2024-09-29",
        "symbol": "VRSK",
        "period": "Q3",
        "revenuefromcontractwithcustomerexcludingassessedtax": 725300000,
        "costofrevenue": 223400000,
        "sellinggeneralandadministrativeexpense": 114000000,
        "depreciationandamortization": 58100000,
        "amortizationofintangibleassets": 18300000,
        "costsandexpenses": 413800000,
        "operatingincomeloss": 311500000,
        "investmentlossincomeandothernet": 5900000,
        "nonoperatingincomeexpense": -26200000,
        "incomelossfromcontinuingoperationsbeforeincometaxesextraordinaryitemsnoncontrollinginterest": 285300000,
        "incometaxexpensebenefit": 65300000,
        "incomelossfromcontinuingoperationsincludingportionattributabletononcontrollinginterest": 220000000,
        "profitloss": 220000000,
        "netincomelossattributabletononcontrollinginterest": -100000,
        "netincomeloss": 220100000,
        "incomelossfromcontinuingoperationsperbasicshare": 1.55,
        "earningspersharebasic": 1.55,
        "incomelossfromcontinuingoperationsperdilutedshare": 1.5499999999999998,
        "earningspersharediluted": 1.5499999999999998,
        "weightedaveragenumberofsharesoutstandingbasic": 142594074,
        "weightedaveragenumberofdilutedsharesoutstanding": 143259411,
        "othercomprehensiveincomeforeigncurrencytransactionandtranslationgainlossarisingduringperiodnetoftax": 47100000,
        "othercomprehensiveincomelosspensionandotherpostretirementbenefitplansadjustmentnetoftax": -800000,
        "othercomprehensiveincomelossnetoftax": 47900000,
        "comprehensiveincomenetoftaxincludingportionattributabletononcontrollinginterest": 267900000,
        "comprehensiveincomenetoftaxattributabletononcontrollinginterest": 200000,
        "comprehensiveincomenetoftax": 267700000
    },
    {
        "date": "2024-06-29",
        "symbol": "VRSK",
        "period": "Q2",
        "revenuefromcontractwithcustomerexcludingassessedtax": 716800000,
        "costofrevenue": 219400000,
        "sellinggeneralandadministrativeexpense": 101500000,
        "depreciationandamortization": 59000000,
        "amortizationofintangibleassets": 18200000,
        "costsandexpenses": 398100000,
        "operatingincomeloss": 318700000,
        "gainslossesonextinguishmentofdebt": 3600000,
        "investmentlossincomeandothernet": 99800000,
        "interestexpensenonoperating": 29100000,
        "nonoperatingincomeexpense": 74300000,
        "incomelossfromcontinuingoperationsbeforeincometaxesextraordinaryitemsnoncontrollinginterest": 393000000,
        "incometaxexpensebenefit": 85200000,
        "incomelossfromcontinuingoperationsincludingportionattributabletononcontrollinginterest": 307800000,
        "profitloss": 307800000,
        "netincomelossattributabletononcontrollinginterest": -300000,
        "netincomeloss": 308100000,
        "incomelossfromcontinuingoperationsperbasicshare": 2.16,
        "earningspersharebasic": 2.16,
        "incomelossfromcontinuingoperationsperdilutedshare": 2.15,
        "earningspersharediluted": 2.15,
        "weightedaveragenumberofsharesoutstandingbasic": 142705508,
        "weightedaveragenumberofdilutedsharesoutstanding": 143293222,
        "othercomprehensiveincomeforeigncurrencytransactionandtranslationgainlossarisingduringperiodnetoftax": -1400000,
        "othercomprehensiveincomelosspensionandotherpostretirementbenefitplansadjustmentnetoftax": -900000,
        "othercomprehensiveincomelossnetoftax": -500000,
        "comprehensiveincomenetoftaxincludingportionattributabletononcontrollinginterest": 307300000,
        "comprehensiveincomenetoftaxattributabletononcontrollinginterest": -200000,
        "comprehensiveincomenetoftax": 307500000
    },
    {
        "date": "2024-03-30",
        "symbol": "VRSK",
        "period": "Q1",
        "revenuefromcontractwithcustomerexcludingassessedtax": 704000000,
        "costofrevenue": 227800000,
        "sellinggeneralandadministrativeexpense": 92900000,
        "depreciationandamortization": 57400000,
        "amortizationofintangibleassets": 18500000,
        "costsandexpenses": 396600000,
        "operatingincomeloss": 307400000,
        "investmentlossincomeandothernet": -3300000,
        "interestexpense": 28900000,
        "nonoperatingincomeexpense": -32200000,
        "incomelossfromcontinuingoperationsbeforeincometaxesextraordinaryitemsnoncontrollinginterest": 275200000,
        "incometaxexpensebenefit": 55800000,
        "incomelossfromcontinuingoperationsincludingportionattributabletononcontrollinginterest": 219400000,
        "profitloss": 219400000,
        "netincomelossattributabletononcontrollinginterest": -200000,
        "netincomeloss": 219600000,
        "incomelossfromcontinuingoperationsperbasicshare": 1.53,
        "earningspersharebasic": 1.53,
        "incomelossfromcontinuingoperationsperdilutedshare": 1.52,
        "earningspersharediluted": 1.52,
        "weightedaveragenumberofsharesoutstandingbasic": 143298163,
        "weightedaveragenumberofdilutedsharesoutstanding": 143973534,
        "othercomprehensiveincomeforeigncurrencytransactionandtranslationgainlossarisingduringperiodnetoftax": -14300000,
        "othercomprehensiveincomelosspensionandotherpostretirementbenefitplansadjustmentnetoftax": -800000,
        "othercomprehensiveincomelossnetoftax": -13500000,
        "comprehensiveincomenetoftaxincludingportionattributabletononcontrollinginterest": 205900000,
        "comprehensiveincomenetoftaxattributabletononcontrollinginterest": 1100000,
        "comprehensiveincomenetoftax": 204800000
    },
    {
        "date": "2023-12-30",
        "symbol": "VRSK",
        "period": "Q4",
        "discontinuedoperationtaxeffectofdiscontinuedoperation": -12400000,
        "revenuefromcontractwithcustomerexcludingassessedtax": 677200000,
        "costofrevenue": 226200000,
        "sellinggeneralandadministrativeexpense": 114400000,
        "depreciationandamortization": 67600000,
        "amortizationofintangibleassets": 18500000,
        "costsandexpenses": 426700000,
        "operatingincomeloss": 250500000,
        "investmentlossincomeandothernet": 20300000,
        "interestexpense": 28100000,
        "nonoperatingincomeexpense": -7800000,
        "incomelossfromcontinuingoperationsbeforeincometaxesextraordinaryitemsnoncontrollinginterest": 242700000,
        "incometaxexpensebenefit": 60400000,
        "incomelossfromcontinuingoperationsincludingportionattributabletononcontrollinginterest": 182300000,
        "profitloss": 173800000,
        "netincomeloss": 174000000,
        "incomelossfromcontinuingoperationsperbasicshare": 1.26,
        "incomelossfromdiscontinuedoperationsnetoftaxperbasicshare": -0.05999999999999994,
        "earningspersharebasic": 1.2000000000000002,
        "incomelossfromcontinuingoperationsperdilutedshare": 1.2600000000000002,
        "incomelossfromdiscontinuedoperationsnetoftaxperdilutedshare": -0.07000000000000017,
        "earningspersharediluted": 1.19,
        "weightedaveragenumberofsharesoutstandingbasic": 146623989,
        "weightedaveragenumberofdilutedsharesoutstanding": 147336159,
        "othercomprehensiveincomeforeigncurrencytransactionandtranslationgainlossarisingduringperiodnetoftax": 24800000,
        "othercomprehensiveincomelosspensionandotherpostretirementbenefitplansadjustmentnetoftax": -19400000,
        "othercomprehensiveincomelossnetoftax": 44200000,
        "comprehensiveincomenetoftaxincludingportionattributabletononcontrollinginterest": 218000000,
        "comprehensiveincomenetoftaxattributabletononcontrollinginterest": 1400000,
        "comprehensiveincomenetoftax": 216600000
    },
    {
        "date": "2023-09-29",
        "symbol": "VRSK",
        "period": "Q3",
        "discontinuedoperationtaxeffectofdiscontinuedoperation": -1100001.1,
        "revenuefromcontractwithcustomerexcludingassessedtax": 677600000,
        "costofrevenue": 217200000,
        "sellinggeneralandadministrativeexpense": 111600000,
        "depreciationandamortization": 48100000,
        "amortizationofintangibleassets": 19600000,
        "costsandexpenses": 396500000,
        "operatingincomeloss": 281100000,
        "investmentlossincomeandothernet": -2000000,
        "interestexpense": 29400000,
        "nonoperatingincomeexpense": -31400000,
        "incomelossfromcontinuingoperationsbeforeincometaxesextraordinaryitemsnoncontrollinginterest": 249700000,
        "incometaxexpensebenefit": 62300000,
        "incomelossfromcontinuingoperationsincludingportionattributabletononcontrollinginterest": 187400000,
        "incomelossfromdiscontinuedoperationsnetoftax": 0,
        "profitloss": 187400000,
        "netincomeloss": 187400000,
        "incomelossfromcontinuingoperationsperbasicshare": 1.2900000000000003,
        "incomelossfromdiscontinuedoperationsnetoftaxperbasicshare": -0.029999999999999916,
        "earningspersharebasic": 1.2600000000000002,
        "incomelossfromcontinuingoperationsperdilutedshare": 1.2799999999999998,
        "incomelossfromdiscontinuedoperationsnetoftaxperdilutedshare": -0.019999999999999907,
        "earningspersharediluted": 1.2599999999999998,
        "weightedaveragenumberofsharesoutstandingbasic": -149574159,
        "weightedaveragenumberofdilutedsharesoutstanding": -150225454,
        "othercomprehensiveincomeforeigncurrencytransactionandtranslationgainlossarisingduringperiodnetoftax": -31800000,
        "othercomprehensiveincomelosspensionandotherpostretirementbenefitplansadjustmentnetoftax": -800000,
        "othercomprehensiveincomelossnetoftax": -31000000,
        "comprehensiveincomenetoftaxincludingportionattributabletononcontrollinginterest": 156400000,
        "comprehensiveincomenetoftaxattributabletononcontrollinginterest": -900000,
        "comprehensiveincomenetoftax": 157300000
    },
    {
        "date": "2023-06-29",
        "symbol": "VRSK",
        "period": "Q2",
        "discontinuedoperationtaxeffectofdiscontinuedoperation": 900000,
        "revenuefromcontractwithcustomerexcludingassessedtax": 675000000,
        "costofrevenue": 216900000,
        "sellinggeneralandadministrativeexpense": 86800000,
        "depreciationandamortization": 46500000,
        "amortizationofintangibleassets": 18800000,
        "costsandexpenses": 369000000,
        "operatingincomeloss": 306000000,
        "investmentlossincomeandothernet": -6200000,
        "interestexpense": 31600000,
        "nonoperatingincomeexpense": -37800000,
        "incomelossfromcontinuingoperationsbeforeincometaxesextraordinaryitemsnoncontrollinginterest": 268200000,
        "incometaxexpensebenefit": 63900000,
        "incomelossfromcontinuingoperationsincludingportionattributabletononcontrollinginterest": 204300000,
        "incomelossfromdiscontinuedoperationsnetoftax": -7500000,
        "profitloss": 196800000,
        "netincomelossattributabletononcontrollinginterest": -100000,
        "netincomeloss": 196900000,
        "incomelossfromcontinuingoperationsperbasicshare": 1.41,
        "incomelossfromdiscontinuedoperationsnetoftaxperbasicshare": -0.05,
        "earningspersharebasic": 1.36,
        "incomelossfromcontinuingoperationsperdilutedshare": 1.41,
        "incomelossfromdiscontinuedoperationsnetoftaxperdilutedshare": -0.06,
        "earningspersharediluted": 1.35,
        "weightedaveragenumberofsharesoutstandingbasic": 144834494,
        "weightedaveragenumberofdilutedsharesoutstanding": 145500121,
        "othercomprehensiveincomeforeigncurrencytransactionandtranslationgainlossarisingduringperiodnetoftax": 16000000,
        "othercomprehensiveincomelosspensionandotherpostretirementbenefitplansadjustmentnetoftax": -900000,
        "othercomprehensiveincomelossnetoftax": 16900000,
        "comprehensiveincomenetoftaxincludingportionattributabletononcontrollinginterest": 213700000,
        "comprehensiveincomenetoftaxattributabletononcontrollinginterest": 600000,
        "comprehensiveincomenetoftax": 213100000
    },
    {
        "date": "2023-03-30",
        "symbol": "VRSK",
        "period": "Q1",
        "discontinuedoperationtaxeffectofdiscontinuedoperation": 1.1,
        "revenuefromcontractwithcustomerexcludingassessedtax": 651600000,
        "costofrevenue": 216200000,
        "sellinggeneralandadministrativeexpense": 79000000,
        "depreciationandamortization": 44600000,
        "amortizationofintangibleassets": 17700000,
        "costsandexpenses": 357500000,
        "operatingincomeloss": 294100000,
        "investmentlossincomeandothernet": -1100000,
        "interestexpense": 26400000,
        "nonoperatingincomeexpense": -27500000,
        "incomelossfromcontinuingoperationsbeforeincometaxesextraordinaryitemsnoncontrollinginterest": 266600000,
        "incometaxexpensebenefit": 72200000,
        "incomelossfromcontinuingoperationsincludingportionattributabletononcontrollinginterest": 194400000,
        "incomelossfromdiscontinuedoperationsnetoftax": -138000000,
        "profitloss": 56400000,
        "netincomelossattributabletononcontrollinginterest": 100000,
        "netincomeloss": 56300000,
        "incomelossfromcontinuingoperationsperbasicshare": 1.28,
        "incomelossfromdiscontinuedoperationsnetoftaxperbasicshare": -0.91,
        "earningspersharebasic": 0.37,
        "incomelossfromcontinuingoperationsperdilutedshare": 1.27,
        "incomelossfromdiscontinuedoperationsnetoftaxperdilutedshare": -0.9,
        "earningspersharediluted": 0.37,
        "weightedaveragenumberofsharesoutstandingbasic": 152032255,
        "weightedaveragenumberofdilutedsharesoutstanding": 152709319,
        "othercomprehensiveincomeforeigncurrencytransactionandtranslationgainlossarisingduringperiodnetoftax": 759200000,
        "othercomprehensiveincomelosspensionandotherpostretirementbenefitplansadjustmentnetoftax": -700000,
        "othercomprehensiveincomelossnetoftax": 759900000,
        "comprehensiveincomenetoftaxincludingportionattributabletononcontrollinginterest": 816300000,
        "comprehensiveincomenetoftaxattributabletononcontrollinginterest": -700000,
        "comprehensiveincomenetoftax": 817000000
    },
    {
        "date": "2022-12-30",
        "symbol": "VRSK",
        "period": "Q4",
        "revenuefromcontractwithcustomerexcludingassessedtax": 229900000,
        "costofrevenue": 51300000,
        "sellinggeneralandadministrativeexpense": -5600000,
        "depreciationandamortization": 13100000,
        "amortizationofintangibleassets": -46600000,
        "otheroperatingincomeexpensenet": 500000,
        "costsandexpenses": 11700000,
        "operatingincomeloss": 218200000,
        "investmentlossincomeandothernet": -12700000,
        "interestexpense": 41200000,
        "nonoperatingincomeexpense": -53900000,
        "incomelossfromcontinuingoperationsbeforeincometaxesextraordinaryitemsnoncontrollinginterest": 164300000,
        "incometaxexpensebenefit": 15300000,
        "profitloss": 61200000,
        "netincomelossattributabletononcontrollinginterest": 100000,
        "netincomeloss": 61100000,
        "earningspersharebasic": 0.43000000000000016,
        "earningspersharediluted": 0.4299999999999997,
        "weightedaveragenumberofsharesoutstandingbasic": -317688600,
        "weightedaveragenumberofdilutedsharesoutstanding": -319811844,
        "othercomprehensiveincomeforeigncurrencytransactionandtranslationgainlossarisingduringperiodnetoftax": 225200000,
        "othercomprehensiveincomelosspensionandotherpostretirementbenefitplansadjustmentnetoftax": 39000000,
        "othercomprehensiveincomelossnetoftax": 186200000,
        "comprehensiveincomenetoftaxincludingportionattributabletononcontrollinginterest": 247400000,
        "comprehensiveincomenetoftaxattributabletononcontrollinginterest": 1400000,
        "comprehensiveincomenetoftax": 246000000
    },
    {
        "date": "2022-09-29",
        "symbol": "VRSK",
        "period": "Q3",
        "revenuefromcontractwithcustomerexcludingassessedtax": 745300000,
        "costofrevenue": 246700000,
        "sellinggeneralandadministrativeexpense": 125900000,
        "depreciationandamortization": 51700000,
        "amortizationofintangibleassets": 36600000,
        "otheroperatingincomeexpensenet": -7800000,
        "costsandexpenses": 468700000,
        "operatingincomeloss": 276600000,
        "investmentlossincomeandothernet": 3100000,
        "interestexpense": 34500000,
        "nonoperatingincomeexpense": -31400000,
        "incomelossfromcontinuingoperationsbeforeincometaxesextraordinaryitemsnoncontrollinginterest": 245200000,
        "incometaxexpensebenefit": 55700000,
        "profitloss": 189500000,
        "netincomelossattributabletononcontrollinginterest": 100000,
        "netincomeloss": 189400000,
        "earningspersharebasic": 1.21,
        "earningspersharediluted": 1.2,
        "weightedaveragenumberofsharesoutstandingbasic": 156940608,
        "weightedaveragenumberofdilutedsharesoutstanding": 157978606,
        "othercomprehensiveincomeforeigncurrencytransactionandtranslationgainlossarisingduringperiodnetoftax": -234200000,
        "othercomprehensiveincomelosspensionandotherpostretirementbenefitplansadjustmentnetoftax": -300000,
        "othercomprehensiveincomelossnetoftax": -233900000,
        "comprehensiveincomenetoftaxincludingportionattributabletononcontrollinginterest": -44400000,
        "comprehensiveincomenetoftaxattributabletononcontrollinginterest": -1200000,
        "comprehensiveincomenetoftax": -43200000
    },
    {
        "date": "2022-06-29",
        "symbol": "VRSK",
        "period": "Q2",
        "revenuefromcontractwithcustomerexcludingassessedtax": 746300000,
        "costofrevenue": 246100000,
        "sellinggeneralandadministrativeexpense": 125900000,
        "depreciationandamortization": 49800000,
        "amortizationofintangibleassets": 39800000,
        "otheroperatingincomeexpensenet": -15600000,
        "costsandexpenses": 477200000,
        "operatingincomeloss": 269100000,
        "investmentlossincomeandothernet": 4700000,
        "interestexpense": 31800000,
        "nonoperatingincomeexpense": -27100000,
        "incomelossfromcontinuingoperationsbeforeincometaxesextraordinaryitemsnoncontrollinginterest": 242000000,
        "incometaxexpensebenefit": 44200000,
        "profitloss": 197800000,
        "netincomelossattributabletononcontrollinginterest": 100000,
        "netincomeloss": 197700000,
        "earningspersharebasic": 1.25,
        "earningspersharediluted": 1.24,
        "weightedaveragenumberofsharesoutstandingbasic": 157972755,
        "weightedaveragenumberofdilutedsharesoutstanding": 159123563,
        "othercomprehensiveincomeforeigncurrencytransactionandtranslationgainlossarisingduringperiodnetoftax": -219700000,
        "othercomprehensiveincomelosspensionandotherpostretirementbenefitplansadjustmentnetoftax": -400000,
        "othercomprehensiveincomelossnetoftax": -219300000,
        "comprehensiveincomenetoftaxincludingportionattributabletononcontrollinginterest": -21500000,
        "comprehensiveincomenetoftaxattributabletononcontrollinginterest": -800000,
        "comprehensiveincomenetoftax": -20700000
    },
    {
        "date": "2022-03-30",
        "symbol": "VRSK",
        "period": "Q1",
        "revenuefromcontractwithcustomerexcludingassessedtax": 775500000,
        "costofrevenue": 280500000,
        "sellinggeneralandadministrativeexpense": 135300000,
        "depreciationandamortization": 49600000,
        "amortizationofintangibleassets": 44600000,
        "otheroperatingincomeexpensenet": 377100000,
        "costsandexpenses": 132900000,
        "operatingincomeloss": 642600000,
        "investmentlossincomeandothernet": -400000,
        "interestexpense": 31300000,
        "nonoperatingincomeexpense": -31700000,
        "incomelossfromcontinuingoperationsbeforeincometaxesextraordinaryitemsnoncontrollinginterest": 610900000,
        "incometaxexpensebenefit": 105100000,
        "profitloss": 505800000,
        "netincomelossattributabletononcontrollinginterest": 100000,
        "netincomeloss": 505700000,
        "earningspersharebasic": 3.15,
        "earningspersharediluted": 3.13,
        "weightedaveragenumberofsharesoutstandingbasic": 160680955,
        "weightedaveragenumberofdilutedsharesoutstanding": 161638617,
        "othercomprehensiveincomeforeigncurrencytransactionandtranslationgainlossarisingduringperiodnetoftax": -71600000,
        "othercomprehensiveincomelosspensionandotherpostretirementbenefitplansadjustmentnetoftax": -600000,
        "othercomprehensiveincomelossnetoftax": -71000000,
        "comprehensiveincomenetoftaxincludingportionattributabletononcontrollinginterest": 434800000,
        "comprehensiveincomenetoftaxattributabletononcontrollinginterest": -500000,
        "comprehensiveincomenetoftax": 435300000
    },
    {
        "date": "2021-12-30",
        "symbol": "VRSK",
        "period": "Q4",
        "revenuefromcontractwithcustomerexcludingassessedtax": 766000000,
        "costofrevenue": 265200000,
        "sellinggeneralandadministrativeexpense": 76400000,
        "amortizationofintangibleassets": 43600000,
        "costsandexpenses": 572200000,
        "operatingincomeloss": 193800000,
        "investmentlossincomeandothernet": 600000,
        "interestexpense": 30200000,
        "nonoperatingincomeexpense": -29600000,
        "incometaxexpensebenefit": 22400000,
        "profitloss": 141800000,
        "netincomelossattributabletononcontrollinginterest": -4900000,
        "netincomeloss": 141900000,
        "earningspersharebasic": 0.8800000000000001,
        "earningspersharediluted": 0.8699999999999999,
        "weightedaveragenumberofsharesoutstandingbasic": -324174706,
        "weightedaveragenumberofdilutedsharesoutstanding": -326937137,
        "othercomprehensiveincomelosspensionandotherpostretirementbenefitplansadjustmentnetoftax": -24600000,
        "othercomprehensiveincomelossnetoftax": 33500000,
        "comprehensiveincomenetoftaxincludingportionattributabletononcontrollinginterest": 175300000,
        "comprehensiveincomenetoftaxattributabletononcontrollinginterest": -400000,
        "comprehensiveincomenetoftax": 175300000
    },
    {
        "date": "2021-09-29",
        "symbol": "VRSK",
        "period": "Q3",
        "revenuefromcontractwithcustomerexcludingassessedtax": 759000000,
        "costofrevenue": 265300000,
        "sellinggeneralandadministrativeexpense": 115100000,
        "depreciationandamortization": 52100000,
        "amortizationofintangibleassets": 37600000,
        "costsandexpenses": 470100000,
        "operatingincomeloss": 288900000,
        "investmentlossincomeandothernet": 100000,
        "interestexpense": 29900000,
        "nonoperatingincomeexpense": -29800000,
        "incomelossfromcontinuingoperationsbeforeincometaxesextraordinaryitemsnoncontrollinginterest": 259100000,
        "incometaxexpensebenefit": 54200000,
        "profitloss": 204900000,
        "netincomelossattributabletononcontrollinginterest": 3200000,
        "netincomeloss": 201700000,
        "earningspersharebasic": 1.25,
        "earningspersharediluted": 1.24,
        "weightedaveragenumberofsharesoutstandingbasic": 161366544,
        "weightedaveragenumberofdilutedsharesoutstanding": 162792791,
        "othercomprehensiveincomeforeigncurrencytransactionandtranslationgainlossarisingduringperiodnetoftax": -80400000,
        "othercomprehensiveincomelosspensionandotherpostretirementbenefitplansadjustmentnetoftax": -700000,
        "othercomprehensiveincomelossnetoftax": -79700000,
        "comprehensiveincomenetoftaxincludingportionattributabletononcontrollinginterest": 125200000,
        "comprehensiveincomenetoftaxattributabletononcontrollinginterest": 3200000,
        "othercomprehensiveincomeforeigncurrencytransactionandtranslationadjustmentnetoftaxportionattributabletononcontrollinginterest": -500000,
        "comprehensiveincomenetoftax": 122500000
    },
    {
        "date": "2021-06-29",
        "symbol": "VRSK",
        "period": "Q2",
        "revenuefromcontractwithcustomerexcludingassessedtax": 747500000,
        "costofrevenue": 264900000,
        "sellinggeneralandadministrativeexpense": 111400000,
        "depreciationandamortization": 53300000,
        "amortizationofintangibleassets": 50500000,
        "costsandexpenses": 480100000,
        "operatingincomeloss": 267400000,
        "investmentlossincomeandothernet": -500000,
        "interestexpense": 31500000,
        "nonoperatingincomeexpense": -32000000,
        "incomelossfromcontinuingoperationsbeforeincometaxesminorityinterestandincomelossfromequitymethodinvestments": 235400000,
        "incometaxexpensebenefit": 83800000,
        "profitloss": 151600000,
        "netincomelossattributabletononcontrollinginterest": 2400000,
        "netincomeloss": 154000000,
        "earningspersharebasic": 0.95,
        "earningspersharediluted": 0.94,
        "weightedaveragenumberofsharesoutstandingbasic": 162007784,
        "weightedaveragenumberofdilutedsharesoutstanding": 163046538,
        "othercomprehensiveincomeforeigncurrencytransactionandtranslationgainlossarisingduringperiodnetoftax": 16500000,
        "othercomprehensiveincomelosspensionandotherpostretirementbenefitplansadjustmentnetoftax": -800000,
        "othercomprehensiveincomelossnetoftax": 17300000,
        "comprehensiveincomenetoftaxincludingportionattributabletononcontrollinginterest": 168900000,
        "comprehensiveincomenetoftaxattributabletononcontrollinginterest": -2400000,
        "othercomprehensiveincomeforeigncurrencytransactionandtranslationadjustmentnetoftaxportionattributabletononcontrollinginterest": 100000,
        "comprehensiveincomenetoftax": 171200000
    },
    {
        "date": "2021-03-30",
        "symbol": "VRSK",
        "period": "Q1",
        "revenuefromcontractwithcustomerexcludingassessedtax": 726100000,
        "costofrevenue": 262400000,
        "sellinggeneralandadministrativeexpense": 119800000,
        "depreciationdepletionandamortization": 48500000,
        "amortizationofintangibleassets": 45000000,
        "costsandexpenses": 475700000,
        "operatingincomeloss": 250400000,
        "investmentlossincomeandothernet": 1700000,
        "interestexpense": 35400000,
        "nonoperatingincomeexpense": -33700000,
        "incomelossfromcontinuingoperationsbeforeincometaxesminorityinterestandincomelossfromequitymethodinvestments": 216700000,
        "incometaxexpensebenefit": 48700000,
        "profitloss": 168000000,
        "netincomelossattributabletononcontrollinginterest": -600000,
        "netincomeloss": 168600000,
        "earningspersharebasic": 1.04,
        "earningspersharediluted": 1.03,
        "weightedaveragenumberofsharesoutstandingbasic": 162641819,
        "weightedaveragenumberofdilutedsharesoutstanding": 164436717,
        "othercomprehensiveincomelossforeigncurrencytransactionandtranslationadjustmentnetoftax": 8700000,
        "othercomprehensiveincomelosspensionandotherpostretirementbenefitplansadjustmentnetoftax": -800000,
        "othercomprehensiveincomelossnetoftax": 9500000,
        "comprehensiveincomenetoftaxincludingportionattributabletononcontrollinginterest": 177500000,
        "comprehensiveincomenetoftaxattributabletononcontrollinginterest": -800000,
        "comprehensiveincomenetoftax": 178300000
    },
    {
        "date": "2020-06-29",
        "symbol": "VRSK",
        "period": "Q2",
        "revenuefromcontractwithcustomerexcludingassessedtax": 678800000,
        "costofrevenue": 235800000,
        "sellinggeneralandadministrativeexpense": 96400000,
        "amortizationofintangibleassets": 41000000,
        "otheroperatingincome": 0,
        "costsandexpenses": 419100000,
        "operatingincomeloss": 259700000,
        "investmentlossincomeandothernet": -800000,
        "interestexpense": 34100000,
        "incomelossfromcontinuingoperationsbeforeincometaxesminorityinterestandincomelossfromequitymethodinvestments": 224800000,
        "incometaxexpensebenefit": 45800000,
        "netincomeloss": 179000000,
        "weightedaveragenumberofsharesoutstandingbasic": -261193,
        "weightedaveragenumberofdilutedsharesoutstanding": -310516,
        "comprehensiveincomenetoftax": 180500000
    },
    {
        "date": "2020-03-30",
        "symbol": "VRSK",
        "period": "Q1",
        "netincomeloss": 171700000,
        "othercomprehensiveincomeforeigncurrencytransactionandtranslationadjustmentnetoftaxportionattributabletoparent": -172600000,
        "othercomprehensiveincomedefinedbenefitplansadjustmentnetoftaxportionattributabletoparent": -800000,
        "othercomprehensiveincomelossnetoftaxportionattributabletoparent": -171800000,
        "comprehensiveincomenetoftax": -100000,
        "revenuefromcontractwithcustomerexcludingassessedtax": 689800000,
        "costofrevenue": 257700000,
        "sellinggeneralandadministrativeexpense": 112100000,
        "depreciationandamortizationoffixedassets": 46100000,
        "amortizationofintangibleassets": 41000000,
        "otheroperatingincome": 19400000,
        "costsandexpenses": 437500000,
        "operatingincomeloss": 252300000,
        "investmentlossincomeandothernet": -2100000,
        "interestexpense": 33500000,
        "nonoperatingincomeexpenseandinterestexpense": -35600000,
        "incomelossfromcontinuingoperationsbeforeincometaxesminorityinterestandincomelossfromequitymethodinvestments": 216700000,
        "incometaxexpensebenefit": 45000000,
        "incomelossfromcontinuingoperationsperbasicshare": 1.05,
        "incomelossfromcontinuingoperationsperdilutedshare": 1.04,
        "weightedaveragenumberofsharesoutstandingbasic": 162894306,
        "weightedaveragenumberofdilutedsharesoutstanding": 165724120
    },
    {
        "date": "2019-12-30",
        "symbol": "VRSK",
        "period": "Q4",
        "netincomeloss": 132200000,
        "comprehensiveincomenetoftax": 323700000,
        "revenuefromcontractwithcustomerexcludingassessedtax": 676800000,
        "costofrevenue": 259800000,
        "sellinggeneralandadministrativeexpense": 124800000,
        "amortizationofintangibleassets": 37900000,
        "costsandexpenses": 476300000,
        "operatingincomeloss": 200500000,
        "interestexpense": 33100000,
        "nonoperatingincomeexpense": -122100000,
        "incomelossfromcontinuingoperationsbeforeincometaxesminorityinterestandincomelossfromequitymethodinvestments": 172100000,
        "incometaxexpensebenefit": 39900000,
        "weightedaveragenumberofsharesoutstandingbasic": -327317303,
        "weightedaveragenumberofdilutedsharesoutstanding": -333461724
    },
    {
        "date": "2019-09-29",
        "symbol": "VRSK",
        "period": "Q3",
        "netincomeloss": 32900000,
        "othercomprehensiveincomeforeigncurrencytransactionandtranslationadjustmentnetoftaxportionattributabletoparent": -87300000,
        "othercomprehensiveincomedefinedbenefitplansadjustmentnetoftaxportionattributabletoparent": -1100000,
        "othercomprehensiveincomelossnetoftaxportionattributabletoparent": -86200000,
        "comprehensiveincomenetoftax": -53300000,
        "revenuefromcontractwithcustomerexcludingassessedtax": 652700000,
        "costofrevenue": 242900000,
        "sellinggeneralandadministrativeexpense": 255000000,
        "depreciationandamortization": 45800000,
        "amortizationofintangibleassets": 33300000,
        "costsandexpenses": 577000000,
        "operatingincomeloss": 75700000,
        "nonoperatingincomeexpense": -5500000,
        "interestexpense": 31300000,
        "nonoperatingincomeexpenseandinterestexpense": -36800000,
        "incomelossfromcontinuingoperationsbeforeincometaxesminorityinterestandincomelossfromequitymethodinvestments": 38900000,
        "incometaxexpensebenefit": 6000000,
        "incomelossfromcontinuingoperationsperbasicshare": 0.2,
        "incomelossfromcontinuingoperationsperdilutedshare": 0.2,
        "weightedaveragenumberofsharesoutstandingbasic": 163580563,
        "weightedaveragenumberofdilutedsharesoutstanding": 166779618
    },
    {
        "date": "2019-06-29",
        "symbol": "VRSK",
        "period": "Q2",
        "netincomeloss": 150400000,
        "othercomprehensiveincomelossforeigncurrencytransactionandtranslationadjustmentnetoftax": -60900000,
        "othercomprehensiveincomelosspensionandotherpostretirementbenefitplansadjustmentnetoftax": -1000000,
        "othercomprehensiveincomelossnetoftax": -59900000,
        "comprehensiveincomenetoftax": 90500000,
        "revenuefromcontractwithcustomerexcludingassessedtax": 652600000,
        "costofrevenue": 242700000,
        "sellinggeneralandadministrativeexpense": 112300000,
        "depreciationandamortization": 45700000,
        "amortizationofintangibleassets": 33600000,
        "costsandexpenses": 434300000,
        "operatingincomeloss": 218300000,
        "nonoperatingincomeexpense": -500000,
        "interestexpense": 30500000,
        "nonoperatingincomeexpenseandinterestexpense": -31000000,
        "incomelossfromcontinuingoperationsbeforeincometaxesminorityinterestandincomelossfromequitymethodinvestments": 187300000,
        "incometaxexpensebenefit": 36900000,
        "incomelossfromcontinuingoperationsperbasicshare": 0.92,
        "incomelossfromcontinuingoperationsperdilutedshare": 0.9,
        "weightedaveragenumberofsharesoutstandingbasic": 163743835,
        "weightedaveragenumberofdilutedsharesoutstanding": 166697276
    },
    {
        "date": "2019-03-30",
        "symbol": "VRSK",
        "period": "Q1",
        "netincomeloss": 134400000,
        "othercomprehensiveincomelossforeigncurrencytransactionandtranslationadjustmentnetoftax": 58500000,
        "othercomprehensiveincomelosspensionandotherpostretirementbenefitplansadjustmentnetoftax": -1100000,
        "othercomprehensiveincomelossnetoftax": 59600000,
        "comprehensiveincomenetoftax": 194000000,
        "revenuefromcontractwithcustomerexcludingassessedtax": 625000000,
        "costofrevenue": 231400000,
        "sellinggeneralandadministrativeexpense": 111400000,
        "depreciationandamortization": 46600000,
        "amortizationofintangibleassets": 33200000,
        "costsandexpenses": 422600000,
        "operatingincomeloss": 202400000,
        "nonoperatingincomeexpense": -400000,
        "interestexpense": 31900000,
        "nonoperatingincomeexpenseandinterestexpense": -32300000,
        "incomelossfromcontinuingoperationsbeforeincometaxesminorityinterestandincomelossfromequitymethodinvestments": 170100000,
        "incometaxexpensebenefit": 35700000,
        "incomelossfromcontinuingoperationsperbasicshare": 0.82,
        "incomelossfromcontinuingoperationsperdilutedshare": 0.81,
        "weightedaveragenumberofsharesoutstandingbasic": 163528343,
        "weightedaveragenumberofdilutedsharesoutstanding": 166544945
    },
    {
        "date": "2018-12-30",
        "symbol": "VRSK",
        "period": "Q4",
        "netincomeloss": 148800000,
        "othercomprehensiveincomelosspensionandotherpostretirementbenefitplansadjustmentnetoftax": 26800000,
        "othercomprehensiveincomelossnetoftax": -82300000,
        "comprehensiveincomenetoftax": 63900000,
        "sellinggeneralandadministrativeexpense": 55600000,
        "depreciationandamortization": 29400000,
        "amortizationofintangibleassets": 6100000,
        "costsandexpenses": 397700000,
        "operatingincomeloss": 199400000,
        "interestexpense": 32600000,
        "nonoperatingincomeexpense": -36600000,
        "incomelossfromcontinuingoperationsbeforeincometaxesminorityinterestandincomelossfromequitymethodinvestments": 179600000,
        "incometaxexpensebenefit": 33100000,
        "incomelossfromcontinuingoperationsperbasicshare": 0.8799999999999999,
        "incomelossfromcontinuingoperationsperdilutedshare": 0.8700000000000001,
        "weightedaveragenumberofsharesoutstandingbasic": -330079829,
        "weightedaveragenumberofdilutedsharesoutstanding": -337546667
    },
    {
        "date": "2018-09-29",
        "symbol": "VRSK",
        "period": "Q3",
        "netincomeloss": 164800000,
        "othercomprehensiveincomelossforeigncurrencytransactionandtranslationadjustmentnetoftax": -35700000,
        "othercomprehensiveincomelosspensionandotherpostretirementbenefitplansadjustmentnetoftax": -300000,
        "othercomprehensiveincomelossnetoftax": -35400000,
        "comprehensiveincomenetoftax": 130600000,
        "revenues": 427700000,
        "costofrevenue": 142100000,
        "sellinggeneralandadministrativeexpense": 57500000,
        "depreciationandamortization": 25200000,
        "amortizationofintangibleassets": 5900000,
        "costsandexpenses": 387600000,
        "operatingincomeloss": 197000000,
        "investmentincomeandrealizedgainlossonsecuritiesnet": 12000000,
        "interestexpense": 32400000,
        "nonoperatingincomeexpense": -18300000,
        "incomelossfromcontinuingoperationsbeforeincometaxesminorityinterestandincomelossfromequitymethodinvestments": 192800000,
        "incometaxexpensebenefit": 26400000,
        "incomelossfromcontinuingoperationsperbasicshare": 1.01,
        "incomelossfromcontinuingoperationsperdilutedshare": 0.99,
        "weightedaveragenumberofsharesoutstandingbasic": 164829250,
        "weightedaveragenumberofdilutedsharesoutstanding": 168200766
    },
    {
        "date": "2018-06-29",
        "symbol": "VRSK",
        "period": "Q2",
        "netincomeloss": 152100000,
        "othercomprehensiveincomelossforeigncurrencytransactionandtranslationadjustmentnetoftax": -165600000,
        "othercomprehensiveincomelosspensionandotherpostretirementbenefitplansadjustmentnetoftax": -700000,
        "othercomprehensiveincomelossnetoftax": -164900000,
        "comprehensiveincomenetoftax": -11400000,
        "revenues": 429400000,
        "costofrevenue": 141600000,
        "sellinggeneralandadministrativeexpense": 53300000,
        "depreciationandamortization": 25000000,
        "amortizationofintangibleassets": 5400000,
        "costsandexpenses": 389000000,
        "operatingincomeloss": 204100000,
        "investmentincomeandrealizedgainlossonsecuritiesnet": 1800000,
        "interestexpense": 31900000,
        "nonoperatingincomeexpense": -27300000,
        "incomelossfromcontinuingoperationsbeforeincometaxesminorityinterestandincomelossfromequitymethodinvestments": 185000000,
        "incometaxexpensebenefit": 31000000,
        "incomelossfromcontinuingoperationsperbasicshare": 0.93,
        "incomelossfromcontinuingoperationsperdilutedshare": 0.91,
        "weightedaveragenumberofsharesoutstandingbasic": 165015642,
        "weightedaveragenumberofdilutedsharesoutstanding": 168651202
    },
    {
        "date": "2018-03-30",
        "symbol": "VRSK",
        "period": "Q1",
        "netincomeloss": 133000000,
        "othercomprehensiveincomelossforeigncurrencytransactionandtranslationadjustmentnetoftax": 102700000,
        "othercomprehensiveincomelosspensionandotherpostretirementbenefitplansadjustmentnetoftax": -1000000,
        "othercomprehensiveincomelossnetoftax": 103700000,
        "comprehensiveincomenetoftax": 236700000,
        "salesrevenueservicesnet": 412600000,
        "costofservices": 138700000,
        "sellinggeneralandadministrativeexpense": 52400000,
        "depreciationandamortization": 27400000,
        "amortizationofintangibleassets": 5400000,
        "costsandexpenses": 386700000,
        "operatingincomeloss": 188700000,
        "investmentincomeandrealizedgainlossonsecuritiesnet": 2500000,
        "interestexpense": 32800000,
        "nonoperatingincomeexpense": -32200000,
        "incomelossfromcontinuingoperationsbeforeincometaxesminorityinterestandincomelossfromequitymethodinvestments": 162300000,
        "incometaxexpensebenefit": 29000000,
        "incomelossfromcontinuingoperationsperbasicshare": 0.81,
        "incomelossfromcontinuingoperationsperdilutedshare": 0.79,
        "weightedaveragenumberofsharesoutstandingbasic": 165043047,
        "weightedaveragenumberofdilutedsharesoutstanding": 168992535
    },
    {
        "date": "2017-09-29",
        "symbol": "VRSK",
        "period": "Q3",
        "netincomeloss": 120700000,
        "othercomprehensiveincomelossforeigncurrencytransactionandtranslationadjustmentnetoftax": 82200000,
        "othercomprehensiveincomelossavailableforsalesecuritiesadjustmentnetoftax": 0,
        "othercomprehensiveincomelosspensionandotherpostretirementbenefitplansadjustmentnetoftax": -900000,
        "othercomprehensiveincomelossnetoftax": 83100000,
        "comprehensiveincomenetoftax": 203800000,
        "salesrevenueservicesnet": -120000000,
        "costofservices": -71200000,
        "sellinggeneralandadministrativeexpense": -35600000,
        "depreciationandamortization": -18200000,
        "amortizationofintangibleassets": -20800000,
        "costsandexpenses": 340600000,
        "operatingincomeloss": 25800000,
        "investmentincomeandrealizedgainlossonsecuritiesnet": -5400000,
        "interestexpense": 30400000,
        "nonoperatingincomeexpense": -27800000,
        "incomelossfromcontinuingoperationsbeforeincometaxesminorityinterestandincomelossfromequitymethodinvestments": 180700000,
        "incometaxexpensebenefit": 60000000,
        "incomelossfromcontinuingoperations": 120700000,
        "incomelossfromcontinuingoperationsperbasicshare": 0.7400000000000001,
        "earningspersharebasic": 0.7400000000000001,
        "incomelossfromcontinuingoperationsperdilutedshare": 0.7200000000000001,
        "earningspersharediluted": 0.7200000000000001,
        "weightedaveragenumberofsharesoutstandingbasic": -166050961,
        "weightedaveragenumberofdilutedsharesoutstanding": -169657753
    },
    {
        "date": "2017-06-29",
        "symbol": "VRSK",
        "period": "Q2",
        "netincomeloss": 121000000,
        "othercomprehensiveincomelossforeigncurrencytransactionandtranslationadjustmentnetoftax": 89600000,
        "othercomprehensiveincomelossavailableforsalesecuritiesadjustmentnetoftax": 100000,
        "othercomprehensiveincomelosspensionandotherpostretirementbenefitplansadjustmentnetoftax": -800000,
        "othercomprehensiveincomelossnetoftax": 90500000,
        "comprehensiveincomenetoftax": 211500000,
        "salesrevenueservicesnet": 192600000,
        "costofservices": 58100000,
        "sellinggeneralandadministrativeexpense": 21100000,
        "depreciationandamortization": 7100000,
        "amortizationofintangibleassets": 1100000,
        "costsandexpenses": 328200000,
        "operatingincomeloss": 105200000,
        "investmentincomeandrealizedgainlossonsecuritiesnet": 3400000,
        "interestexpense": 28500000,
        "nonoperatingincomeexpense": -25100000,
        "incomelossfromcontinuingoperationsbeforeincometaxesminorityinterestandincomelossfromequitymethodinvestments": 169900000,
        "incometaxexpensebenefit": 48900000,
        "incomelossfromcontinuingoperations": 121000000,
        "incomelossfromcontinuingoperationsperbasicshare": 0.73,
        "earningspersharebasic": 0.73,
        "incomelossfromcontinuingoperationsperdilutedshare": 0.72,
        "earningspersharediluted": 0.72,
        "weightedaveragenumberofsharesoutstandingbasic": 164922237,
        "weightedaveragenumberofdilutedsharesoutstanding": 168314296
    },
    {
        "date": "2017-03-30",
        "symbol": "VRSK",
        "period": "Q1",
        "netincomeloss": 108800000,
        "othercomprehensiveincomelossforeigncurrencytransactionandtranslationadjustmentnetoftax": 33100000,
        "othercomprehensiveincomelossavailableforsalesecuritiesadjustmentnetoftax": 100000,
        "othercomprehensiveincomelosspensionandotherpostretirementbenefitplansadjustmentnetoftax": -700000,
        "othercomprehensiveincomelossnetoftax": 33900000,
        "comprehensiveincomenetoftax": 142700000,
        "salesrevenueservicesnet": 502600000,
        "costofservices": 182900000,
        "sellinggeneralandadministrativeexpense": 75900000,
        "depreciationandamortization": 33800000,
        "amortizationofintangibleassets": 22300000,
        "costsandexpenses": 314900000,
        "operatingincomeloss": 187700000,
        "investmentincomeandrealizedgainlossonsecuritiesnet": 1900000,
        "interestexpense": 28400000,
        "nonoperatingincomeexpense": -26500000,
        "incomelossfromcontinuingoperationsbeforeincometaxesminorityinterestandincomelossfromequitymethodinvestments": 161200000,
        "incometaxexpensebenefit": 52400000,
        "incomelossfromcontinuingoperations": 108800000,
        "incomelossfromcontinuingoperationsperbasicshare": 0.65,
        "earningspersharebasic": 0.65,
        "incomelossfromcontinuingoperationsperdilutedshare": 0.64,
        "earningspersharediluted": 0.64,
        "weightedaveragenumberofsharesoutstandingbasic": 166442991,
        "weightedaveragenumberofdilutedsharesoutstanding": 170150862
    },
    {
        "date": "2016-09-29",
        "symbol": "VRSK",
        "period": "Q3",
        "netincomeloss": 127577000,
        "othercomprehensiveincomelossforeigncurrencytransactionandtranslationadjustmentnetoftax": -62091000,
        "othercomprehensiveincomelossavailableforsalesecuritiesadjustmentnetoftax": 90000,
        "othercomprehensiveincomelosspensionandotherpostretirementbenefitplansadjustmentnetoftax": -210000,
        "othercomprehensiveincomelossnetoftax": -61791000,
        "comprehensiveincomenetoftax": 65786000,
        "salesrevenueservicesnet": 180773000,
        "costofservices": 52066000,
        "sellinggeneralandadministrativeexpense": 22435000,
        "depreciationandamortization": 6916000,
        "amortizationofintangibleassets": 171000,
        "costsandexpenses": 299658000,
        "operatingincomeloss": 99185000,
        "interestexpense": 28150000,
        "nonoperatingincomeexpense": -26026000,
        "incomelossfromcontinuingoperationsbeforeincometaxesminorityinterestandincomelossfromequitymethodinvestments": 172396000,
        "incometaxexpensebenefit": 44819000,
        "incomelossfromcontinuingoperations": 127577000,
        "discontinuedoperationincomelossfromdiscontinuedoperationbeforeincometax": 0,
        "discontinuedoperationtaxeffectofdiscontinuedoperation": 0,
        "incomelossfromdiscontinuedoperationsnetoftaxattributabletoreportingentity": 0,
        "incomelossfromcontinuingoperationsperbasicshare": 0.7499999999999999,
        "incomelossfromdiscontinuedoperationsnetoftaxperbasicshare": -8.326672684688674e-17,
        "earningspersharebasic": 0.7499999999999998,
        "incomelossfromcontinuingoperationsperdilutedshare": 0.7499999999999997,
        "incomelossfromdiscontinuedoperationsnetoftaxperdilutedshare": -0.009999999999999981,
        "earningspersharediluted": 0.74,
        "weightedaveragenumberofsharesoutstandingbasic": -168208669,
        "weightedaveragenumberofdilutedsharesoutstanding": -171204477
    },
    {
        "date": "2016-06-29",
        "symbol": "VRSK",
        "period": "Q2",
        "netincomeloss": 261736000,
        "othercomprehensiveincomelossforeigncurrencytransactionandtranslationadjustmentnetoftax": -141178000,
        "othercomprehensiveincomelossavailableforsalesecuritiesadjustmentnetoftax": 92000,
        "othercomprehensiveincomelosspensionandotherpostretirementbenefitplansadjustmentnetoftax": -720000,
        "othercomprehensiveincomelossnetoftax": -140366000,
        "comprehensiveincomenetoftax": 121370000,
        "salesrevenueservicesnet": 181117000,
        "costofservices": 55023000,
        "sellinggeneralandadministrativeexpense": 21552000,
        "depreciationandamortization": 6896000,
        "amortizationofintangibleassets": 159000,
        "costsandexpenses": 307217000,
        "operatingincomeloss": 97487000,
        "investmentincomeandrealizedgainlossonsecuritiesnet": 104000,
        "interestexpense": 31435000,
        "nonoperatingincomeexpense": -30589000,
        "incomelossfromcontinuingoperationsbeforeincometaxesminorityinterestandincomelossfromequitymethodinvestments": 160490000,
        "incometaxexpensebenefit": 53754000,
        "incomelossfromcontinuingoperations": 106736000,
        "discontinuedoperationincomelossfromdiscontinuedoperationbeforeincometax": 254745000,
        "discontinuedoperationtaxeffectofdiscontinuedoperation": 99745000,
        "incomelossfromdiscontinuedoperationsnetoftaxattributabletoreportingentity": 155000000,
        "incomelossfromcontinuingoperationsperbasicshare": 0.64,
        "incomelossfromdiscontinuedoperationsnetoftaxperbasicshare": 0.92,
        "earningspersharebasic": 1.56,
        "incomelossfromcontinuingoperationsperdilutedshare": 0.62,
        "incomelossfromdiscontinuedoperationsnetoftaxperdilutedshare": 0.91,
        "earningspersharediluted": 1.53,
        "weightedaveragenumberofsharesoutstandingbasic": 168296318,
        "weightedaveragenumberofdilutedsharesoutstanding": 171218782
    },
    {
        "date": "2016-03-30",
        "symbol": "VRSK",
        "period": "Q1",
        "netincomeloss": 92639000,
        "othercomprehensiveincomelossforeigncurrencytransactionandtranslationadjustmentnetoftax": -75343000,
        "othercomprehensiveincomelossavailableforsalesecuritiesadjustmentnetoftax": 111000,
        "othercomprehensiveincomelosspensionandotherpostretirementbenefitplansadjustmentnetoftax": -507000,
        "othercomprehensiveincomelossnetoftax": -74725000,
        "comprehensiveincomenetoftax": 17914000,
        "salesrevenueservicesnet": 179756000,
        "costofservices": 51688000,
        "sellinggeneralandadministrativeexpense": 18653000,
        "depreciationandamortization": 6986000,
        "amortizationofintangibleassets": 88000,
        "costsandexpenses": 300072000,
        "operatingincomeloss": 102341000,
        "investmentincomenonoperating": 110000,
        "interestexpense": 32032000,
        "nonoperatingincomeexpense": -31988000,
        "incomelossfromcontinuingoperationsbeforeincometaxesminorityinterestandincomelossfromequitymethodinvestments": 160641000,
        "incometaxexpensebenefit": 50911000,
        "incomelossfromcontinuingoperations": 109730000,
        "discontinuedoperationincomelossfromdiscontinuedoperationbeforeincometax": 1780000,
        "discontinuedoperationtaxeffectofdiscontinuedoperation": 18871000,
        "incomelossfromdiscontinuedoperationsnetoftaxattributabletoreportingentity": -17091000,
        "incomelossfromcontinuingoperationsperbasicshare": 0.65,
        "incomelossfromdiscontinuedoperationsnetoftaxperbasicshare": -0.1,
        "earningspersharebasic": 0.55,
        "incomelossfromcontinuingoperationsperdilutedshare": 0.64,
        "incomelossfromdiscontinuedoperationsnetoftaxperdilutedshare": -0.1,
        "earningspersharediluted": 0.54,
        "weightedaveragenumberofsharesoutstandingbasic": 168453750,
        "weightedaveragenumberofdilutedsharesoutstanding": 171480884
    },
    {
        "date": "2015-09-29",
        "symbol": "VRSK",
        "period": "Q3",
        "netincomeloss": 131814000,
        "othercomprehensiveincomelossforeigncurrencytransactionandtranslationadjustmentnetoftax": -95843000,
        "othercomprehensiveincomelossavailableforsalesecuritiesadjustmentnetoftax": -22000,
        "othercomprehensiveincomelosspensionandotherpostretirementbenefitplansadjustmentnetoftax": -321000,
        "othercomprehensiveincomelossnetoftax": -95544000,
        "comprehensiveincomenetoftax": 36270000,
        "salesrevenueservicesnet": 171727000,
        "costofservices": 48252000,
        "sellinggeneralandadministrativeexpense": 21256000,
        "depreciationandamortization": 6737000,
        "amortizationofintangibleassets": 88000,
        "costsandexpenses": 544740000,
        "operatingincomeloss": 95394000,
        "investmentincomenonoperating": 17371000,
        "interestexpense": -42752000,
        "nonoperatingincomeexpense": -19704000,
        "incomelossfromcontinuingoperationsbeforeincometaxesminorityinterestandincomelossfromequitymethodinvestments": 367468000,
        "incometaxexpensebenefit": 128034000,
        "incomelossfromcontinuingoperations": 131814000,
        "incomelossfromcontinuingoperationsperbasicshare": 0.8000000000000002,
        "earningspersharebasic": 0.8000000000000002,
        "incomelossfromcontinuingoperationsperdilutedshare": 0.7799999999999999,
        "earningspersharediluted": 0.7799999999999999,
        "weightedaveragenumberofsharesoutstandingbasic": -158573336,
        "weightedaveragenumberofdilutedsharesoutstanding": -161987763
    },
    {
        "date": "2015-06-29",
        "symbol": "VRSK",
        "period": "Q2",
        "netincomeloss": 163320000,
        "othercomprehensiveincomelossforeigncurrencytransactionandtranslationadjustmentnetoftax": -4209000,
        "othercomprehensiveincomelossavailableforsalesecuritiesadjustmentnetoftax": 7000,
        "othercomprehensiveincomelosspensionandotherpostretirementbenefitplansadjustmentnetoftax": -387000,
        "othercomprehensiveincomelossnetoftax": -3815000,
        "comprehensiveincomenetoftax": 159505000,
        "salesrevenueservicesnet": 171730000,
        "costofservices": 50414000,
        "sellinggeneralandadministrativeexpense": 19894000,
        "depreciationandamortization": 6351000,
        "amortizationofintangibleassets": 89000,
        "costsandexpenses": 343928000,
        "operatingincomeloss": 94982000,
        "investmentincomenonoperating": -221000,
        "derivativegainonderivative": 85187000,
        "interestexpense": 37662000,
        "nonoperatingincomeexpense": 47304000,
        "incomelossfromcontinuingoperationsbeforeincometaxesminorityinterestandincomelossfromequitymethodinvestments": 201026000,
        "incometaxexpensebenefit": 37706000,
        "incomelossfromcontinuingoperations": 163320000,
        "incomelossfromcontinuingoperationsperbasicshare": 0.99,
        "earningspersharebasic": 0.99,
        "incomelossfromcontinuingoperationsperdilutedshare": 0.97,
        "earningspersharediluted": 0.97,
        "weightedaveragenumberofsharesoutstandingbasic": 164141804,
        "weightedaveragenumberofdilutedsharesoutstanding": 167586100
    },
    {
        "date": "2015-03-30",
        "symbol": "VRSK",
        "period": "Q1",
        "netincomeloss": 98686000,
        "othercomprehensiveincomelossforeigncurrencytransactionandtranslationadjustmentnetoftax": -220000,
        "othercomprehensiveincomelossavailableforsalesecuritiesadjustmentnetoftax": 62000,
        "othercomprehensiveincomelosspensionandotherpostretirementbenefitplansadjustmentnetoftax": -614000,
        "othercomprehensiveincomelossnetoftax": 456000,
        "comprehensiveincomenetoftax": 99142000,
        "salesrevenueservicesnet": 170942000,
        "costofservices": 50972000,
        "sellinggeneralandadministrativeexpense": 19069000,
        "depreciationandamortization": 5962000,
        "amortizationofintangibleassets": 88000,
        "costsandexpenses": 77886000,
        "operatingincomeloss": 94851000,
        "investmentincomenonoperating": 3000,
        "interestexpense": 14190000,
        "nonoperatingincomeexpense": -14187000,
        "incomelossfromcontinuingoperationsbeforeincometaxesminorityinterestandincomelossfromequitymethodinvestments": -14187000,
        "incometaxexpensebenefit": -5253000,
        "incomelossfromcontinuingoperations": 98686000,
        "incomelossfromcontinuingoperationsperbasicshare": 0.62,
        "earningspersharebasic": 0.62,
        "incomelossfromcontinuingoperationsperdilutedshare": 0.61,
        "earningspersharediluted": 0.61,
        "weightedaveragenumberofsharesoutstandingbasic": 158087919,
        "weightedaveragenumberofdilutedsharesoutstanding": 161481213
    },
    {
        "date": "2014-09-29",
        "symbol": "VRSK",
        "period": "Q3",
        "netincomeloss": -122935000,
        "othercomprehensiveincomelossforeigncurrencytransactionandtranslationadjustmentnetoftax": -358000,
        "othercomprehensiveincomelossavailableforsalesecuritiesadjustmentnetoftax": 40000,
        "othercomprehensiveincomelosspensionandotherpostretirementbenefitplansadjustmentnetoftax": 103000,
        "othercomprehensiveincomelossnetoftax": -484000,
        "comprehensiveincomenetoftax": -122158000,
        "salesrevenueservicesnet": 369175000,
        "costofservices": -127679000,
        "sellinggeneralandadministrativeexpense": -100214000,
        "depreciationandamortization": 45494000,
        "amortizationofintangibleassets": 29966000,
        "costsandexpenses": -178899000,
        "operatingincomeloss": 427043000,
        "investmentincomenonoperating": -235000,
        "availableforsalesecuritiesgrossrealizedgainlossnet": 7000,
        "interestexpense": -7583000,
        "nonoperatingincomeexpense": -11394000,
        "incomelossfromcontinuingoperationsbeforeincometaxesminorityinterestandincomelossfromequitymethodinvestments": -13622000,
        "incometaxexpensebenefit": -21988000,
        "incomelossfromcontinuingoperations": 99015000,
        "incomelossfromdiscontinuedoperationsnetoftaxattributabletoreportingentity": 31595000,
        "incomelossfromcontinuingoperationsperbasicshare": 0.5999999999999999,
        "earningspersharebasic": 0.6000000000000001,
        "incomelossfromcontinuingoperationsperdilutedshare": 0.5800000000000001,
        "earningspersharediluted": 0.5800000000000002,
        "weightedaveragenumberofsharesoutstandingbasic": -158422,
        "weightedaveragenumberofdilutedsharesoutstanding": -146710
    },
    {
        "date": "2014-06-29",
        "symbol": "VRSK",
        "period": "Q2",
        "netincomeloss": -99173000,
        "othercomprehensiveincomelossforeigncurrencytransactionandtranslationadjustmentnetoftax": 102000,
        "othercomprehensiveincomelossavailableforsalesecuritiesadjustmentnetoftax": -53000,
        "othercomprehensiveincomelosspensionandotherpostretirementbenefitplansadjustmentnetoftax": 171000,
        "othercomprehensiveincomelossnetoftax": 688000,
        "comprehensiveincomenetoftax": -342172000,
        "salesrevenueservicesnet": 689274000,
        "costofservices": 219684000,
        "sellinggeneralandadministrativeexpense": 94882000,
        "depreciationandamortization": -9383000,
        "amortizationofintangibleassets": -6609000,
        "costsandexpenses": 397368000,
        "operatingincomeloss": -127625000,
        "investmentincomenonoperating": 50000,
        "availableforsalesecuritiesgrossrealizedgainlossnet": 126000,
        "interestexpense": 7599000,
        "nonoperatingincomeexpense": 3799000,
        "incomelossfromcontinuingoperationsbeforeincometaxesminorityinterestandincomelossfromequitymethodinvestments": -32520000,
        "incometaxexpensebenefit": 11989000,
        "incomelossfromcontinuingoperations": 88099000,
        "incomelossfromdiscontinuedoperationsnetoftaxattributabletoreportingentity": -31595000,
        "incomelossfromcontinuingoperationsperbasicshare": 0.53,
        "incomelossfromdiscontinuedoperationsnetoftaxperbasicshare": 0,
        "earningspersharebasic": 0.53,
        "incomelossfromcontinuingoperationsperdilutedshare": 0.52,
        "incomelossfromdiscontinuedoperationsnetoftaxperdilutedshare": 0,
        "earningspersharediluted": 0.5199999999999999,
        "weightedaveragenumberofsharesoutstandingbasic": -319176,
        "weightedaveragenumberofdilutedsharesoutstanding": -458912,
        "discontinuedoperationtaxeffectofdiscontinuedoperation": 0
    },
    {
        "date": "2014-03-30",
        "symbol": "VRSK",
        "period": "Q1",
        "netincomeloss": -125113000,
        "othercomprehensiveincomelossforeigncurrencytransactionandtranslationadjustmentnetoftax": 507000,
        "othercomprehensiveincomelossavailableforsalesecuritiesadjustmentnetoftax": 16000,
        "othercomprehensiveincomelosspensionandotherpostretirementbenefitplansadjustmentnetoftax": 143000,
        "othercomprehensiveincomelossnetoftax": 423000,
        "comprehensiveincomenetoftax": 116224000,
        "salesrevenueservicesnet": -2303000,
        "costofservices": 42266000,
        "sellinggeneralandadministrativeexpense": -391000,
        "depreciationandamortization": 16336000,
        "amortizationofintangibleassets": 11682000,
        "costsandexpenses": -2303000,
        "operatingincomeloss": 143628000,
        "investmentincomenonoperating": 55000,
        "availableforsalesecuritiesgrossrealizedgainlossnet": -11000,
        "interestexpense": 7000,
        "nonoperatingincomeexpense": -3845000,
        "incomelossfromcontinuingoperationsbeforeincometaxesminorityinterestandincomelossfromequitymethodinvestments": 5263000,
        "incometaxexpensebenefit": -5005000,
        "incomelossfromcontinuingoperations": 84441000,
        "incomelossfromdiscontinuedoperationsnetoftaxattributabletoreportingentity": 31356000,
        "incomelossfromcontinuingoperationsperbasicshare": 0.5,
        "incomelossfromdiscontinuedoperationsnetoftaxperbasicshare": 0.19,
        "earningspersharebasic": 0.69,
        "incomelossfromcontinuingoperationsperdilutedshare": 0.5,
        "incomelossfromdiscontinuedoperationsnetoftaxperdilutedshare": 0.18,
        "earningspersharediluted": 0.68,
        "weightedaveragenumberofsharesoutstandingbasic": 166981982,
        "weightedaveragenumberofdilutedsharesoutstanding": 170421489,
        "discontinuedoperationtaxeffectofdiscontinuedoperation": 23365000
    },
    {
        "date": "2013-09-29",
        "symbol": "VRSK",
        "period": "Q3",
        "netincomeloss": -114104000,
        "othercomprehensiveincomelossforeigncurrencytransactionandtranslationadjustmentnetoftax": 275000,
        "othercomprehensiveincomelossavailableforsalesecuritiesadjustmentnetoftax": 139000,
        "othercomprehensiveincomelosspensionandotherpostretirementbenefitplansadjustmentnetoftax": 1332000,
        "othercomprehensiveincomelossnetoftax": 390000,
        "comprehensiveincomenetoftax": 98187000,
        "salesrevenueservicesnet": 347350000,
        "costofservices": -2180000,
        "sellinggeneralandadministrativeexpense": 49113000,
        "depreciationandamortization": 14050000,
        "amortizationofintangibleassets": 2856000,
        "costsandexpenses": 74299000,
        "operatingincomeloss": 147290000,
        "interestexpense": -9000,
        "investmentincomenonoperating": 132000,
        "availableforsalesecuritiesgrossrealizedgainlossnet": 1000,
        "nonoperatingincomeexpense": -13615000,
        "incomelossfromcontinuingoperationsbeforeincometaxesminorityinterestandincomelossfromequitymethodinvestments": 142360000,
        "incometaxexpensebenefit": 50308000,
        "earningspersharebasic": 0.57,
        "earningspersharediluted": 0.56,
        "weightedaveragenumberofsharesoutstandingbasic": 168044100,
        "weightedaveragenumberofdilutedsharesoutstanding": 172154553
    },
    {
        "date": "2013-06-29",
        "symbol": "VRSK",
        "period": "Q2",
        "salesrevenueservicesnet": 36970000,
        "costofservices": 48459000,
        "sellinggeneralandadministrativeexpense": 19603000,
        "depreciationandamortization": 3670000,
        "amortizationofintangibleassets": 88000,
        "costsandexpenses": -4431000,
        "operatingincomeloss": 82439000,
        "interestexpense": 13639000,
        "investmentincomenonoperating": 5000,
        "availableforsalesecuritiesgrossrealizedgainlossnet": 93000,
        "nonoperatingincomeexpense": -13634000,
        "incomelossfromcontinuingoperationsbeforeincometaxesminorityinterestandincomelossfromequitymethodinvestments": -13634000,
        "incometaxexpensebenefit": -5034000,
        "netincomeloss": 84205000,
        "earningspersharebasic": 0.5,
        "earningspersharediluted": 0.49,
        "weightedaveragenumberofsharesoutstandingbasic": 168147069,
        "weightedaveragenumberofdilutedsharesoutstanding": 172467688,
        "othercomprehensiveincomelossforeigncurrencytransactionandtranslationadjustmentnetoftax": -275000,
        "othercomprehensiveincomeunrealizedholdinggainlossonsecuritiesarisingduringperiodnetoftax": -84000,
        "othercomprehensiveincomelosspensionandotherpostretirementbenefitplansadjustmentnetoftax": -948000,
        "othercomprehensiveincomelossnetoftax": 589000,
        "comprehensiveincomenetoftax": 84794000
    },
    {
        "date": "2013-03-30",
        "symbol": "VRSK",
        "period": "Q1",
        "salesrevenueservicesnet": 36163000,
        "costofservices": 46817000,
        "sellinggeneralandadministrativeexpense": 19573000,
        "depreciationandamortization": 3338000,
        "amortizationofintangibleassets": 88000,
        "costsandexpenses": -4923000,
        "operatingincomeloss": 82797000,
        "interestexpense": 13637000,
        "investmentincomenonoperating": 48000,
        "availableforsalesecuritiesgrossrealizedgainlossnet": -193000,
        "nonoperatingincomeexpense": -13637000,
        "incomelossfromcontinuingoperationsbeforeincometaxesminorityinterestandincomelossfromequitymethodinvestments": -13637000,
        "incometaxexpensebenefit": -5013000,
        "netincomeloss": 80511000,
        "earningspersharebasic": 0.48,
        "earningspersharediluted": 0.47,
        "weightedaveragenumberofsharesoutstandingbasic": 168078589,
        "weightedaveragenumberofdilutedsharesoutstanding": 172760641,
        "othercomprehensiveincomeunrealizedholdinggainlossonsecuritiesarisingduringperiodnetoftax": -230000,
        "othercomprehensiveincomelosspensionandotherpostretirementbenefitplansadjustmentnetoftax": -869000,
        "othercomprehensiveincomelossforeigncurrencytransactionandtranslationadjustmentnetoftax": -406000,
        "othercomprehensiveincomelossnetoftax": 233000,
        "comprehensiveincomenetoftax": 80744000
    },
    {
        "date": "2012-09-29",
        "symbol": "VRSK",
        "period": "Q3",
        "salesrevenueservicesnet": 8056000,
        "costofservices": 45040000,
        "sellinggeneralandadministrativeexpense": 19736000,
        "depreciationandamortization": 3278000,
        "amortizationofintangibleassets": 15442000,
        "costsandexpenses": -5057000,
        "operatingincomeloss": 75813000,
        "investmentincomenonoperating": 4000,
        "availableforsalesecuritiesgrossrealizedgainlossnet": -638000,
        "interestexpense": 10669000,
        "nonoperatingincomeexpense": -10665000,
        "incomelossfromcontinuingoperationsbeforeincometaxesminorityinterestandincomelossfromequitymethodinvestments": -10665000,
        "incometaxexpensebenefit": -3922000,
        "netincomeloss": 82911000,
        "earningspersharebasic": 0.5,
        "earningspersharediluted": 0.48,
        "weightedaveragenumberofsharesoutstandingbasic": 165978080,
        "weightedaveragenumberofdilutedsharesoutstanding": 171660543,
        "othercomprehensiveincomeunrealizedholdinggainlossonsecuritiesarisingduringperiodnetoftax": 96000,
        "othercomprehensiveincomelossforeigncurrencytransactionandtranslationadjustmentnetoftax": 4000,
        "othercomprehensiveincomelosspensionandotherpostretirementbenefitplansadjustmentnetoftax": -401000,
        "othercomprehensiveincomelossnetoftax": 501000,
        "comprehensiveincomenetoftax": 83412000
    },
    {
        "date": "2012-06-29",
        "symbol": "VRSK",
        "period": "Q2",
        "salesrevenueservicesnet": 373226000,
        "costofservices": 45305000,
        "sellinggeneralandadministrativeexpense": 22911000,
        "depreciationandamortization": 4069000,
        "amortizationofintangibleassets": 12187000,
        "costsandexpenses": 52910000,
        "operatingincomeloss": 71904000,
        "investmentincomenonoperating": 18000,
        "availableforsalesecuritiesgrossrealizedgainlossnet": -30000,
        "interestexpense": 9875000,
        "nonoperatingincomeexpense": -9857000,
        "incomelossfromcontinuingoperationsbeforeincometaxesminorityinterestandincomelossfromequitymethodinvestments": -9857000,
        "incometaxexpensebenefit": -3617000,
        "netincomeloss": 73331000,
        "earningspersharebasic": 0.44,
        "earningspersharediluted": 0.43,
        "weightedaveragenumberofsharesoutstandingbasic": 165946009,
        "weightedaveragenumberofdilutedsharesoutstanding": 171901349,
        "othercomprehensiveincomeunrealizedholdinggainlossonsecuritiesarisingduringperiodnetoftax": -116000,
        "othercomprehensiveincomeforeigncurrencytransactionandtranslationadjustmentnetoftaxperiodincreasedecrease": -287000,
        "othercomprehensiveincomedefinedbenefitplansadjustmentnetoftaxperiodincreasedecrease": 452000,
        "othercomprehensiveincomelossnetoftaxperiodincreasedecrease": 49000,
        "comprehensiveincomenetoftax": 73380000
    },
    {
        "date": "2012-03-30",
        "symbol": "VRSK",
        "period": "Q1",
        "salesrevenueservicesnet": 346501000,
        "costofservices": 45432000,
        "sellinggeneralandadministrativeexpense": 19602000,
        "depreciationandamortization": 3159000,
        "amortizationofintangibleassets": 8587000,
        "costsandexpenses": 37584000,
        "operatingincomeloss": 76776000,
        "investmentincomenonoperating": 18000,
        "availableforsalesecuritiesgrossrealizedgainlossnet": 330000,
        "interestexpense": 9869000,
        "nonoperatingincomeexpense": -9851000,
        "incomelossfromcontinuingoperationsbeforeincometaxesminorityinterestandincomelossfromequitymethodinvestments": -9851000,
        "incometaxexpensebenefit": -3616000,
        "netincomeloss": 74601000,
        "earningspersharebasic": 0.45,
        "earningspersharediluted": 0.44,
        "weightedaveragenumberofsharesoutstandingbasic": 164836992,
        "weightedaveragenumberofdilutedsharesoutstanding": 171350820,
        "othercomprehensiveincomeunrealizedholdinggainlossonsecuritiesarisingduringperiodnetoftax": -197000,
        "othercomprehensiveincomeforeigncurrencytransactionandtranslationadjustmentnetoftaxperiodincreasedecrease": 153000,
        "othercomprehensiveincomedefinedbenefitplansadjustmentnetoftaxperiodincreasedecrease": 928000,
        "othercomprehensiveincomelossnetoftaxperiodincreasedecrease": 884000,
        "comprehensiveincomenetoftax": 75485000
    },
    {
        "date": "2011-09-29",
        "symbol": "VRSK",
        "period": "Q3",
        "revenuefromrelatedparties": 4699000,
        "salesrevenueservicesnet": 340098000,
        "costofservices": -77384000,
        "sellinggeneralandadministrativeexpense": -156000,
        "depreciationandamortization": -1855000,
        "amortizationofintangibleassets": -8768000,
        "costsandexpenses": 82139000,
        "operatingincomeloss": 83382000,
        "investmentincomenonoperating": -1417000,
        "availableforsalesecuritiesgrossrealizedgainlossnet": -86000,
        "interestexpense": 7032000,
        "nonoperatingincomeexpense": -5834000,
        "incomelossfromcontinuingoperationsbeforeincometaxesminorityinterestandincomelossfromequitymethodinvestments": -117819000,
        "incometaxexpensebenefit": -50719000,
        "netincomeloss": 133192000,
        "earningspersharebasic": 0.42999999999999994,
        "earningspersharediluted": 0.4099999999999999,
        "weightedaveragenumberofsharesoutstandingbasic": -169262247,
        "weightedaveragenumberofdilutedsharesoutstanding": -177342273
    },
    {
        "date": "2011-06-29",
        "symbol": "VRSK",
        "period": "Q2",
        "revenuefromrelatedparties": 4787000,
        "salesrevenueservicesnet": 327280000,
        "costofservices": 114120000,
        "sellinggeneralandadministrativeexpense": 32564000,
        "depreciationandamortization": 8739000,
        "amortizationofintangibleassets": 8841000,
        "businesscombinationacquisitionrelatedcosts": -564000,
        "costsandexpenses": -5915000,
        "operatingincomeloss": 118561000,
        "investmentincomenonoperating": 1457000,
        "availableforsalesecuritiesgrossrealizedgainlossnet": 125000,
        "interestexpense": -1429000,
        "nonoperatingincomeexpense": -109000,
        "incomelossfromcontinuingoperationsbeforeincometaxesminorityinterestandincomelossfromequitymethodinvestments": -7681000,
        "incometaxexpensebenefit": 44525000,
        "netincomeloss": 3372000,
        "earningspersharebasic": 0.39,
        "earningspersharediluted": 0.38,
        "weightedaveragenumberofsharesoutstandingbasic": 166960806,
        "weightedaveragenumberofdilutedsharesoutstanding": 174634046
    },
    {
        "date": "2011-03-30",
        "symbol": "VRSK",
        "period": "Q1",
        "revenuefromrelatedparties": 4396000,
        "salesrevenueservicesnet": 312869000,
        "costofservices": 108783000,
        "sellinggeneralandadministrativeexpense": 30129000,
        "depreciationandamortization": 4318000,
        "amortizationofintangibleassets": 36000,
        "costsandexpenses": 35382000,
        "operatingincomeloss": -260000,
        "investmentincomenonoperating": -4000,
        "availableforsalesecuritiesgrossrealizedgainlossnet": 362000,
        "interestexpense": 9595000,
        "nonoperatingincomeexpense": -9219000,
        "incomelossfromcontinuingoperationsbeforeincometaxesminorityinterestandincomelossfromequitymethodinvestments": 110338000,
        "incometaxexpensebenefit": 625000,
        "netincomeloss": 65876000,
        "earningspersharebasic": 0.39,
        "earningspersharediluted": 0.37,
        "weightedaveragenumberofsharesoutstandingbasic": 169030227,
        "weightedaveragenumberofdilutedsharesoutstanding": 176964192
    }
]