[
    {
        "date": "2024-09-29",
        "symbol": "VTR",
        "period": "Q3",
        "operatingleaseleaseincome": 814036000,
        "revenuefromcontractwithcustomerexcludingassessedtax": -1617884000,
        "interestanddividendincomeoperating": 1881000,
        "interestandotherincome": 8204000,
        "revenues": 1236315000,
        "interestexpense": 150437000,
        "depreciationandamortization": 304268000,
        "directcostsofleasedandrentedpropertyorequipment": 867876000,
        "costofotherpropertyoperatingexpense": 1553000,
        "generalandadministrativeexpense": 35092000,
        "gainslossesonextinguishmentofdebt": 0,
        "businesscombinationacquisitionrelatedcosts": 8580000,
        "provisionforloanleaseandotherlosses": -56000,
        "professionalfees": 0,
        "othernonoperatingincomeexpense": -3935000,
        "costsandexpenses": 1217217000,
        "incomelossfromcontinuingoperationsbeforeincometaxesextraordinaryitemsnoncontrollinginterest": 19098000,
        "incomelossfromequitymethodinvestmentsandremeasurementgainonequityinterestinacquiree": 4629000,
        "gainlossondispositionofrealestate": 271000,
        "incometaxexpensebenefit": 3002000,
        "profitloss": 20996000,
        "netincomelossattributabletononcontrollinginterest": 1753000,
        "netincomelossavailabletocommonstockholdersbasic": 19243000,
        "incomelossfromcontinuingoperationsperbasicshare": 0.05,
        "earningspersharebasic": 0.049999999999999996,
        "incomelossfromcontinuingoperationsperdilutedshare": 0.05,
        "earningspersharediluted": 0.049999999999999996,
        "othercomprehensiveincomeforeigncurrencytransactionandtranslationgainlossarisingduringperiodnetoftax": 6908000,
        "othercomprehensiveincomeunrealizedholdinggainlossonsecuritiesarisingduringperiodnetoftax": 869000,
        "othercomprehensiveincomelosscashflowhedgegainlossafterreclassificationandtax": -29940000,
        "othercomprehensiveincomelossnetoftax": -22163000,
        "comprehensiveincomenetoftaxincludingportionattributabletononcontrollinginterest": -1167000,
        "comprehensiveincomenetoftaxattributabletononcontrollinginterest": 653000,
        "comprehensiveincomenetoftax": -1820000
    },
    {
        "date": "2024-06-29",
        "symbol": "VTR",
        "period": "Q2",
        "operatingleaseleaseincome": 153934000,
        "revenuefromcontractwithcustomerexcludingassessedtax": 817600000,
        "interestanddividendincomeoperating": 1436000,
        "interestandotherincome": 4825000,
        "revenues": 1200980000,
        "interestexpense": 149259000,
        "depreciationandamortization": 339848000,
        "directcostsofleasedandrentedpropertyorequipment": 603359000,
        "costofotherpropertyoperatingexpense": 1650000,
        "generalandadministrativeexpense": 37727000,
        "gainslossesonextinguishmentofdebt": -420000,
        "businesscombinationacquisitionrelatedcosts": 2886000,
        "provisionforloanleaseandotherlosses": -42000,
        "professionalfees": 37000,
        "othernonoperatingincomeexpense": -8128000,
        "costsandexpenses": 1220064000,
        "incomelossfromcontinuingoperationsbeforeincometaxesextraordinaryitemsnoncontrollinginterest": -19084000,
        "incomelossfromequitymethodinvestmentsandremeasurementgainonequityinterestinacquiree": -1652000,
        "gainlossondispositionofrealestate": 49670000,
        "incometaxexpensebenefit": 7766000,
        "incomelossfromcontinuingoperationsincludingportionattributabletononcontrollinginterest": 21168000,
        "profitloss": 21168000,
        "netincomelossattributabletononcontrollinginterest": 1781000,
        "netincomelossavailabletocommonstockholdersbasic": 19387000,
        "incomelossfromcontinuingoperationsperbasicshare": 0.05,
        "earningspersharebasic": 0.05,
        "incomelossfromcontinuingoperationsperdilutedshare": 0.05,
        "earningspersharediluted": 0.05,
        "othercomprehensiveincomeforeigncurrencytransactionandtranslationgainlossarisingduringperiodnetoftax": 3189000,
        "othercomprehensiveincomeunrealizedholdinggainlossonsecuritiesarisingduringperiodnetoftax": -842000,
        "othercomprehensiveincomelosscashflowhedgegainlossafterreclassificationandtax": -1570000,
        "othercomprehensiveincomelossnetoftax": 777000,
        "comprehensiveincomenetoftaxincludingportionattributabletononcontrollinginterest": 21945000,
        "comprehensiveincomenetoftaxattributabletononcontrollinginterest": 413000,
        "comprehensiveincomenetoftax": 21532000
    },
    {
        "date": "2024-03-30",
        "symbol": "VTR",
        "period": "Q1",
        "operatingleaseleaseincome": 155368000,
        "revenuefromcontractwithcustomerexcludingassessedtax": 813304000,
        "interestanddividendincomeoperating": 1289000,
        "interestandotherincome": 6780000,
        "revenues": 1199914000,
        "interestexpense": 149933000,
        "depreciationandamortization": 300255000,
        "directcostsofleasedandrentedpropertyorequipment": 609821000,
        "costofotherpropertyoperatingexpense": 1753000,
        "generalandadministrativeexpense": 48737000,
        "gainslossesonextinguishmentofdebt": -252000,
        "businesscombinationacquisitionrelatedcosts": 4677000,
        "provisionforloanleaseandotherlosses": -68000,
        "professionalfees": 15714000,
        "othernonoperatingincomeexpense": 1334000,
        "costsandexpenses": 1207416000,
        "incomelossfromcontinuingoperationsbeforeincometaxesextraordinaryitemsnoncontrollinginterest": -7502000,
        "incomelossfromequitymethodinvestmentsandremeasurementgainonequityinterestinacquiree": -8383000,
        "gainlossondispositionofrealestate": 341000,
        "incometaxexpensebenefit": -3004000,
        "incomelossfromcontinuingoperationsincludingportionattributabletononcontrollinginterest": -12540000,
        "profitloss": -12540000,
        "netincomelossattributabletononcontrollinginterest": 1772000,
        "netincomelossavailabletocommonstockholdersbasic": -14312000,
        "incomelossfromcontinuingoperationsperbasicshare": -0.03,
        "earningspersharebasic": -0.04,
        "incomelossfromcontinuingoperationsperdilutedshare": -0.03,
        "earningspersharediluted": -0.04,
        "othercomprehensiveincomeforeigncurrencytransactionandtranslationgainlossarisingduringperiodnetoftax": 3935000,
        "othercomprehensiveincomeunrealizedholdinggainlossonsecuritiesarisingduringperiodnetoftax": 120000,
        "othercomprehensiveincomelosscashflowhedgegainlossafterreclassificationandtax": 11022000,
        "othercomprehensiveincomelossnetoftax": 15077000,
        "comprehensiveincomenetoftaxincludingportionattributabletononcontrollinginterest": 2537000,
        "comprehensiveincomenetoftaxattributabletononcontrollinginterest": 646000,
        "comprehensiveincomenetoftax": 1891000
    },
    {
        "date": "2023-12-30",
        "symbol": "VTR",
        "period": "Q4",
        "operatingleaseleaseincome": 155302000,
        "revenuefromcontractwithcustomerexcludingassessedtax": 775195000,
        "interestanddividendincomeoperating": 1601000,
        "interestandotherincome": 5885000,
        "revenues": 1164392000,
        "interestexpense": 154853000,
        "depreciationandamortization": 435276000,
        "directcostsofleasedandrentedpropertyorequipment": 589765000,
        "costofotherpropertyoperatingexpense": 1487000,
        "generalandadministrativeexpense": 36382000,
        "businesscombinationacquisitionrelatedcosts": 3635000,
        "provisionforloanleaseandotherlosses": -75000,
        "costsandexpenses": 1277326000,
        "incomelossfromcontinuingoperationsbeforeincometaxesextraordinaryitemsnoncontrollinginterest": -112934000,
        "incomelossfromequitymethodinvestmentsandremeasurementgainonequityinterestinacquiree": -6886000,
        "gainlossondispositionofrealestate": 39802000,
        "incometaxexpensebenefit": 4698000,
        "incomelossfromcontinuingoperationsincludingportionattributabletononcontrollinginterest": -84716000,
        "profitloss": -84716000,
        "netincomelossattributabletononcontrollinginterest": 6103000,
        "netincomelossavailabletocommonstockholdersbasic": -90819000,
        "incomelossfromcontinuingoperationsperbasicshare": -0.22000000000000003,
        "earningspersharebasic": -0.22,
        "incomelossfromcontinuingoperationsperdilutedshare": -0.21000000000000002,
        "earningspersharediluted": -0.22,
        "othercomprehensiveincomeforeigncurrencytransactionandtranslationgainlossarisingduringperiodnetoftax": 3102000,
        "othercomprehensiveincomelosscashflowhedgegainlossafterreclassificationandtax": -32007000,
        "othercomprehensiveincomelossnetoftax": -30161000,
        "comprehensiveincomenetoftaxincludingportionattributabletononcontrollinginterest": -114877000,
        "comprehensiveincomenetoftaxattributabletononcontrollinginterest": 5517000,
        "comprehensiveincomenetoftax": -120394000
    },
    {
        "date": "2023-09-29",
        "symbol": "VTR",
        "period": "Q3",
        "operatingleaseleaseincome": 159812000,
        "revenuefromcontractwithcustomerexcludingassessedtax": 2177038000,
        "interestanddividendincomeoperating": 1208000,
        "interestandotherincome": 2754000,
        "revenues": 3319153000,
        "interestexpense": 147919000,
        "depreciationandamortization": 370377000,
        "directcostsofleasedandrentedpropertyorequipment": 1650714000,
        "costofotherpropertyoperatingexpense": 1472000,
        "generalandadministrativeexpense": 33297000,
        "businesscombinationacquisitionrelatedcosts": 7125000,
        "provisionforloanleaseandotherlosses": -66000,
        "othernonoperatingincomeexpense": -9432000,
        "costsandexpenses": 1226645000,
        "incomelossfromcontinuingoperationsbeforeincometaxesextraordinaryitemsnoncontrollinginterest": -76813000,
        "incomelossfromequitymethodinvestmentsandremeasurementgainonequityinterestinacquiree": -5119000,
        "gainlossondispositionofrealestate": 10711000,
        "incometaxexpensebenefit": -3435000,
        "incomelossfromcontinuingoperationsincludingportionattributabletononcontrollinginterest": -69559000,
        "profitloss": -69559000,
        "netincomelossattributabletononcontrollinginterest": 1565000,
        "netincomelossavailabletocommonstockholdersbasic": -71124000,
        "incomelossfromcontinuingoperationsperbasicshare": -0.16999999999999998,
        "earningspersharebasic": -0.18000000000000002,
        "incomelossfromcontinuingoperationsperdilutedshare": -0.18,
        "earningspersharediluted": -0.18000000000000002,
        "othercomprehensiveincomeforeigncurrencytransactionandtranslationgainlossarisingduringperiodnetoftax": -2858000,
        "othercomprehensiveincomelosscashflowhedgegainlossafterreclassificationandtax": 10042000,
        "othercomprehensiveincomelossnetoftax": 29432000,
        "comprehensiveincomenetoftaxincludingportionattributabletononcontrollinginterest": -62375000,
        "comprehensiveincomenetoftaxattributabletononcontrollinginterest": 379000,
        "comprehensiveincomenetoftax": -62754000
    },
    {
        "date": "2023-06-29",
        "symbol": "VTR",
        "period": "Q2",
        "operatingleaseleaseincome": 154355000,
        "revenuefromcontractwithcustomerexcludingassessedtax": 3437000,
        "interestanddividendincomeoperating": 6554000,
        "interestandotherincome": 1032000,
        "revenues": 7285000,
        "interestexpense": 143265000,
        "depreciationandamortization": 304689000,
        "directcostsofleasedandrentedpropertyorequipment": 3537000,
        "costofotherpropertyoperatingexpense": 1436000,
        "generalandadministrativeexpense": 34399000,
        "gainslossesonextinguishmentofdebt": 8300000.000000001,
        "businesscombinationacquisitionrelatedcosts": 3069000,
        "provisionforloanleaseandotherlosses": -12065000,
        "gainlossfromrealestateoperationsforeclosure": 29127000,
        "othernonoperatingincomeexpense": 17959000,
        "costsandexpenses": 1043724000,
        "incomelossfromcontinuingoperationsbeforeincometaxesextraordinaryitemsnoncontrollinginterest": 62634000,
        "incomelossfromequitymethodinvestmentsandremeasurementgainonequityinterestinacquiree": 31254000,
        "gainlossondispositionofrealestate": 1405000,
        "incometaxexpensebenefit": -8000000,
        "incomelossfromcontinuingoperationsincludingportionattributabletononcontrollinginterest": 105066000,
        "profitloss": 105066000,
        "netincomelossattributabletononcontrollinginterest": 1613000,
        "netincomelossavailabletocommonstockholdersbasic": 103453000,
        "incomelossfromcontinuingoperationsperbasicshare": 0.26,
        "earningspersharebasic": 0.26,
        "incomelossfromcontinuingoperationsperdilutedshare": 0.26,
        "earningspersharediluted": 0.26,
        "othercomprehensiveincomeforeigncurrencytransactionandtranslationgainlossarisingduringperiodnetoftax": 1881000,
        "othercomprehensiveincomelosscashflowhedgegainlossafterreclassificationandtax": 28001000,
        "othercomprehensiveincomelossnetoftax": 3965000,
        "comprehensiveincomenetoftaxincludingportionattributabletononcontrollinginterest": 134948000,
        "comprehensiveincomenetoftaxattributabletononcontrollinginterest": 5578000,
        "comprehensiveincomenetoftax": 129370000
    },
    {
        "date": "2023-03-30",
        "symbol": "VTR",
        "period": "Q1",
        "operatingleaseleaseincome": 149739000,
        "revenuefromcontractwithcustomerexcludingassessedtax": 3549000,
        "interestanddividendincomeoperating": 13589000,
        "interestandotherincome": 1743000,
        "revenues": 6997000,
        "interestexpense": 128075000,
        "depreciationandamortization": 282119000,
        "directcostsofleasedandrentedpropertyorequipment": 3796000,
        "costofotherpropertyoperatingexpense": 1706000,
        "generalandadministrativeexpense": 44798000,
        "businesscombinationacquisitionrelatedcosts": 1386000,
        "provisionforloanleaseandotherlosses": -8064000,
        "othernonoperatingincomeexpense": -7762000,
        "costsandexpenses": 1065713000,
        "incomelossfromcontinuingoperationsbeforeincometaxesextraordinaryitemsnoncontrollinginterest": 11532000,
        "incomelossfromequitymethodinvestmentsandremeasurementgainonequityinterestinacquiree": -5623000,
        "gainlossondispositionofrealestate": 10201000,
        "incometaxexpensebenefit": -2802000,
        "incomelossfromcontinuingoperationsincludingportionattributabletononcontrollinginterest": 18912000,
        "profitloss": 18912000,
        "netincomelossattributabletononcontrollinginterest": 1395000,
        "netincomelossavailabletocommonstockholdersbasic": 17517000,
        "incomelossfromcontinuingoperationsperbasicshare": 0.05,
        "earningspersharebasic": 0.04,
        "incomelossfromcontinuingoperationsperdilutedshare": 0.05,
        "earningspersharediluted": 0.04,
        "othercomprehensiveincomeforeigncurrencytransactionandtranslationgainlossarisingduringperiodnetoftax": 3899000,
        "othercomprehensiveincomelosscashflowhedgegainlossafterreclassificationandtax": -8802000,
        "othercomprehensiveincomelossnetoftax": -1234000,
        "comprehensiveincomenetoftaxincludingportionattributabletononcontrollinginterest": 14009000,
        "comprehensiveincomenetoftaxattributabletononcontrollinginterest": 161000,
        "comprehensiveincomenetoftax": 13848000
    },
    {
        "date": "2022-12-30",
        "symbol": "VTR",
        "period": "Q4",
        "operatingleaseleaseincome": 147081000,
        "revenuefromcontractwithcustomerexcludingassessedtax": 12760000,
        "interestanddividendincomeoperating": 14889000,
        "interestandotherincome": 1444000,
        "revenues": 6607000,
        "interestexpense": 123399000,
        "depreciationandamortization": 324178000,
        "directcostsofleasedandrentedpropertyorequipment": -1671605000,
        "costofotherpropertyoperatingexpense": 1721000,
        "generalandadministrativeexpense": 33540000,
        "businesscombinationacquisitionrelatedcosts": 13725000,
        "provisionforloanleaseandotherlosses": 19936000,
        "costsandexpenses": 1134497000,
        "incomelossfromcontinuingoperationsbeforeincometaxesextraordinaryitemsnoncontrollinginterest": -83072000,
        "incometaxexpensebenefit": -2619000,
        "incomelossfromcontinuingoperationsincludingportionattributabletononcontrollinginterest": -43384000,
        "profitloss": 4063000,
        "netincomelossattributabletononcontrollinginterest": 1635000,
        "netincomelossavailabletocommonstockholdersbasic": -45019000,
        "incomelossfromcontinuingoperationsperbasicshare": -0.11,
        "incomelossfromcontinuingoperationsperdilutedshare": -0.11,
        "othercomprehensiveincomeforeigncurrencytransactionandtranslationgainlossarisingduringperiodnetoftax": 12590000,
        "othercomprehensiveincomeunrealizedholdinggainlossonsecuritiesarisingduringperiodnetoftax": 1533000,
        "othercomprehensiveincomelosscashflowhedgegainlossafterreclassificationandtax": -1636000,
        "othercomprehensiveincomelossnetoftax": 1978000,
        "comprehensiveincomenetoftaxincludingportionattributabletononcontrollinginterest": -30897000,
        "comprehensiveincomenetoftaxattributabletononcontrollinginterest": 3612000,
        "comprehensiveincomenetoftax": -34509000
    },
    {
        "date": "2022-09-29",
        "symbol": "VTR",
        "period": "Q3",
        "operatingleaseleaseincome": 101136000,
        "revenuefromcontractwithcustomerexcludingassessedtax": 4003000,
        "interestanddividendincomeoperating": 12672000,
        "interestandotherincome": 489000,
        "revenues": 6619000,
        "interestexpense": 119413000,
        "depreciationandamortization": 301481000,
        "directcostsofleasedandrentedpropertyorequipment": 1620138000,
        "costofotherpropertyoperatingexpense": 1750000,
        "generalandadministrativeexpense": 35421000,
        "businesscombinationacquisitionrelatedcosts": 4782000,
        "provisionforloanleaseandotherlosses": -63000,
        "othernonoperatingincomeexpense": -9162000,
        "costsandexpenses": 1042346000,
        "incomelossfromcontinuingoperationsbeforeincometaxesextraordinaryitemsnoncontrollinginterest": -5070000,
        "incomelossfromequitymethodinvestments": 1970000,
        "gainlossondispositionofassets1": -2000000,
        "incometaxexpensebenefit": -6027000,
        "incomelossfromcontinuingoperationsincludingportionattributabletononcontrollinginterest": 3063000,
        "profitloss": 3063000,
        "netincomelossattributabletononcontrollinginterest": 1807000,
        "netincomelossavailabletocommonstockholdersbasic": 1256000,
        "incomelossfromcontinuingoperationsperbasicshare": 0.009999999999999995,
        "earningspersharebasic": 0,
        "incomelossfromcontinuingoperationsperdilutedshare": 0.009999999999999995,
        "earningspersharediluted": 0,
        "othercomprehensiveincomeforeigncurrencytransactionandtranslationgainlossarisingduringperiodnetoftax": -3685000,
        "othercomprehensiveincomeunrealizedholdinggainlossonsecuritiesarisingduringperiodnetoftax": -1252000,
        "othercomprehensiveincomelosscashflowhedgegainlossafterreclassificationandtax": 7870000,
        "othercomprehensiveincomelossnetoftax": -6113000,
        "comprehensiveincomenetoftaxincludingportionattributabletononcontrollinginterest": 5996000,
        "comprehensiveincomenetoftaxattributabletononcontrollinginterest": -4307000,
        "comprehensiveincomenetoftax": 10303000
    },
    {
        "date": "2022-06-29",
        "symbol": "VTR",
        "period": "Q2",
        "operatingleaseleaseincome": 149397000,
        "revenuefromcontractwithcustomerexcludingassessedtax": 3656000,
        "interestanddividendincomeoperating": 10752000,
        "interestandotherincome": 1166000,
        "revenues": 7072000,
        "interestexpense": 113951000,
        "depreciationandamortization": 283075000,
        "directcostsofleasedandrentedpropertyorequipment": 3585000,
        "costofotherpropertyoperatingexpense": 1410000,
        "generalandadministrativeexpense": 32915000,
        "gainslossesonextinguishmentofdebt": -7000,
        "businesscombinationacquisitionrelatedcosts": 13078000,
        "provisionforloanleaseandotherlosses": -62000,
        "othernonoperatingincomeexpense": -48116000,
        "costsandexpenses": 1066849000,
        "incomelossfromcontinuingoperationsbeforeincometaxesextraordinaryitemsnoncontrollinginterest": -43911000,
        "incomelossfromequitymethodinvestments": -1047000,
        "gainlossondispositionofassets1": 2400000,
        "incometaxexpensebenefit": -3790000,
        "incomelossfromcontinuingoperationsincludingportionattributabletononcontrollinginterest": -41202000,
        "profitloss": -41202000,
        "netincomelossattributabletononcontrollinginterest": 1214000,
        "netincomelossavailabletocommonstockholdersbasic": -42416000,
        "incomelossfromcontinuingoperationsperbasicshare": -0.1,
        "earningspersharebasic": -0.11,
        "incomelossfromcontinuingoperationsperdilutedshare": -0.1,
        "earningspersharediluted": -0.11,
        "othercomprehensiveincomeforeigncurrencytransactionandtranslationgainlossarisingduringperiodnetoftax": -11429000,
        "othercomprehensiveincomeunrealizedholdinggainlossonsecuritiesarisingduringperiodnetoftax": -1531000,
        "othercomprehensiveincomelosscashflowhedgegainlossafterreclassificationandtax": 14107000,
        "othercomprehensiveincomelossnetoftax": -1794000,
        "comprehensiveincomenetoftaxincludingportionattributabletononcontrollinginterest": -40055000,
        "comprehensiveincomenetoftaxattributabletononcontrollinginterest": -580000,
        "comprehensiveincomenetoftax": -39475000
    },
    {
        "date": "2022-03-30",
        "symbol": "VTR",
        "period": "Q1",
        "operatingleaseleaseincome": 200540000,
        "revenuefromcontractwithcustomerexcludingassessedtax": 3332000,
        "interestanddividendincomeoperating": 9847000,
        "interestandotherincome": 536000,
        "revenues": 7477000,
        "interestexpense": 110794000,
        "depreciationandamortization": 289064000,
        "directcostsofleasedandrentedpropertyorequipment": 63183000,
        "costofotherpropertyoperatingexpense": 1313000,
        "generalandadministrativeexpense": 42998000,
        "businesscombinationacquisitionrelatedcosts": 19992000,
        "provisionforloanleaseandotherlosses": -54000,
        "othernonoperatingincomeexpense": 27190000,
        "costsandexpenses": 979638000,
        "incomelossfromcontinuingoperationsbeforeincometaxesextraordinaryitemsnoncontrollinginterest": 37916000,
        "incomelossfromequitymethodinvestments": -4269000,
        "gainlossondispositionofassets1": 2200000,
        "incometaxexpensebenefit": -4490000,
        "incomelossfromcontinuingoperationsincludingportionattributabletononcontrollinginterest": 40592000,
        "profitloss": 40592000,
        "netincomelossattributabletononcontrollinginterest": 1860000,
        "netincomelossavailabletocommonstockholdersbasic": 38732000,
        "incomelossfromcontinuingoperationsperbasicshare": 0.1,
        "earningspersharebasic": 0.1,
        "incomelossfromcontinuingoperationsperdilutedshare": 0.1,
        "earningspersharediluted": 0.1,
        "othercomprehensiveincomeforeigncurrencytransactionandtranslationgainlossarisingduringperiodnetoftax": -9313000,
        "othercomprehensiveincomeunrealizedholdinggainlossonsecuritiesarisingduringperiodnetoftax": -588000,
        "othercomprehensiveincomelosscashflowhedgegainlossafterreclassificationandtax": 19036000,
        "othercomprehensiveincomelossnetoftax": 3911000,
        "comprehensiveincomenetoftaxincludingportionattributabletononcontrollinginterest": 49727000,
        "comprehensiveincomenetoftaxattributabletononcontrollinginterest": 5772000,
        "comprehensiveincomenetoftax": 43955000
    },
    {
        "date": "2021-09-29",
        "symbol": "VTR",
        "period": "Q3",
        "operatingleaseleaseincome": 181379000,
        "revenuefromcontractwithcustomerexcludingassessedtax": 558039000,
        "interestanddividendincomeoperating": 28729000,
        "interestandotherincome": 417000,
        "revenues": 976078000,
        "interestexpense": 108816000,
        "depreciationandamortization": 313596000,
        "directcostsofleasedandrentedpropertyorequipment": 453659000,
        "costofotherpropertyoperatingexpense": 522000,
        "generalandadministrativeexpense": 30259000,
        "gainslossesonextinguishmentofdebt": -29792000,
        "businesscombinationacquisitionrelatedcosts": 22662000,
        "provisionforloanleaseandotherlosses": -60000,
        "othernonoperatingincomeexpense": -33673000,
        "costsandexpenses": 1062588000,
        "incomelossfromcontinuingoperationsbeforeincometaxesextraordinaryitemsnoncontrollinginterest": -86510000,
        "incomelossfromequitymethodinvestments": 2772000,
        "gainlossondispositionofassets1": 150292000,
        "incometaxexpensebenefit": 3780000,
        "incomelossfromcontinuingoperationsincludingportionattributabletononcontrollinginterest": 62774000,
        "profitloss": 62774000,
        "netincomelossattributabletononcontrollinginterest": 2094000,
        "netincomelossavailabletocommonstockholdersbasic": 60680000,
        "incomelossfromcontinuingoperationsperbasicshare": 0.16,
        "earningspersharebasic": 0.16,
        "incomelossfromcontinuingoperationsperdilutedshare": 0.16,
        "earningspersharediluted": 0.16,
        "othercomprehensiveincomeforeigncurrencytransactionandtranslationgainlossarisingduringperiodnetoftax": -2763000,
        "othercomprehensiveincomeunrealizedholdinggainlossonsecuritiesarisingduringperiodnetoftax": -13638000,
        "othercomprehensiveincomelosscashflowhedgegainlossafterreclassificationandtax": 4578000,
        "othercomprehensiveincomelossnetoftax": -11823000,
        "comprehensiveincomenetoftaxincludingportionattributabletononcontrollinginterest": 50951000,
        "comprehensiveincomenetoftaxattributabletononcontrollinginterest": -418000,
        "comprehensiveincomenetoftax": 51369000
    },
    {
        "date": "2021-03-30",
        "symbol": "VTR",
        "period": "Q1",
        "operatingleaseleaseincome": 159885000,
        "revenuefromcontractwithcustomerexcludingassessedtax": 528650000,
        "interestanddividendincomeoperating": 19010000,
        "interestandotherincome": 341000,
        "revenues": 910291000,
        "interestexpense": 110767000,
        "depreciationandamortization": 314148000,
        "directcostsofleasedandrentedpropertyorequipment": 417829000,
        "costofotherpropertyoperatingexpense": 618000,
        "generalandadministrativeexpense": 40309000,
        "gainslossesonextinguishmentofdebt": -27090000,
        "businesscombinationacquisitionrelatedcosts": 4617000,
        "provisionforloanleaseandotherlosses": -8902000,
        "othernonoperatingincomeexpense": 9428000,
        "costsandexpenses": 965819000,
        "incomelossfromcontinuingoperationsbeforeequitymethodinvestmentsrealestatedispositionsincometaxesandnoncontrollinginterest": -55528000,
        "incomelossfromequitymethodinvestments": -250000,
        "gainlossondispositionofassets1": 2533000,
        "incometaxexpensebenefit": 2153000,
        "incomelossfromcontinuingoperationsincludingportionattributabletononcontrollinginterest": -55398000,
        "profitloss": -55398000,
        "netincomelossattributabletononcontrollinginterest": 1811000,
        "netincomelossavailabletocommonstockholdersbasic": -57209000,
        "incomelossfromcontinuingoperationsperbasicshare": -0.15,
        "earningspersharebasic": -0.15,
        "incomelossfromcontinuingoperationsperdilutedshare": -0.15,
        "earningspersharediluted": -0.15,
        "othercomprehensiveincomeforeigncurrencytransactionandtranslationgainlossarisingduringperiodnetoftax": -16000,
        "othercomprehensiveincomeunrealizedholdinggainlossonsecuritiesarisingduringperiodnetoftax": -4617000,
        "othercomprehensiveincomelosscashflowhedgegainlossafterreclassificationandtax": 9406000,
        "othercomprehensiveincomelossnetoftax": 4773000,
        "comprehensiveincomenetoftaxincludingportionattributabletononcontrollinginterest": -50625000,
        "comprehensiveincomenetoftaxattributabletononcontrollinginterest": 4726000,
        "comprehensiveincomenetoftax": -55351000
    },
    {
        "date": "2020-12-30",
        "symbol": "VTR",
        "period": "Q4",
        "revenuefromcontractwithcustomerexcludingassessedtax": 529739000,
        "interestanddividendincomeoperating": 18302000,
        "interestandotherincome": 644000,
        "revenues": 921165000,
        "interestexpense": 114208000,
        "depreciationandamortization": 261966000,
        "directcostsofleasedandrentedpropertyorequipment": 393309000,
        "costofotherpropertyoperatingexpense": 488000,
        "generalandadministrativeexpense": 23411000,
        "businesscombinationacquisitionrelatedcosts": 3683000,
        "costsandexpenses": 849713000,
        "gainlossondispositionofassets1": 22117000,
        "incometaxexpensebenefit": -679000,
        "incomelossfromcontinuingoperationsincludingportionattributabletononcontrollinginterest": 111953000,
        "profitloss": 111953000,
        "netincomelossattributabletononcontrollinginterest": 1502000,
        "netincomelossavailabletocommonstockholdersbasic": 110451000,
        "incomelossfromcontinuingoperationsperbasicshare": 0.2999999999999998,
        "earningspersharebasic": 0.2999999999999998,
        "incomelossfromcontinuingoperationsperdilutedshare": 0.2999999999999998,
        "earningspersharediluted": 0.2999999999999998,
        "othercomprehensiveincomeforeigncurrencytransactionandtranslationgainlossarisingduringperiodnetoftax": 8196000,
        "othercomprehensiveincomeunrealizedholdinggainlossonsecuritiesarisingduringperiodnetoftax": 6279000,
        "othercomprehensiveincomelossnetoftax": 16218000,
        "comprehensiveincomenetoftaxincludingportionattributabletononcontrollinginterest": 128171000,
        "comprehensiveincomenetoftaxattributabletononcontrollinginterest": 7032000,
        "comprehensiveincomenetoftax": 121139000
    },
    {
        "date": "2020-09-29",
        "symbol": "VTR",
        "period": "Q3",
        "operatingleaseleaseincome": 156136000,
        "revenuefromcontractwithcustomerexcludingassessedtax": 541322000,
        "interestanddividendincomeoperating": 18666000,
        "interestandotherincome": 572000,
        "revenues": 918940000,
        "interestexpense": 115505000,
        "depreciationandamortization": 249366000,
        "directcostsofleasedandrentedpropertyorequipment": 422653000,
        "costofotherpropertyoperatingexpense": 557000,
        "generalandadministrativeexpense": 34228000,
        "gainslossesonextinguishmentofdebt": -7386000,
        "businesscombinationacquisitionrelatedcosts": 11325000,
        "provisionforloanleaseandotherlosses": 4999000,
        "othernonoperatingincomeexpense": -3534000,
        "costsandexpenses": 921885000,
        "incomelossfromcontinuingoperationsbeforeequitymethodinvestmentsrealestatedispositionsincometaxesandnoncontrollinginterest": -2945000,
        "incomelossfromequitymethodinvestments": 865000,
        "gainlossondispositionofassets1": 12622000,
        "incometaxexpensebenefit": -3195000,
        "incomelossfromcontinuingoperationsincludingportionattributabletononcontrollinginterest": 13737000,
        "profitloss": 13737000,
        "netincomelossattributabletononcontrollinginterest": 986000,
        "netincomelossavailabletocommonstockholdersbasic": 12751000,
        "incomelossfromcontinuingoperationsperbasicshare": 0.04,
        "earningspersharebasic": 0.03,
        "incomelossfromcontinuingoperationsperdilutedshare": 0.04,
        "earningspersharediluted": 0.03,
        "othercomprehensiveincomeforeigncurrencytransactionandtranslationgainlossarisingduringperiodnetoftax": 7907000,
        "othercomprehensiveincomeunrealizedholdinggainlossonsecuritiesarisingduringperiodnetoftax": 10431000,
        "othercomprehensiveincomelosscashflowhedgegainlossafterreclassificationandtax": 1714000,
        "othercomprehensiveincomelossnetoftax": 20052000,
        "comprehensiveincomenetoftaxincludingportionattributabletononcontrollinginterest": 33789000,
        "comprehensiveincomenetoftaxattributabletononcontrollinginterest": 3320000,
        "comprehensiveincomenetoftax": 30469000
    },
    {
        "date": "2020-06-29",
        "symbol": "VTR",
        "period": "Q2",
        "operatingleaseleaseincome": 176240000,
        "revenuefromcontractwithcustomerexcludingassessedtax": 549329000,
        "interestanddividendincomeoperating": 19491000,
        "interestandotherincome": 1540000,
        "revenues": 943198000,
        "interestexpense": 123132000,
        "depreciationandamortization": 349594000,
        "directcostsofleasedandrentedpropertyorequipment": 432578000,
        "costofotherpropertyoperatingexpense": 543000,
        "generalandadministrativeexpense": 29984000,
        "businesscombinationacquisitionrelatedcosts": 6586000,
        "provisionforloanleaseandotherlosses": 29655000,
        "othernonoperatingincomeexpense": -3382000,
        "costsandexpenses": 1041481000,
        "incomelossfromcontinuingoperationsbeforeequitymethodinvestmentsrealestatedispositionsincometaxesandnoncontrollinginterest": -98283000,
        "incomelossfromequitymethodinvestments": -5850000,
        "gainlossondispositionofassets1": 1254000,
        "incometaxexpensebenefit": 56356000,
        "incomelossfromcontinuingoperationsincludingportionattributabletononcontrollinginterest": -159235000,
        "profitloss": -159235000,
        "netincomelossattributabletononcontrollinginterest": -2065000,
        "netincomelossavailabletocommonstockholdersbasic": -157170000,
        "incomelossfromcontinuingoperationsperbasicshare": -0.43,
        "earningspersharebasic": -0.42,
        "incomelossfromcontinuingoperationsperdilutedshare": -0.43,
        "earningspersharediluted": -0.42,
        "othercomprehensiveincomeforeigncurrencytransactionandtranslationgainlossarisingduringperiodnetoftax": -4309000,
        "othercomprehensiveincomeunrealizedholdinggainlossonsecuritiesarisingduringperiodnetoftax": 31440000,
        "othercomprehensiveincomelosscashflowhedgegainlossafterreclassificationandtax": -2788000,
        "othercomprehensiveincomelossnetoftax": 24343000,
        "comprehensiveincomenetoftaxincludingportionattributabletononcontrollinginterest": -134892000,
        "comprehensiveincomenetoftaxattributabletononcontrollinginterest": 1630000,
        "comprehensiveincomenetoftax": -136522000
    },
    {
        "date": "2020-03-30",
        "symbol": "VTR",
        "period": "Q1",
        "profitloss": 474730000,
        "othercomprehensiveincomeforeigncurrencytransactionandtranslationgainlossarisingduringperiodnetoftax": -8540000,
        "othercomprehensiveincomeunrealizedholdinggainlossonsecuritiesarisingduringperiodnetoftax": -51699000,
        "othercomprehensiveincomelosscashflowhedgegainlossafterreclassificationandtax": -18587000,
        "othercomprehensiveincomelossnetoftax": -78826000,
        "comprehensiveincomenetoftaxincludingportionattributabletononcontrollinginterest": 395904000,
        "comprehensiveincomenetoftaxattributabletononcontrollinginterest": -8369000,
        "comprehensiveincomenetoftax": 404273000,
        "operatingleaseleaseincome": 194862000,
        "revenuefromcontractwithcustomerexcludingassessedtax": 576770000,
        "interestanddividendincomeoperating": 24046000,
        "interestandotherincome": 4853000,
        "revenues": 1012054000,
        "interestexpense": 116696000,
        "depreciationandamortization": 248837000,
        "directcostsofleasedandrentedpropertyorequipment": 410131000,
        "costofotherpropertyoperatingexpense": 727000,
        "generalandadministrativeexpense": 42535000,
        "businesscombinationacquisitionrelatedcosts": 8218000,
        "othernonoperatingincomeexpense": -3708000,
        "costsandexpenses": 901689000,
        "incomelossfromcontinuingoperationsbeforeequitymethodinvestmentsrealestatedispositionsincometaxesandnoncontrollinginterest": 110365000,
        "incomelossfromequitymethodinvestments": -10876000,
        "gainlossondispositionofassets1": 226225000,
        "incometaxexpensebenefit": -149016000,
        "incomelossfromcontinuingoperationsincludingportionattributabletononcontrollinginterest": 474730000,
        "netincomelossattributabletononcontrollinginterest": 1613000,
        "netincomelossavailabletocommonstockholdersbasic": 473117000,
        "incomelossfromcontinuingoperationsperbasicshare": 1.27,
        "earningspersharebasic": 1.27,
        "incomelossfromcontinuingoperationsperdilutedshare": 1.26,
        "earningspersharediluted": 1.26
    },
    {
        "date": "2019-12-30",
        "symbol": "VTR",
        "period": "Q4",
        "profitloss": 12893000,
        "othercomprehensiveincomeforeigncurrencytransactionandtranslationgainlossarisingduringperiodnetoftax": 17499000,
        "othercomprehensiveincomeunrealizedholdinggainlossonsecuritiesarisingduringperiodnetoftax": 7900000,
        "othercomprehensiveincomelosscashflowhedgegainlossafterreclassificationandtax": 1262000,
        "othercomprehensiveincomelossnetoftax": 26661000,
        "comprehensiveincomenetoftaxincludingportionattributabletononcontrollinginterest": 39554000,
        "comprehensiveincomenetoftaxattributabletononcontrollinginterest": 2818000,
        "comprehensiveincomenetoftax": 36736000,
        "operatingleaseleaseincome": 191065000,
        "revenuefromcontractwithcustomerexcludingassessedtax": 568271000,
        "interestandotherincome": 875000,
        "revenues": 996004000,
        "interestexpense": 116707000,
        "depreciationandamortization": 348910000,
        "directcostsofleasedandrentedpropertyorequipment": 405564000,
        "generalandadministrativeexpense": 41627000,
        "gainslossesonextinguishmentofdebt": -39000,
        "businesscombinationacquisitionrelatedcosts": 4151000,
        "costsandexpenses": 983973000,
        "incomelossfromcontinuingoperationsbeforeequitymethodinvestmentsrealestatedispositionsincometaxesandnoncontrollinginterest": 12031000,
        "gainlossondispositionofassets1": 1389000,
        "incometaxexpensebenefit": 694000,
        "incomelossfromcontinuingoperationsincludingportionattributabletononcontrollinginterest": 12893000,
        "netincomelossattributabletononcontrollinginterest": 1450000,
        "netincomelossavailabletocommonstockholdersbasic": 11443000,
        "incomelossfromcontinuingoperationsperbasicshare": 0.020000000000000018,
        "earningspersharebasic": 0.020000000000000018,
        "incomelossfromcontinuingoperationsperdilutedshare": 0.030000000000000027,
        "earningspersharediluted": 0.010000000000000009
    },
    {
        "date": "2019-09-29",
        "symbol": "VTR",
        "period": "Q3",
        "profitloss": 86918000,
        "othercomprehensiveincomeforeigncurrencytransactionandtranslationgainlossarisingduringperiodnetoftax": -7011000,
        "othercomprehensiveincomeunrealizedholdinggainlossonsecuritiesarisingduringperiodnetoftax": -3162000,
        "othercomprehensiveincomelosscashflowhedgegainlossafterreclassificationandtax": -10013000,
        "othercomprehensiveincomelossnetoftax": -20186000,
        "comprehensiveincomenetoftaxincludingportionattributabletononcontrollinginterest": 66732000,
        "comprehensiveincomenetoftaxattributabletononcontrollinginterest": 1659000,
        "comprehensiveincomenetoftax": 65073000,
        "operatingleaseleaseincome": 193383000,
        "revenuefromcontractwithcustomerexcludingassessedtax": 541090000,
        "interestanddividendincomeoperating": 30164000,
        "interestandotherincome": 620000,
        "revenues": 983155000,
        "interestexpense": 113967000,
        "depreciationandamortization": 234603000,
        "directcostsofleasedandrentedpropertyorequipment": 388011000,
        "costofotherpropertyoperatingexpense": 627000,
        "generalandadministrativeexpense": 40530000,
        "gainslossesonextinguishmentofdebt": -37434000,
        "businesscombinationacquisitionrelatedcosts": 4304000,
        "othernonoperatingincomeexpense": -2164000,
        "costsandexpenses": 895122000,
        "incomelossfromcontinuingoperationsbeforeequitymethodinvestmentsrealestatedispositionsincometaxesandnoncontrollinginterest": 88033000,
        "incomelossfromequitymethodinvestments": 854000,
        "gainlossondispositionofassets1": 36000,
        "incometaxexpensebenefit": 2005000,
        "incomelossfromcontinuingoperationsincludingportionattributabletononcontrollinginterest": 86918000,
        "netincomelossattributabletononcontrollinginterest": 1659000,
        "netincomelossavailabletocommonstockholdersbasic": 85259000,
        "incomelossfromcontinuingoperationsperbasicshare": 0.23,
        "earningspersharebasic": 0.23,
        "incomelossfromcontinuingoperationsperdilutedshare": 0.23,
        "earningspersharediluted": 0.23
    },
    {
        "date": "2019-06-29",
        "symbol": "VTR",
        "period": "Q2",
        "profitloss": 211898000,
        "othercomprehensiveincomeforeigncurrencytransactionandtranslationgainlossarisingduringperiodnetoftax": -8586000,
        "othercomprehensiveincomeunrealizedholdinggainlossonsecuritiesarisingduringperiodnetoftax": -2395000,
        "othercomprehensiveincomelosscashflowhedgegainlossafterreclassificationandtax": -16625000,
        "othercomprehensiveincomelossnetoftax": -27606000,
        "comprehensiveincomenetoftaxincludingportionattributabletononcontrollinginterest": 184292000,
        "comprehensiveincomenetoftaxattributabletononcontrollinginterest": 1369000,
        "comprehensiveincomenetoftax": 182923000,
        "operatingleaseleaseincome": 196382000,
        "revenuefromcontractwithcustomerexcludingassessedtax": 520725000,
        "investmentincomenet": 19529000,
        "interestandotherincome": 9202000,
        "revenues": 950717000,
        "interestexpense": 110369000,
        "depreciationandamortization": 226187000,
        "directcostsofleasedandrentedpropertyorequipment": 366837000,
        "costofotherpropertyoperatingexpense": 515000,
        "generalandadministrativeexpense": 43079000,
        "gainslossesonextinguishmentofdebt": -4022000,
        "businesscombinationacquisitionrelatedcosts": 4600000,
        "othergeneralexpense": -11481000,
        "costsandexpenses": 813192000,
        "incomelossfromcontinuingoperationsbeforeequitymethodinvestmentsrealestatedispositionsincometaxesandnoncontrollinginterest": 137525000,
        "incomelossfromequitymethodinvestmentsandremeasurementgainonequityinterestinacquiree": -2529000,
        "gainlossondispositionofassets1": 19150000,
        "incometaxexpensebenefit": -57752000,
        "incomelossfromcontinuingoperationsincludingportionattributabletononcontrollinginterest": 211898000,
        "netincomelossattributabletononcontrollinginterest": 1369000,
        "netincomelossavailabletocommonstockholdersbasic": 210529000,
        "incomelossfromcontinuingoperationsperbasicshare": 0.59,
        "earningspersharebasic": 0.58,
        "incomelossfromcontinuingoperationsperdilutedshare": 0.58,
        "earningspersharediluted": 0.58
    },
    {
        "date": "2019-03-30",
        "symbol": "VTR",
        "period": "Q1",
        "profitloss": 127588000,
        "othercomprehensiveincomeforeigncurrencytransactionandtranslationgainlossarisingduringperiodnetoftax": 3827000,
        "othercomprehensiveincomeunrealizedholdinggainlossonsecuritiesarisingduringperiodnetoftax": 9291000,
        "othercomprehensiveincomelosscashflowhedgegainlossafterreclassificationandtax": -5438000,
        "othercomprehensiveincomelossnetoftax": 7680000,
        "comprehensiveincomenetoftaxincludingportionattributabletononcontrollinginterest": 135268000,
        "comprehensiveincomenetoftaxattributabletononcontrollinginterest": 1803000,
        "comprehensiveincomenetoftax": 133465000,
        "operatingleaseleaseincome": 200068000,
        "revenuefromcontractwithcustomerexcludingassessedtax": 521447000,
        "investmentincomenet": 17126000,
        "interestandotherincome": 287000,
        "revenues": 942874000,
        "interestexpense": 110619000,
        "depreciationandamortization": 235920000,
        "directcostsofleasedandrentedpropertyorequipment": 360986000,
        "costofservicesexcludingdepreciationdepletionandamortization": 633000,
        "generalandadministrativeexpense": 40760000,
        "gainslossesonextinguishmentofdebt": -405000,
        "businesscombinationacquisitionrelatedcosts": 2180000,
        "othergeneralexpense": 23000,
        "costsandexpenses": 821044000,
        "incomelossfromcontinuingoperationsbeforeequitymethodinvestmentsrealestatedispositionsincometaxesandnoncontrollinginterest": 121830000,
        "incomelossfromequitymethodinvestmentsandremeasurementgainonequityinterestinacquiree": -946000,
        "gainlossondispositionofassets1": 5447000,
        "incometaxexpensebenefit": -1257000,
        "incomelossfromcontinuingoperationsincludingportionattributabletononcontrollinginterest": 127588000,
        "netincomelossattributabletononcontrollinginterest": 1803000,
        "netincomelossavailabletocommonstockholdersbasic": 125785000,
        "incomelossfromcontinuingoperationsperbasicshare": 0.36,
        "earningspersharebasic": 0.35,
        "incomelossfromcontinuingoperationsperdilutedshare": 0.35,
        "earningspersharediluted": 0.35
    },
    {
        "date": "2018-12-30",
        "symbol": "VTR",
        "period": "Q4",
        "profitloss": 63302000,
        "othercomprehensiveincomeforeigncurrencytransactionandtranslationgainlossarisingduringperiodnetoftax": -1375000,
        "othercomprehensiveincomeunrealizedholdinggainlossonsecuritiesarisingduringperiodnetoftax": -2872000,
        "othercomprehensiveincomeothernetoftax": -7388000,
        "othercomprehensiveincomelossnetoftax": -11635000,
        "comprehensiveincomenetoftaxincludingportionattributabletononcontrollinginterest": 51667000,
        "comprehensiveincomenetoftaxattributabletononcontrollinginterest": 1029000,
        "comprehensiveincomenetoftax": 50638000,
        "investmentincomenet": 18512000,
        "interestandotherincome": 357000,
        "operatingleasesincomestatementleaserevenue": 189168000,
        "revenues": 923263000,
        "interestexpense": 110524000,
        "depreciationandamortization": 244276000,
        "generalandadministrativeexpense": 38475000,
        "gainslossesonextinguishmentofdebt": -7843000,
        "businesscombinationacquisitionrelatedcosts": 4259000,
        "othergeneralexpense": 58877000,
        "directcostsofleasedandrentedpropertyorequipment": 366148000,
        "costsandexpenses": 891757000,
        "incomelossfromcontinuingoperationsbeforeincometaxesminorityinterestandincomelossfromequitymethodinvestments": 31506000,
        "incomelossfromequitymethodinvestmentsandremeasurementgainonequityinterestinacquiree": -7208000,
        "incometaxexpensebenefit": -28650000,
        "incomelossfromcontinuingoperationsincludingportionattributabletononcontrollinginterest": 99195000,
        "netincomelossattributabletononcontrollinginterest": 1029000,
        "netincomelossavailabletocommonstockholdersbasic": 62273000,
        "incomelossfromcontinuingoperationsperbasicshare": 0.2799999999999999,
        "earningspersharebasic": 0.1799999999999999,
        "incomelossfromcontinuingoperationsperdilutedshare": 0.2799999999999999,
        "earningspersharediluted": 0.1699999999999999,
        "weightedaveragenumberofsharesoutstandingbasic": 41000,
        "weightedaveragenumberofdilutedsharesoutstanding": 233000
    },
    {
        "date": "2018-09-29",
        "symbol": "VTR",
        "period": "Q3",
        "profitloss": 103281000,
        "othercomprehensiveincomeforeigncurrencytransactionandtranslationgainlossarisingduringperiodnetoftax": -5018000,
        "othercomprehensiveincomeunrealizedholdinggainlossonsecuritiesarisingduringperiodnetoftax": 5131000,
        "othercomprehensiveincomeothernetoftax": 2801000,
        "othercomprehensiveincomelossnetoftax": 2914000,
        "comprehensiveincomenetoftaxincludingportionattributabletononcontrollinginterest": 106195000,
        "comprehensiveincomenetoftaxattributabletononcontrollinginterest": 1309000,
        "comprehensiveincomenetoftax": 104886000,
        "operatingleasesincomestatementleaserevenue": -196443000,
        "investmentincomenet": 18108000,
        "interestandotherincome": 12554000,
        "revenues": 936538000,
        "interestexpense": 107581000,
        "depreciationandamortization": 218579000,
        "directcostsofleasedandrentedpropertyorequipment": 245727000,
        "generalandadministrativeexpense": 39677000,
        "gainslossesonextinguishmentofdebt": -39527000,
        "businesscombinationacquisitionrelatedcosts": 4458000,
        "othergeneralexpense": 1244000,
        "costsandexpenses": 839886000,
        "incomelossfromcontinuingoperationsbeforeincometaxesminorityinterestandincomelossfromequitymethodinvestments": 96652000,
        "incomelossfromequitymethodinvestmentsandremeasurementgainonequityinterestinacquiree": -716000,
        "incometaxexpensebenefit": -7327000,
        "incomelossfromcontinuingoperationsincludingportionattributabletononcontrollinginterest": 103263000,
        "gainlossonrealestatedispositionsnotincludedindiscontinuedoperations": 18000,
        "netincomelossattributabletononcontrollinginterest": 1309000,
        "netincomelossavailabletocommonstockholdersbasic": 101972000,
        "incomelossfromcontinuingoperationsperbasicshare": 0.29000000000000004,
        "earningspersharebasic": 0.28,
        "incomelossfromcontinuingoperationsperdilutedshare": 0.29000000000000004,
        "earningspersharediluted": 0.2899999999999999,
        "weightedaveragenumberofsharesoutstandingbasic": 49000,
        "weightedaveragenumberofdilutedsharesoutstanding": 137000,
        "commonstockdividendspersharedeclared": 0.79
    },
    {
        "date": "2018-06-29",
        "symbol": "VTR",
        "period": "Q2",
        "profitloss": 170695000,
        "othercomprehensiveincomeforeigncurrencytransactionandtranslationgainlossarisingduringperiodnetoftax": -15246000,
        "othercomprehensiveincomeunrealizedholdinggainlossonsecuritiesarisingduringperiodnetoftax": 12857000,
        "othercomprehensiveincomeothernetoftax": 6002000,
        "othercomprehensiveincomelossnetoftax": 3613000,
        "comprehensiveincomenetoftaxincludingportionattributabletononcontrollinginterest": 329319000,
        "comprehensiveincomenetoftaxattributabletononcontrollinginterest": 2781000,
        "comprehensiveincomenetoftax": 325143000,
        "rentalincomefromtriplenetleases": 167870000,
        "rentalincomefrommedicalofficebuildings": 192392000,
        "operatingleasesincomestatementleaserevenue": 554430000,
        "otherrealestaterevenue": 518989000,
        "managementfeeandconstructionrevenue": 6475000,
        "investmentincomenet": 56417000,
        "interestandotherincome": 2347000,
        "revenues": 998264000,
        "interestexpense": 142080000,
        "depreciationandamortization": 455340000,
        "directcostsofleasingandoperatingseniorlivingrealestateproperty": 361112000,
        "directcostsofleasingandoperatingmedicalofficebuildings": 60301000,
        "directcostsofleasedandrentedpropertyorequipment": 482106000,
        "constructionanddevelopmentcosts": 534000,
        "generalandadministrativeexpense": 69780000,
        "gainslossesonextinguishmentofdebt": 93000,
        "businesscombinationacquisitionrelatedcosts": 20740000,
        "othergeneralexpense": 5696000,
        "costsandexpenses": 1530487000,
        "incomelossfromcontinuingoperationsbeforeincometaxesminorityinterestandincomelossfromequitymethodinvestments": 312329000,
        "incomelossfromequitymethodinvestmentsandremeasurementgainonequityinterestinacquiree": -8456000,
        "incometaxexpensebenefit": -734000,
        "incomelossfromcontinuingoperationsincludingportionattributabletononcontrollinginterest": 269195000,
        "incomelossfromdiscontinuedoperationsnetoftax": 0,
        "gainlossonrealestatedispositionsnotincludedindiscontinuedoperations": 35827000,
        "netincomelossattributabletononcontrollinginterest": 2781000,
        "netincomelossavailabletocommonstockholdersbasic": 300884000,
        "incomelossfromcontinuingoperationsperbasicshare": 0.38,
        "earningspersharebasic": 0.47,
        "incomelossfromcontinuingoperationsperdilutedshare": 0.37,
        "earningspersharediluted": 0.4600000000000001,
        "weightedaveragenumberofsharesoutstandingbasic": 63000,
        "weightedaveragenumberofdilutedsharesoutstanding": 78000,
        "commonstockdividendspersharedeclared": 0.79
    },
    {
        "date": "2018-03-30",
        "symbol": "VTR",
        "period": "Q1",
        "profitloss": 78703000,
        "othercomprehensiveincomeforeigncurrencytransactionandtranslationgainlossarisingduringperiodnetoftax": 12203000,
        "othercomprehensiveincomeunrealizedholdinggainlossonsecuritiesarisingduringperiodnetoftax": -172000,
        "othercomprehensiveincomeothernetoftax": 8615000,
        "othercomprehensiveincomelossnetoftax": 20646000,
        "comprehensiveincomenetoftaxincludingportionattributabletononcontrollinginterest": -55662000,
        "comprehensiveincomenetoftaxattributabletononcontrollinginterest": 1395000,
        "comprehensiveincomenetoftax": -55662000,
        "rentalincomefromtriplenetleases": 190641000,
        "rentalincomefrommedicalofficebuildings": 194168000,
        "operatingleasesincomestatementleaserevenue": 190641000,
        "otherrealestaterevenue": 514753000,
        "managementfeeandconstructionrevenue": 1142000,
        "investmentincomenet": 31181000,
        "interestandotherincome": 9634000,
        "revenues": 887745000,
        "interestexpense": 82312000,
        "depreciationandamortization": 1444000,
        "directcostsofleasingandoperatingseniorlivingrealestateproperty": 352220000,
        "directcostsofleasingandoperatingmedicalofficebuildings": 60693000,
        "directcostsofleasedandrentedpropertyorequipment": 352220000,
        "constructionanddevelopmentcosts": 115000,
        "generalandadministrativeexpense": 4050000,
        "gainslossesonextinguishmentofdebt": -10977000,
        "businesscombinationacquisitionrelatedcosts": 1090000,
        "othergeneralexpense": 951000,
        "costsandexpenses": 98855000,
        "incomelossfromcontinuingoperationsbeforeincometaxesminorityinterestandincomelossfromequitymethodinvestments": -55662000,
        "incomelossfromequitymethodinvestmentsandremeasurementgainonequityinterestinacquiree": -38654000,
        "incometaxexpensebenefit": -3242000,
        "incomelossfromcontinuingoperationsincludingportionattributabletononcontrollinginterest": -55662000,
        "incomelossfromdiscontinuedoperationsnetoftax": -10000,
        "gainlossonrealestatedispositionsnotincludedindiscontinuedoperations": 48000,
        "netincomelossattributabletononcontrollinginterest": 1395000,
        "netincomelossavailabletocommonstockholdersbasic": -55662000,
        "incomelossfromcontinuingoperationsperbasicshare": 0.22,
        "earningspersharebasic": 0.22,
        "incomelossfromcontinuingoperationsperdilutedshare": 0.22,
        "earningspersharediluted": 0.22,
        "weightedaveragenumberofsharesoutstandingbasic": 356112000,
        "weightedaveragenumberofdilutedsharesoutstanding": 358853000,
        "commonstockdividendspersharedeclared": 0.79
    },
    {
        "date": "2017-12-30",
        "symbol": "VTR",
        "period": "Q4",
        "profitloss": 1419293000,
        "othercomprehensiveincomeforeigncurrencytransactionandtranslationgainlossarisingduringperiodnetoftax": 3005000,
        "othercomprehensiveincomeunrealizedholdinggainlossonsecuritiesarisingduringperiodnetoftax": -204000,
        "othercomprehensiveincomeothernetoftax": 2859000,
        "othercomprehensiveincomelossnetoftax": 5550000,
        "comprehensiveincomenetoftaxincludingportionattributabletononcontrollinginterest": -89611000,
        "comprehensiveincomenetoftaxattributabletononcontrollinginterest": 1251000,
        "comprehensiveincomenetoftax": -89611000,
        "rentalincomefromtriplenetleases": 205176000,
        "rentalincomefrommedicalofficebuildings": 191826000,
        "operatingleasesincomestatementleaserevenue": 366684000,
        "otherrealestaterevenue": 457101000,
        "managementfeeandconstructionrevenue": -1076000,
        "investmentincomenet": 32390000,
        "interestandotherincome": 5180000,
        "revenues": 1809370000,
        "interestexpense": 81318000,
        "depreciationandamortization": 1445000,
        "directcostsofleasingandoperatingseniorlivingrealestateproperty": 313769000,
        "directcostsofleasingandoperatingmedicalofficebuildings": 58279000,
        "directcostsofleasedandrentedpropertyorequipment": 625759000,
        "constructionanddevelopmentcosts": 1683000,
        "generalandadministrativeexpense": 3406000,
        "gainslossesonextinguishmentofdebt": 441000,
        "businesscombinationacquisitionrelatedcosts": -158000,
        "othergeneralexpense": -14322000,
        "costsandexpenses": 86266000,
        "incomelossfromcontinuingoperationsbeforeincometaxesminorityinterestandincomelossfromequitymethodinvestments": -89611000,
        "incomelossfromequitymethodinvestmentsandremeasurementgainonequityinterestinacquiree": -3975000,
        "incometaxexpensebenefit": -46680000,
        "incomelossfromcontinuingoperationsincludingportionattributabletononcontrollinginterest": -89611000,
        "incomelossfromdiscontinuedoperationsnetoftax": -15000,
        "gainlossonrealestatedispositionsnotincludedindiscontinuedoperations": 258275000,
        "netincomelossavailabletocommonstockholdersbasic": -89611000,
        "incomelossfromcontinuingoperationsperbasicshare": 0.5000000000000002,
        "earningspersharebasic": 1.1099999999999997,
        "incomelossfromcontinuingoperationsperdilutedshare": 0.5000000000000002,
        "earningspersharediluted": 1.0999999999999999,
        "weightedaveragenumberofsharesoutstandingbasic": -710037000,
        "weightedaveragenumberofdilutedsharesoutstanding": -716650000
    },
    {
        "date": "2017-09-29",
        "symbol": "VTR",
        "period": "Q3",
        "profitloss": -133159000,
        "othercomprehensiveincomeforeigncurrencytransactionandtranslationgainlossarisingduringperiodnetoftax": 5239000,
        "othercomprehensiveincomeunrealizedholdinggainlossonsecuritiesarisingduringperiodnetoftax": -48000,
        "othercomprehensiveincomeothernetoftax": -936000,
        "othercomprehensiveincomelossnetoftax": 4303000,
        "comprehensiveincomenetoftaxincludingportionattributabletononcontrollinginterest": -133159000,
        "comprehensiveincomenetoftaxattributabletononcontrollinginterest": 1233000,
        "comprehensiveincomenetoftax": -133159000,
        "rentalincomefromtriplenetleases": 212370000,
        "rentalincomefrommedicalofficebuildings": 189506000,
        "operatingleasesincomestatementleaserevenue": 212370000,
        "otherrealestaterevenue": 461700000,
        "managementfeeandconstructionrevenue": 1125000,
        "investmentincomenet": 32985000,
        "interestandotherincome": 171000,
        "revenues": 844370000,
        "interestexpense": 82007000,
        "depreciationandamortization": 1455000,
        "directcostsofleasingandoperatingseniorlivingrealestateproperty": 315598000,
        "directcostsofleasingandoperatingmedicalofficebuildings": 60609000,
        "directcostsofleasedandrentedpropertyorequipment": 315598000,
        "constructionanddevelopmentcosts": 418000,
        "generalandadministrativeexpense": 4240000,
        "gainslossesonextinguishmentofdebt": -504000,
        "businesscombinationacquisitionrelatedcosts": 443000,
        "othergeneralexpense": 11404000,
        "costsandexpenses": 88275000,
        "incomelossfromcontinuingoperationsbeforeincometaxesminorityinterestandincomelossfromequitymethodinvestments": -133159000,
        "incomelossfromequitymethodinvestmentsandremeasurementgainonequityinterestinacquiree": 1122000,
        "incometaxexpensebenefit": -7815000,
        "incomelossfromcontinuingoperationsincludingportionattributabletononcontrollinginterest": -133159000,
        "incomelossfromdiscontinuedoperationsnetoftax": -19000,
        "gainlossonrealestatedispositionsnotincludedindiscontinuedoperations": 458280000,
        "netincomelossattributabletononcontrollinginterest": 1233000,
        "netincomelossavailabletocommonstockholdersbasic": -133159000,
        "incomelossfromcontinuingoperationsperbasicshare": 0.44,
        "earningspersharebasic": 1.72,
        "incomelossfromcontinuingoperationsperdilutedshare": 0.44,
        "earningspersharediluted": 1.71,
        "weightedaveragenumberofsharesoutstandingbasic": 355929000,
        "weightedaveragenumberofdilutedsharesoutstanding": 359333000,
        "commonstockdividendspersharedeclared": 0.775
    },
    {
        "date": "2017-06-29",
        "symbol": "VTR",
        "period": "Q2",
        "profitloss": -127791000,
        "othercomprehensiveincomeforeigncurrencytransactionandtranslationgainlossarisingduringperiodnetoftax": 8286000,
        "othercomprehensiveincomeunrealizedholdinggainlossonsecuritiesarisingduringperiodnetoftax": -62000,
        "othercomprehensiveincomeothernetoftax": 398000,
        "othercomprehensiveincomelossnetoftax": 8684000,
        "comprehensiveincomenetoftaxincludingportionattributabletononcontrollinginterest": -127791000,
        "comprehensiveincomenetoftaxattributabletononcontrollinginterest": 1137000,
        "comprehensiveincomenetoftax": -127791000,
        "rentalincomefromtriplenetleases": 213258000,
        "rentalincomefrommedicalofficebuildings": 186240000,
        "operatingleasesincomestatementleaserevenue": 213258000,
        "otherrealestaterevenue": 460243000,
        "managementfeeandconstructionrevenue": 1125000,
        "investmentincomenet": 32368000,
        "interestandotherincome": 202000,
        "revenues": 844623000,
        "interestexpense": 81516000,
        "depreciationandamortization": 2239000,
        "directcostsofleasingandoperatingseniorlivingrealestateproperty": 308625000,
        "directcostsofleasingandoperatingmedicalofficebuildings": 57205000,
        "directcostsofleasedandrentedpropertyorequipment": 308625000,
        "constructionanddevelopmentcosts": 552000,
        "generalandadministrativeexpense": 4630000,
        "gainslossesonextinguishmentofdebt": -418000,
        "businesscombinationacquisitionrelatedcosts": 260000,
        "othergeneralexpense": 1382000,
        "costsandexpenses": 88886000,
        "incomelossfromcontinuingoperationsbeforeincometaxesminorityinterestandincomelossfromequitymethodinvestments": -127791000,
        "incomelossfromequitymethodinvestmentsandremeasurementgainonequityinterestinacquiree": 377000,
        "incometaxexpensebenefit": -2159000,
        "incomelossfromcontinuingoperationsincludingportionattributabletononcontrollinginterest": -127791000,
        "incomelossfromdiscontinuedoperationsnetoftax": -23000,
        "gainlossonrealestatedispositionsnotincludedindiscontinuedoperations": 719000,
        "netincomelossattributabletononcontrollinginterest": 1137000,
        "netincomelossavailabletocommonstockholdersbasic": -127791000,
        "incomelossfromcontinuingoperationsperbasicshare": 0.43,
        "earningspersharebasic": 0.43,
        "incomelossfromcontinuingoperationsperdilutedshare": 0.42,
        "earningspersharediluted": 0.42,
        "weightedaveragenumberofsharesoutstandingbasic": 355024000,
        "weightedaveragenumberofdilutedsharesoutstanding": 358311000,
        "commonstockdividendspersharedeclared": 0.775
    },
    {
        "date": "2017-03-30",
        "symbol": "VTR",
        "period": "Q1",
        "profitloss": 198127000,
        "othercomprehensiveincomeforeigncurrencytransactionandtranslationgainlossarisingduringperiodnetoftax": 4082000,
        "othercomprehensiveincomeunrealizedholdinggainlossonsecuritiesarisingduringperiodnetoftax": -123000,
        "othercomprehensiveincomeothernetoftax": -82000,
        "othercomprehensiveincomelossnetoftax": 3877000,
        "comprehensiveincomenetoftaxincludingportionattributabletononcontrollinginterest": -136681000,
        "comprehensiveincomenetoftaxattributabletononcontrollinginterest": 1021000,
        "comprehensiveincomenetoftax": -136681000,
        "rentalincomefromtriplenetleases": 209327000,
        "rentalincomefrommedicalofficebuildings": 185895000,
        "operatingleasesincomestatementleaserevenue": 47819000,
        "otherrealestaterevenue": 464188000,
        "managementfeeandconstructionrevenue": 3406000,
        "investmentincomenet": 19865000,
        "interestandotherincome": 481000,
        "revenues": -136681000,
        "interestexpense": 74789000,
        "depreciationandamortization": 2371000,
        "directcostsofleasingandoperatingseniorlivingrealestateproperty": 312073000,
        "directcostsofleasingandoperatingmedicalofficebuildings": 56914000,
        "directcostsofleasedandrentedpropertyorequipment": 83000,
        "constructionanddevelopmentcosts": 738000,
        "generalandadministrativeexpense": 4700000,
        "gainslossesonextinguishmentofdebt": -19000,
        "businesscombinationacquisitionrelatedcosts": 193000,
        "othergeneralexpense": 1537000,
        "costsandexpenses": 81962000,
        "incomelossfromcontinuingoperationsbeforeincometaxesminorityinterestandincomelossfromequitymethodinvestments": -136681000,
        "incomelossfromequitymethodinvestmentsandremeasurementgainonequityinterestinacquiree": 3321000,
        "incometaxexpensebenefit": -3145000,
        "incomelossfromcontinuingoperationsincludingportionattributabletononcontrollinginterest": -136681000,
        "incomelossfromdiscontinuedoperationsnetoftax": -53000,
        "gainlossonrealestatedispositionsnotincludedindiscontinuedoperations": -1000,
        "netincomelossattributabletononcontrollinginterest": 1021000,
        "netincomelossavailabletocommonstockholdersbasic": -136681000,
        "incomelossfromcontinuingoperationsperbasicshare": 0.44,
        "earningspersharebasic": 0.56,
        "incomelossfromcontinuingoperationsperdilutedshare": 0.44,
        "earningspersharediluted": 0.55,
        "weightedaveragenumberofsharesoutstandingbasic": 354410000,
        "weightedaveragenumberofdilutedsharesoutstanding": 357572000,
        "commonstockdividendspersharedeclared": 0.775
    },
    {
        "date": "2016-12-30",
        "symbol": "VTR",
        "period": "Q4",
        "profitloss": 767492000,
        "othercomprehensiveincomeforeigncurrencytransactionandtranslationgainlossarisingduringperiodnetoftax": -12462000,
        "othercomprehensiveincomeunrealizedholdinggainlossonsecuritiesarisingduringperiodnetoftax": -468000,
        "othercomprehensiveincomeothernetoftax": 5010000,
        "othercomprehensiveincomelossnetoftax": -7943000,
        "comprehensiveincomenetoftaxincludingportionattributabletononcontrollinginterest": -123631000,
        "comprehensiveincomenetoftaxattributabletononcontrollinginterest": 1195000,
        "comprehensiveincomenetoftax": -123631000,
        "rentalincomefromtriplenetleases": 210804000,
        "rentalincomefrommedicalofficebuildings": 183846000,
        "operatingleasesincomestatementleaserevenue": 210804000,
        "otherrealestaterevenue": 456919000,
        "managementfeeandconstructionrevenue": 1245000,
        "investmentincomenet": 20078000,
        "interestandotherincome": 84000,
        "revenues": 825039000,
        "interestexpense": 73497000,
        "depreciationandamortization": 2683000,
        "directcostsofleasingandoperatingseniorlivingrealestateproperty": 310303000,
        "directcostsofleasingandoperatingmedicalofficebuildings": 55165000,
        "directcostsofleasedandrentedpropertyorequipment": 310303000,
        "constructionanddevelopmentcosts": 1034000,
        "generalandadministrativeexpense": 4663000,
        "gainslossesonextinguishmentofdebt": 2972000,
        "businesscombinationacquisitionrelatedcosts": 561000,
        "othergeneralexpense": -4184000,
        "costsandexpenses": 80955000,
        "incomelossfromcontinuingoperationsbeforeincometaxesminorityinterestandincomelossfromequitymethodinvestments": -123631000,
        "incomelossfromequitymethodinvestmentsandremeasurementgainonequityinterestinacquiree": 1625000,
        "incometaxexpensebenefit": -2836000,
        "incomelossfromcontinuingoperationsincludingportionattributabletononcontrollinginterest": -123631000,
        "incomelossfromdiscontinuedoperationsnetoftax": -167000,
        "gainlossonrealestatedispositionsnotincludedindiscontinuedoperations": 66424000,
        "netincomelossattributabletononcontrollinginterest": 1195000,
        "netincomelossavailabletocommonstockholdersbasic": -123631000,
        "incomelossfromcontinuingoperationsperbasicshare": 0.5900000000000001,
        "earningspersharebasic": 0.5900000000000001,
        "incomelossfromcontinuingoperationsperdilutedshare": 0.5800000000000003,
        "earningspersharediluted": 0.5800000000000003,
        "weightedaveragenumberofsharesoutstandingbasic": -680031000,
        "weightedaveragenumberofdilutedsharesoutstanding": -687569000
    },
    {
        "date": "2016-09-29",
        "symbol": "VTR",
        "period": "Q3",
        "profitloss": -143501000,
        "othercomprehensiveincomeforeigncurrencytransactionandtranslationgainlossarisingduringperiodnetoftax": -6421000,
        "othercomprehensiveincomeunrealizedholdinggainlossonsecuritiesarisingduringperiodnetoftax": -92000,
        "othercomprehensiveincomeothernetoftax": 1094000,
        "othercomprehensiveincomelossnetoftax": -5327000,
        "comprehensiveincomenetoftaxincludingportionattributabletononcontrollinginterest": -143501000,
        "comprehensiveincomenetoftaxattributabletononcontrollinginterest": 732000,
        "comprehensiveincomenetoftax": -143501000,
        "rentalincomefromtriplenetleases": 210424000,
        "rentalincomefrommedicalofficebuildings": 158273000,
        "operatingleasesincomestatementleaserevenue": 210424000,
        "otherrealestaterevenue": 461974000,
        "managementfeeandconstructionrevenue": 1246000,
        "investmentincomenet": 31484000,
        "interestandotherincome": 562000,
        "revenues": 815719000,
        "interestexpense": 70371000,
        "depreciationandamortization": 2833000,
        "directcostsofleasingandoperatingseniorlivingrealestateproperty": 312145000,
        "directcostsofleasingandoperatingmedicalofficebuildings": 48972000,
        "directcostsofleasedandrentedpropertyorequipment": 312145000,
        "constructionanddevelopmentcosts": 974000,
        "generalandadministrativeexpense": 4940000,
        "gainslossesonextinguishmentofdebt": -340000,
        "businesscombinationacquisitionrelatedcosts": 265000,
        "othergeneralexpense": 4000,
        "costsandexpenses": 78568000,
        "incomelossfromcontinuingoperationsbeforeincometaxesminorityinterestandincomelossfromequitymethodinvestments": -143501000,
        "incomelossfromequitymethodinvestmentsandremeasurementgainonequityinterestinacquiree": 584000,
        "incometaxexpensebenefit": -8537000,
        "incomelossfromcontinuingoperationsincludingportionattributabletononcontrollinginterest": -143501000,
        "incomelossfromdiscontinuedoperationsnetoftax": -118000,
        "gainlossonrealestatedispositionsnotincludedindiscontinuedoperations": -144000,
        "netincomelossattributabletononcontrollinginterest": 732000,
        "netincomelossavailabletocommonstockholdersbasic": -143501000,
        "incomelossfromcontinuingoperationsperbasicshare": 0.43,
        "earningspersharebasic": 0.43,
        "incomelossfromcontinuingoperationsperdilutedshare": 0.42,
        "earningspersharediluted": 0.42,
        "weightedaveragenumberofsharesoutstandingbasic": 350274000,
        "weightedaveragenumberofdilutedsharesoutstanding": 354186000,
        "commonstockdividendspersharedeclared": 0.73
    },
    {
        "date": "2016-06-29",
        "symbol": "VTR",
        "period": "Q2",
        "profitloss": -123740000,
        "othercomprehensiveincomeforeigncurrencytransactionandtranslationgainlossarisingduringperiodnetoftax": -22715000,
        "othercomprehensiveincomeunrealizedholdinggainlossonsecuritiesarisingduringperiodnetoftax": 69000,
        "othercomprehensiveincomeothernetoftax": -1617000,
        "othercomprehensiveincomelossnetoftax": -24332000,
        "comprehensiveincomenetoftaxincludingportionattributabletononcontrollinginterest": -123740000,
        "comprehensiveincomenetoftaxattributabletononcontrollinginterest": 278000,
        "comprehensiveincomenetoftax": -123740000,
        "rentalincomefromtriplenetleases": 210119000,
        "rentalincomefrommedicalofficebuildings": 144087000,
        "operatingleasesincomestatementleaserevenue": 210119000,
        "otherrealestaterevenue": 464437000,
        "managementfeeandconstructionrevenue": 1231000,
        "investmentincomenet": 24146000,
        "interestandotherincome": 111000,
        "revenues": 797394000,
        "interestexpense": 69011000,
        "depreciationandamortization": 2867000,
        "directcostsofleasingandoperatingseniorlivingrealestateproperty": 307989000,
        "directcostsofleasingandoperatingmedicalofficebuildings": 43966000,
        "directcostsofleasedandrentedpropertyorequipment": 307989000,
        "constructionanddevelopmentcosts": 1852000,
        "generalandadministrativeexpense": 4213000,
        "gainslossesonextinguishmentofdebt": -2432000,
        "businesscombinationacquisitionrelatedcosts": 481000,
        "othergeneralexpense": 4000,
        "costsandexpenses": 78604000,
        "incomelossfromcontinuingoperationsbeforeincometaxesminorityinterestandincomelossfromequitymethodinvestments": -123740000,
        "incomelossfromequitymethodinvestmentsandremeasurementgainonequityinterestinacquiree": 825000,
        "incometaxexpensebenefit": -11549000,
        "incomelossfromcontinuingoperationsincludingportionattributabletononcontrollinginterest": -123740000,
        "incomelossfromdiscontinuedoperationsnetoftax": -148000,
        "gainlossonrealestatedispositionsnotincludedindiscontinuedoperations": 5739000,
        "netincomelossattributabletononcontrollinginterest": 278000,
        "netincomelossavailabletocommonstockholdersbasic": -123740000,
        "incomelossfromcontinuingoperationsperbasicshare": 0.42,
        "earningspersharebasic": 0.42,
        "incomelossfromcontinuingoperationsperdilutedshare": 0.42,
        "earningspersharediluted": 0.42,
        "weightedaveragenumberofsharesoutstandingbasic": 338901000,
        "weightedaveragenumberofdilutedsharesoutstanding": 342571000,
        "commonstockdividendspersharedeclared": 0.73
    },
    {
        "date": "2016-03-30",
        "symbol": "VTR",
        "period": "Q1",
        "profitloss": 148980000,
        "othercomprehensiveincomeforeigncurrencytransactionandtranslationgainlossarisingduringperiodnetoftax": -10668000,
        "othercomprehensiveincomeunrealizedholdinggainlossonsecuritiesarisingduringperiodnetoftax": 181000,
        "othercomprehensiveincomeothernetoftax": -1880000,
        "othercomprehensiveincomelossnetoftax": -12367000,
        "comprehensiveincomenetoftaxincludingportionattributabletononcontrollinginterest": -108420000,
        "comprehensiveincomenetoftaxattributabletononcontrollinginterest": 54000,
        "comprehensiveincomenetoftax": -108420000,
        "rentalincomefromtriplenetleases": 214487000,
        "rentalincomefrommedicalofficebuildings": 144136000,
        "operatingleasesincomestatementleaserevenue": 214487000,
        "otherrealestaterevenue": 463976000,
        "managementfeeandconstructionrevenue": 1199000,
        "investmentincomenet": 22386000,
        "interestandotherincome": 119000,
        "revenues": 804201000,
        "interestexpense": 68579000,
        "depreciationandamortization": 9914000,
        "directcostsofleasingandoperatingseniorlivingrealestateproperty": 312541000,
        "directcostsofleasingandoperatingmedicalofficebuildings": 43681000,
        "directcostsofleasedandrentedpropertyorequipment": 312541000,
        "constructionanddevelopmentcosts": 3451000,
        "generalandadministrativeexpense": 4504000,
        "gainslossesonextinguishmentofdebt": -300000,
        "businesscombinationacquisitionrelatedcosts": 260000,
        "othergeneralexpense": 4217000,
        "costsandexpenses": 83076000,
        "incomelossfromcontinuingoperationsbeforeincometaxesminorityinterestandincomelossfromequitymethodinvestments": -108420000,
        "incomelossfromequitymethodinvestmentsandremeasurementgainonequityinterestinacquiree": -671000,
        "incometaxexpensebenefit": -8421000,
        "incomelossfromcontinuingoperationsincludingportionattributabletononcontrollinginterest": -108420000,
        "incomelossfromdiscontinuedoperationsnetoftax": -489000,
        "gainlossonrealestatedispositionsnotincludedindiscontinuedoperations": 26184000,
        "netincomelossattributabletononcontrollinginterest": 54000,
        "netincomelossavailabletocommonstockholdersbasic": -108420000,
        "incomelossfromcontinuingoperationsperbasicshare": 0.44,
        "earningspersharebasic": 0.44,
        "incomelossfromcontinuingoperationsperdilutedshare": 0.44,
        "earningspersharediluted": 0.44,
        "weightedaveragenumberofsharesoutstandingbasic": 335559000,
        "weightedaveragenumberofdilutedsharesoutstanding": 339202000,
        "commonstockdividendspersharedeclared": 0.73
    },
    {
        "date": "2015-12-30",
        "symbol": "VTR",
        "period": "Q4",
        "profitloss": 124728000,
        "othercomprehensiveincomeforeigncurrencytransactionandtranslationgainlossarisingduringperiodnetoftax": -7074000,
        "othercomprehensiveincomeothernetoftax": 102000,
        "othercomprehensiveincomelossnetoftax": -6973000,
        "comprehensiveincomenetoftaxincludingportionattributabletononcontrollinginterest": -421212000,
        "comprehensiveincomenetoftaxattributabletononcontrollinginterest": 332000,
        "comprehensiveincomenetoftax": -421212000,
        "rentalincomefromtriplenetleases": 208210000,
        "rentalincomefrommedicalofficebuildings": 145958000,
        "operatingleasesincomestatementleaserevenue": 208210000,
        "otherrealestaterevenue": 454871000,
        "managementfeeandconstructionrevenue": 1147000,
        "investmentincomenet": 20361000,
        "interestandotherincome": 333000,
        "revenues": 791669000,
        "interestexpense": 67787000,
        "depreciationandamortization": 3285000,
        "directcostsofleasingandoperatingseniorlivingrealestateproperty": 307261000,
        "directcostsofleasingandoperatingmedicalofficebuildings": 45073000,
        "directcostsofleasedandrentedpropertyorequipment": 307261000,
        "constructionanddevelopmentcosts": 7467000,
        "generalandadministrativeexpense": 4137000,
        "gainslossesonextinguishmentofdebt": 500000,
        "businesscombinationacquisitionrelatedcosts": -96825000,
        "othergeneralexpense": -4000,
        "costsandexpenses": 75287000,
        "incomelossfromcontinuingoperationsbeforeincometaxesminorityinterestandincomelossfromequitymethodinvestments": -386173000,
        "incomelossfromequitymethodinvestmentsandremeasurementgainonequityinterestinacquiree": -28000,
        "incometaxexpensebenefit": -11548000,
        "incomelossfromcontinuingoperationsincludingportionattributabletononcontrollinginterest": -386464000,
        "incomelossfromdiscontinuedoperationsnetoftax": -2333000,
        "gainlossonrealestatedispositionsnotincludedindiscontinuedoperations": 4160000,
        "netincomelossattributabletononcontrollinginterest": 332000,
        "netincomelossavailabletocommonstockholdersbasic": -421212000,
        "incomelossfromcontinuingoperationsperbasicshare": 0.38,
        "earningspersharebasic": 0.37,
        "incomelossfromcontinuingoperationsperdilutedshare": 0.38,
        "earningspersharediluted": 0.37,
        "weightedaveragenumberofsharesoutstandingbasic": 871000,
        "weightedaveragenumberofdilutedsharesoutstanding": 797000
    },
    {
        "date": "2015-09-29",
        "symbol": "VTR",
        "period": "Q3",
        "profitloss": 178911000,
        "othercomprehensiveincomeforeigncurrencytransactionandtranslationgainlossarisingduringperiodnetoftax": -11239000,
        "othercomprehensiveincomeunrealizedholdinggainlossonsecuritiesarisingduringperiodnetoftax": 0,
        "othercomprehensiveincomeothernetoftax": 467000,
        "othercomprehensiveincomelossnetoftax": -17167000,
        "comprehensiveincomenetoftaxincludingportionattributabletononcontrollinginterest": -24305000,
        "comprehensiveincomenetoftaxattributabletononcontrollinginterest": 153000,
        "comprehensiveincomenetoftax": -24305000,
        "rentalincomefromtriplenetleases": 44823000,
        "rentalincomefrommedicalofficebuildings": 142894000,
        "operatingleasesincomestatementleaserevenue": 239861000,
        "otherrealestaterevenue": 454825000,
        "managementfeeandconstructionrevenue": -8396000,
        "investmentincomenet": 40073000,
        "interestandotherincome": 478000,
        "revenues": 1388250000,
        "interestexpense": 61553000,
        "depreciationandamortization": -5333000,
        "directcostsofleasingandoperatingseniorlivingrealestateproperty": 304540000,
        "directcostsofleasingandoperatingmedicalofficebuildings": 43482000,
        "directcostsofleasedandrentedpropertyorequipment": 602771000,
        "constructionanddevelopmentcosts": 6416000,
        "generalandadministrativeexpense": 5225000,
        "gainslossesonextinguishmentofdebt": -10834000,
        "businesscombinationacquisitionrelatedcosts": 74025000,
        "othergeneralexpense": -278000,
        "costsandexpenses": 65771000,
        "incomelossfromcontinuingoperationsbeforeincometaxesminorityinterestandincomelossfromequitymethodinvestments": -58949000,
        "incomelossfromequitymethodinvestmentsandremeasurementgainonequityinterestinacquiree": -1407000,
        "incometaxexpensebenefit": -10697000,
        "incomelossfromcontinuingoperationsincludingportionattributabletononcontrollinginterest": -59418000,
        "incomelossfromdiscontinuedoperationsnetoftax": 12922000,
        "gainlossonrealestatedispositionsnotincludedindiscontinuedoperations": 265000,
        "netincomelossattributabletononcontrollinginterest": 153000,
        "netincomelossavailabletocommonstockholdersbasic": -24305000,
        "incomelossfromcontinuingoperationsperbasicshare": 0.02999999999999997,
        "earningspersharebasic": 0.07,
        "incomelossfromcontinuingoperationsperdilutedshare": 0.019999999999999962,
        "earningspersharediluted": 0.06,
        "weightedaveragenumberofsharesoutstandingbasic": -326729000,
        "weightedaveragenumberofdilutedsharesoutstanding": -330019000,
        "commonstockdividendspersharedeclared": 0.73
    },
    {
        "date": "2015-06-29",
        "symbol": "VTR",
        "period": "Q2",
        "profitloss": -6238000,
        "othercomprehensiveincomeforeigncurrencytransactionandtranslationgainlossarisingduringperiodnetoftax": 14393000,
        "othercomprehensiveincomeunrealizedholdinggainlossonsecuritiesarisingduringperiodnetoftax": -6395000,
        "othercomprehensiveincomeothernetoftax": -2175000,
        "othercomprehensiveincomelossnetoftax": 12218000,
        "comprehensiveincomenetoftaxincludingportionattributabletononcontrollinginterest": -6238000,
        "comprehensiveincomenetoftaxattributabletononcontrollinginterest": 529000,
        "comprehensiveincomenetoftax": -6238000,
        "rentalincomefromtriplenetleases": 260562000,
        "rentalincomefrommedicalofficebuildings": 140403000,
        "operatingleasesincomestatementleaserevenue": 260562000,
        "otherrealestaterevenue": 454645000,
        "managementfeeandconstructionrevenue": 1139000,
        "investmentincomenet": 26068000,
        "interestandotherincome": 236000,
        "revenues": 840830000,
        "interestexpense": 64569000,
        "depreciationandamortization": 7677000,
        "directcostsofleasingandoperatingseniorlivingrealestateproperty": 299252000,
        "directcostsofleasingandoperatingmedicalofficebuildings": 43321000,
        "directcostsofleasedandrentedpropertyorequipment": 299252000,
        "constructionanddevelopmentcosts": 5764000,
        "generalandadministrativeexpense": 5054000,
        "gainslossesonextinguishmentofdebt": 455000,
        "businesscombinationacquisitionrelatedcosts": 75000,
        "othergeneralexpense": 325000,
        "costsandexpenses": 77773000,
        "incomelossfromcontinuingoperationsbeforeincometaxesminorityinterestandincomelossfromequitymethodinvestments": -6509000,
        "incomelossfromequitymethodinvestmentsandremeasurementgainonequityinterestinacquiree": 221000,
        "incometaxexpensebenefit": -9789000,
        "incomelossfromcontinuingoperationsincludingportionattributabletononcontrollinginterest": -6150000,
        "incomelossfromdiscontinuedoperationsnetoftax": -88000,
        "gainlossonrealestatedispositionsnotincludedindiscontinuedoperations": 7469000,
        "netincomelossattributabletononcontrollinginterest": 529000,
        "netincomelossavailabletocommonstockholdersbasic": -6238000,
        "incomelossfromcontinuingoperationsperbasicshare": 0.45,
        "earningspersharebasic": 0.45,
        "incomelossfromcontinuingoperationsperdilutedshare": 0.45,
        "earningspersharediluted": 0.45,
        "weightedaveragenumberofsharesoutstandingbasic": 330715000,
        "weightedaveragenumberofdilutedsharesoutstanding": 334026000,
        "commonstockdividendspersharedeclared": 0.79
    },
    {
        "date": "2015-03-30",
        "symbol": "VTR",
        "period": "Q1",
        "profitloss": 120442000,
        "othercomprehensiveincomeforeigncurrencytransactionandtranslationgainlossarisingduringperiodnetoftax": -10872000,
        "othercomprehensiveincomeunrealizedholdinggainlossonsecuritiesarisingduringperiodnetoftax": 1349000,
        "othercomprehensiveincomeothernetoftax": 759000,
        "othercomprehensiveincomelossnetoftax": -8764000,
        "comprehensiveincomenetoftaxincludingportionattributabletononcontrollinginterest": -7790000,
        "comprehensiveincomenetoftaxattributabletononcontrollinginterest": 365000,
        "comprehensiveincomenetoftax": -7790000,
        "rentalincomefromtriplenetleases": 266206000,
        "rentalincomefrommedicalofficebuildings": 136990000,
        "operatingleasesincomestatementleaserevenue": 71168000,
        "otherrealestaterevenue": 446914000,
        "managementfeeandconstructionrevenue": 10543000,
        "investmentincomenet": 51000,
        "interestandotherincome": 5000,
        "revenues": 65700000,
        "interestexpense": 63594000,
        "depreciationandamortization": 9050000,
        "directcostsofleasingandoperatingseniorlivingrealestateproperty": 298362000,
        "directcostsofleasingandoperatingmedicalofficebuildings": 42349000,
        "directcostsofleasedandrentedpropertyorequipment": 131000,
        "constructionanddevelopmentcosts": 6918000,
        "generalandadministrativeexpense": 6361000,
        "gainslossesonextinguishmentofdebt": -21000,
        "businesscombinationacquisitionrelatedcosts": 22800000,
        "othergeneralexpense": 2000,
        "costsandexpenses": 79138000,
        "incomelossfromcontinuingoperationsbeforeincometaxesminorityinterestandincomelossfromequitymethodinvestments": -7914000,
        "incomelossfromequitymethodinvestmentsandremeasurementgainonequityinterestinacquiree": 401000,
        "incometaxexpensebenefit": -7250000,
        "incomelossfromcontinuingoperationsincludingportionattributabletononcontrollinginterest": -7513000,
        "incomelossfromdiscontinuedoperationsnetoftax": -277000,
        "gainlossonrealestatedispositionsnotincludedindiscontinuedoperations": 6686000,
        "netincomelossattributabletononcontrollinginterest": 365000,
        "netincomelossavailabletocommonstockholdersbasic": -7790000,
        "incomelossfromcontinuingoperationsperbasicshare": 0.37,
        "earningspersharebasic": 0.37,
        "incomelossfromcontinuingoperationsperdilutedshare": 0.37,
        "earningspersharediluted": 0.37,
        "weightedaveragenumberofsharesoutstandingbasic": 325454000,
        "weightedaveragenumberofdilutedsharesoutstanding": 329203000,
        "commonstockdividendspersharedeclared": 0.79
    },
    {
        "date": "2014-09-29",
        "symbol": "VTR",
        "period": "Q3",
        "profitloss": 284366000,
        "othercomprehensiveincomeforeigncurrencytransactionandtranslationgainlossarisingduringperiodnetoftax": -2747000,
        "adjustmentforlongtermintercompanytransactionsnetoftax": -10138000,
        "othercomprehensiveincomeunrealizedholdinggainlossonsecuritiesarisingduringperiodnetoftax": -334000,
        "othercomprehensiveincomeothernetoftax": 3120000,
        "othercomprehensiveincomelossnetoftax": -10472000,
        "comprehensiveincomenetoftaxincludingportionattributabletononcontrollinginterest": -620961000,
        "comprehensiveincomenetoftaxattributabletononcontrollinginterest": 569000,
        "comprehensiveincomenetoftax": -211419000,
        "rentalincomefromtriplenetleases": 244206000,
        "rentalincomefrommedicalofficebuildings": 116598000,
        "operatingleasesincomestatementleaserevenue": 856996000,
        "otherrealestaterevenue": 396247000,
        "managementfeeandconstructionrevenue": 7573000,
        "investmentincomenet": 12994000,
        "interestandotherincome": 283000,
        "revenues": 126522000,
        "interestexpense": 56873000,
        "depreciationandamortization": 21472000,
        "directcostsofleasingandoperatingseniorlivingrealestateproperty": 265274000,
        "directcostsofleasingandoperatingmedicalofficebuildings": 41147000,
        "directcostsofleasedandrentedpropertyorequipment": 140000,
        "constructionanddevelopmentcosts": 4568000,
        "generalandadministrativeexpense": 72092000,
        "gainslossesonextinguishmentofdebt": 0,
        "businesscombinationacquisitionrelatedcosts": 19973000,
        "othergeneralexpense": 10246000,
        "costsandexpenses": -1081693000,
        "incomelossfromcontinuingoperationsbeforeincometaxesminorityinterestandincomelossfromequitymethodinvestments": 119746000,
        "incomelossfromequitymethodinvestmentsandremeasurementgainonequityinterestinacquiree": 315000,
        "incometaxexpensebenefit": -1887000,
        "incomelossfromcontinuingoperationsincludingportionattributabletononcontrollinginterest": 111240000,
        "incomelossfromdiscontinuedoperationsnetoftax": 1025000,
        "gainonrealestatedispositionsnotincludedindiscontinuedoperations": 3625000,
        "netincomelossattributabletononcontrollinginterest": 569000,
        "netincomelossavailabletocommonstockholdersbasic": 98412000,
        "incomelossfromcontinuingoperationsperbasicshare": 0.37,
        "earningspersharebasic": 0.37000000000000005,
        "incomelossfromcontinuingoperationsperdilutedshare": 0.36,
        "earningspersharediluted": 0.36000000000000004,
        "weightedaveragenumberofsharesoutstandingbasic": 33000,
        "weightedaveragenumberofdilutedsharesoutstanding": 42000,
        "commonstockdividendspersharedeclared": 0.7249999999999998
    },
    {
        "date": "2014-06-29",
        "symbol": "VTR",
        "period": "Q2",
        "profitloss": -371167000,
        "othercomprehensiveincomeforeigncurrencytransactionandtranslationgainlossarisingduringperiodnetoftax": 2761000,
        "adjustmentforlongtermintercompanytransactionsnetoftax": 4958000,
        "othercomprehensiveincomeunrealizedholdinggainlossonsecuritiesarisingduringperiodnetoftax": 265000,
        "othercomprehensiveincomeothernetoftax": -193000,
        "othercomprehensiveincomelossnetoftax": 10218000,
        "comprehensiveincomenetoftaxincludingportionattributabletononcontrollinginterest": 223453000,
        "comprehensiveincomenetoftaxattributabletononcontrollinginterest": 168000,
        "comprehensiveincomenetoftax": 363289000,
        "rentalincomefromtriplenetleases": 242726000,
        "rentalincomefrommedicalofficebuildings": 114890000,
        "operatingleasesincomestatementleaserevenue": -281452000,
        "otherrealestaterevenue": 374473000,
        "managementfeeandconstructionrevenue": 4367000,
        "investmentincomenet": 13695000,
        "interestandotherincome": 6000,
        "revenues": 134014000,
        "interestexpense": 44635000,
        "depreciationandamortization": -181621000,
        "directcostsofleasingandoperatingseniorlivingrealestateproperty": 249424000,
        "directcostsofleasingandoperatingmedicalofficebuildings": 39335000,
        "directcostsofleasedandrentedpropertyorequipment": -287242000,
        "constructionanddevelopmentcosts": 1626000,
        "generalandadministrativeexpense": -12000,
        "gainslossesonextinguishmentofdebt": -6000,
        "businesscombinationacquisitionrelatedcosts": 357000,
        "othergeneralexpense": 324000,
        "costsandexpenses": 1056879000,
        "incomelossfromcontinuingoperationsbeforeincometaxesminorityinterestandincomelossfromequitymethodinvestments": 113891000,
        "incomelossfromequitymethodinvestmentsandremeasurementgainonequityinterestinacquiree": 1115000,
        "incometaxexpensebenefit": 3274000,
        "incomelossfromcontinuingoperationsincludingportionattributabletononcontrollinginterest": 231854000,
        "incomelossfromdiscontinuedoperationsnetoftax": -186000,
        "gainonrealestatedispositionsnotincludedindiscontinuedoperations": 11889000,
        "netincomelossattributabletononcontrollinginterest": 168000,
        "netincomelossavailabletocommonstockholdersbasic": 147226000,
        "incomelossfromcontinuingoperationsperbasicshare": 0.47,
        "incomelossfromdiscontinuedoperationsnetoftaxperbasicshare": 0,
        "earningspersharebasic": 0.47000000000000003,
        "incomelossfromcontinuingoperationsperdilutedshare": 0.47,
        "incomelossfromdiscontinuedoperationsnetoftaxperdilutedshare": 0,
        "earningspersharediluted": 0.47000000000000003,
        "weightedaveragenumberofsharesoutstandingbasic": 57000,
        "weightedaveragenumberofdilutedsharesoutstanding": 124000,
        "commonstockdividendspersharedeclared": 0.725
    },
    {
        "date": "2014-03-30",
        "symbol": "VTR",
        "period": "Q1",
        "profitloss": 112446000,
        "othercomprehensiveincomeforeigncurrencytransactionandtranslationgainlossarisingduringperiodnetoftax": -3334000,
        "adjustmentforlongtermintercompanytransactionsnetoftax": 594000,
        "othercomprehensiveincomeunrealizedholdinggainlossonsecuritiesarisingduringperiodnetoftax": 1306000,
        "othercomprehensiveincomeothernetoftax": 239000,
        "othercomprehensiveincomelossnetoftax": -3095000,
        "comprehensiveincomenetoftaxincludingportionattributabletononcontrollinginterest": 14006000,
        "comprehensiveincomenetoftaxattributabletononcontrollinginterest": 227000,
        "comprehensiveincomenetoftax": -126225000,
        "rentalincomefromtriplenetleases": 237846000,
        "rentalincomefrommedicalofficebuildings": 115223000,
        "operatingleasesincomestatementleaserevenue": 282696000,
        "otherrealestaterevenue": 371061000,
        "managementfeeandconstructionrevenue": 6300000,
        "investmentincomenet": 10461000,
        "interestandotherincome": 5000,
        "revenues": 127161000,
        "interestexpense": 45394000,
        "depreciationandamortization": 184519000,
        "directcostsofleasingandoperatingseniorlivingrealestateproperty": 248295000,
        "directcostsofleasingandoperatingmedicalofficebuildings": 39345000,
        "directcostsofleasedandrentedpropertyorequipment": 287490000,
        "constructionanddevelopmentcosts": 3371000,
        "generalandadministrativeexpense": 1887000,
        "gainslossesonextinguishmentofdebt": 3000,
        "businesscombinationacquisitionrelatedcosts": 1753000,
        "othergeneralexpense": 707000,
        "costsandexpenses": 56832000,
        "incomelossfromcontinuingoperationsbeforeincometaxesminorityinterestandincomelossfromequitymethodinvestments": 122042000,
        "incomelossfromequitymethodinvestmentsandremeasurementgainonequityinterestinacquiree": -274000,
        "incometaxexpensebenefit": 3433000,
        "incomelossfromcontinuingoperationsincludingportionattributabletononcontrollinginterest": 13450000,
        "incomelossfromdiscontinuedoperationsnetoftax": 1438000,
        "gainonrealestatedispositionsnotincludedindiscontinuedoperations": 1000000,
        "netincomelossattributabletononcontrollinginterest": 227000,
        "netincomelossavailabletocommonstockholdersbasic": 112219000,
        "incomelossfromcontinuingoperationsperbasicshare": 0.4,
        "incomelossfromdiscontinuedoperationsnetoftaxperbasicshare": 0.01,
        "earningspersharebasic": 0.41,
        "incomelossfromcontinuingoperationsperdilutedshare": 0.4,
        "incomelossfromdiscontinuedoperationsnetoftaxperdilutedshare": 0.01,
        "earningspersharediluted": 0.41,
        "weightedaveragenumberofsharesoutstandingbasic": 293875000,
        "weightedaveragenumberofdilutedsharesoutstanding": 296245000,
        "commonstockdividendspersharedeclared": 0.725
    },
    {
        "date": "2013-12-30",
        "symbol": "VTR",
        "period": "Q4",
        "profitloss": -688523000,
        "othercomprehensiveincomeforeigncurrencytransactionandtranslationgainlossarisingduringperiodnetoftax": -2274000,
        "othercomprehensiveincomeunrealizedholdinggainlossonsecuritiesarisingduringperiodnetoftax": -8000,
        "othercomprehensiveincomeothernetoftax": 648000,
        "othercomprehensiveincomelossnetoftax": -3274000,
        "comprehensiveincomenetoftaxincludingportionattributabletononcontrollinginterest": 287118000,
        "netincomelossattributabletononcontrollinginterest": 125000,
        "comprehensiveincomenetoftax": 428454000,
        "rentalincomefromtriplenetleases": 228705000,
        "rentalincomefrommedicalofficebuildings": 112571000,
        "operatingleasesincomestatementleaserevenue": 974565000,
        "otherrealestaterevenue": 366129000,
        "managementfeeandconstructionrevenue": 6489000,
        "investmentincomenet": 54686000,
        "interestandotherincome": -985000,
        "revenues": 31504000,
        "interestexpense": 52165000,
        "depreciationandamortization": 19805000,
        "directcostsofleasedandrentedpropertyorequipment": 841478000,
        "constructionanddevelopmentcosts": 3358000,
        "generalandadministrativeexpense": 64882000,
        "businesscombinationacquisitionrelatedcosts": 2558000,
        "othergeneralexpense": 13007000,
        "costsandexpenses": -846576000,
        "incomelossfromcontinuingoperationsbeforeincometaxesminorityinterestandincomelossfromequitymethodinvestments": 177713000,
        "incomelossfromequitymethodinvestmentsandremeasurementgainonequityinterestinacquiree": -1372000,
        "incometaxexpensebenefit": 1272000,
        "incomelossfromcontinuingoperationsincludingportionattributabletononcontrollinginterest": -68765000,
        "incomelossfromdiscontinuedoperationsnetoftax": 1349000,
        "netincomelossavailabletocommonstockholdersbasic": 247257000,
        "incomelossfromcontinuingoperationsperbasicshare": 0.39,
        "incomelossfromdiscontinuedoperationsnetoftaxperbasicshare": -0.009999999999999998,
        "earningspersharebasic": 0.3799999999999999,
        "incomelossfromcontinuingoperationsperdilutedshare": 0.38,
        "incomelossfromdiscontinuedoperationsnetoftaxperdilutedshare": -0.009999999999999998,
        "earningspersharediluted": 0.3700000000000001,
        "weightedaveragenumberofsharesoutstandingbasic": -584254000,
        "weightedaveragenumberofdilutedsharesoutstanding": -589127000
    },
    {
        "date": "2013-09-29",
        "symbol": "VTR",
        "period": "Q3",
        "profitloss": 98455000,
        "othercomprehensiveincomeforeigncurrencytransactionandtranslationgainlossarisingduringperiodnetoftax": 1665000,
        "othercomprehensiveincomeunrealizedholdinggainlossonsecuritiesarisingduringperiodnetoftax": -208000,
        "othercomprehensiveincomeothernetoftax": 84000,
        "othercomprehensiveincomelossnetoftax": 1749000,
        "comprehensiveincomenetoftaxincludingportionattributabletononcontrollinginterest": 118088000,
        "comprehensiveincomenetoftaxattributabletononcontrollinginterest": -303000,
        "comprehensiveincomenetoftax": 118088000,
        "rentalincomefromtriplenetleases": 219170000,
        "rentalincomefrommedicalofficebuildings": 115444000,
        "operatingleasesincomestatementleaserevenue": 69894000,
        "otherrealestaterevenue": 359112000,
        "managementfeeandconstructionrevenue": 4146000,
        "investmentincomenet": 90000,
        "interestandotherincome": 10000,
        "revenues": 69994000,
        "interestexpense": 47898000,
        "depreciationandamortization": 7912000,
        "directcostsofleasedandrentedpropertyorequipmentofseniorlivingproperty": 244316000,
        "directcostsofleasedandrentedpropertyorequipmentofmedicalofficebuildings": 40796000,
        "directcostsofleasedandrentedpropertyorequipment": 153000,
        "constructionanddevelopmentcosts": 1651000,
        "generalandadministrativeexpense": 5375000,
        "gainslossesonextinguishmentofdebt": 189000,
        "businesscombinationacquisitionrelatedcosts": 4170000,
        "othergeneralexpense": 17000,
        "costsandexpenses": 534139000,
        "incomelossfromcontinuingoperationsbeforeincometaxesminorityinterestandincomelossfromequitymethodinvestments": 115470000,
        "incomelossfromequitymethodinvestmentsandremeasurementgainonequityinterestinacquiree": 272000,
        "incometaxexpensebenefit": -2780000,
        "incomelossfromcontinuingoperationsincludingportionattributabletononcontrollinginterest": 20106000,
        "incomelossfromdiscontinuedoperationsnetoftax": 80000,
        "netincomelossattributabletononcontrollinginterest": 303000,
        "netincomelossavailabletocommonstockholdersbasic": 98152000,
        "incomelossfromcontinuingoperationsperbasicshare": 0.43,
        "incomelossfromdiscontinuedoperationsnetoftaxperbasicshare": -0.03,
        "earningspersharebasic": 0.4,
        "incomelossfromcontinuingoperationsperdilutedshare": 0.43,
        "incomelossfromdiscontinuedoperationsnetoftaxperdilutedshare": -0.03,
        "earningspersharediluted": 0.4,
        "weightedaveragenumberofsharesoutstandingbasic": 292818000,
        "weightedaveragenumberofdilutedsharesoutstanding": 295190000,
        "commonstockdividendspersharedeclared": 0.67
    },
    {
        "date": "2013-06-29",
        "symbol": "VTR",
        "period": "Q2",
        "profitloss": 114580000,
        "othercomprehensiveincomeforeigncurrencytransactionandtranslationgainlossarisingduringperiodnetoftax": -2722000,
        "othercomprehensiveincomeunrealizedholdinggainlossonsecuritiesarisingduringperiodnetoftax": -868000,
        "othercomprehensiveincomeothernetoftax": 1514000,
        "othercomprehensiveincomelossnetoftax": -1208000,
        "comprehensiveincomenetoftaxincludingportionattributabletononcontrollinginterest": 22269000,
        "comprehensiveincomenetoftaxattributabletononcontrollinginterest": -47000,
        "comprehensiveincomenetoftax": 22269000,
        "rentalincomefromtriplenetleases": 214239000,
        "rentalincomefrommedicalofficebuildings": 110946000,
        "operatingleasesincomestatementleaserevenue": 619000,
        "otherrealestaterevenue": 341594000,
        "managementfeeandconstructionrevenue": 3537000,
        "investmentincomenet": 1159000,
        "interestandotherincome": 5000,
        "revenues": 107172000,
        "interestexpense": 47562000,
        "depreciationandamortization": 1213000,
        "directcostsofleasedandrentedpropertyorequipmentofseniorlivingproperty": 231337000,
        "directcostsofleasedandrentedpropertyorequipmentofmedicalofficebuildings": 38401000,
        "directcostsofleasedandrentedpropertyorequipment": 140000,
        "constructionanddevelopmentcosts": 1667000,
        "generalandadministrativeexpense": 21007000,
        "gainslossesonextinguishmentofdebt": 720000,
        "businesscombinationacquisitionrelatedcosts": 2440000,
        "othergeneralexpense": 254000,
        "costsandexpenses": 509444000,
        "incomelossfromcontinuingoperationsbeforeincometaxesminorityinterestandincomelossfromequitymethodinvestments": 21843000,
        "incomelossfromequitymethodinvestmentsandremeasurementgainonequityinterestinacquiree": -723000,
        "incometaxexpensebenefit": -12064000,
        "incomelossfromcontinuingoperationsincludingportionattributabletononcontrollinginterest": 103025000,
        "incomelossfromdiscontinuedoperationsnetoftax": 1719000,
        "netincomelossattributabletononcontrollinginterest": 47000,
        "netincomelossavailabletocommonstockholdersbasic": 83089000,
        "incomelossfromcontinuingoperationsperbasicshare": 0.45,
        "incomelossfromdiscontinuedoperationsnetoftaxperbasicshare": -0.06,
        "earningspersharebasic": 0.39,
        "incomelossfromcontinuingoperationsperdilutedshare": 0.45,
        "incomelossfromdiscontinuedoperationsnetoftaxperdilutedshare": -0.06,
        "earningspersharediluted": 0.39,
        "weightedaveragenumberofsharesoutstandingbasic": 292635000,
        "weightedaveragenumberofdilutedsharesoutstanding": 295123000,
        "commonstockdividendspersharedeclared": 0.67
    },
    {
        "date": "2013-03-30",
        "symbol": "VTR",
        "period": "Q1",
        "profitloss": 25011000,
        "othercomprehensiveincomeforeigncurrencytransactionandtranslationgainlossarisingduringperiodnetoftax": -2091000,
        "othercomprehensiveincomeunrealizedholdinggainlossonsecuritiesarisingduringperiodnetoftax": 61000,
        "othercomprehensiveincomeothernetoftax": 504000,
        "othercomprehensiveincomelossnetoftax": 61000,
        "comprehensiveincomenetoftaxincludingportionattributabletononcontrollinginterest": 25011000,
        "comprehensiveincomenetoftaxattributabletononcontrollinginterest": 905000,
        "comprehensiveincomenetoftax": -116325000,
        "rentalincomefromtriplenetleases": 213763000,
        "rentalincomefrommedicalofficebuildings": 111146000,
        "operatingleasesincomestatementleaserevenue": 641000,
        "otherrealestaterevenue": 339170000,
        "managementfeeandconstructionrevenue": 3648000,
        "investmentincomenet": 103000,
        "interestandotherincome": 996000,
        "revenues": 70032000,
        "interestexpense": -467000,
        "depreciationandamortization": 1077000,
        "directcostsofleasedandrentedpropertyorequipmentofseniorlivingproperty": 230908000,
        "directcostsofleasedandrentedpropertyorequipmentofmedicalofficebuildings": 36541000,
        "directcostsofleasedandrentedpropertyorequipment": 267347000,
        "constructionanddevelopmentcosts": 1639000,
        "generalandadministrativeexpense": -13000,
        "businesscombinationacquisitionrelatedcosts": 2749000,
        "othergeneralexpense": 4526000,
        "costsandexpenses": 3386000,
        "incomelossfromcontinuingoperationsbeforeincometaxesminorityinterestandincomelossfromequitymethodinvestments": 98066000,
        "incomelossfromequitymethodinvestmentsandremeasurementgainonequityinterestinacquiree": 642000,
        "incometaxexpensebenefit": 1744000,
        "incomelossfromcontinuingoperationsincludingportionattributabletononcontrollinginterest": 24616000,
        "incomelossfromdiscontinuedoperationsnetoftax": 467000,
        "netincomelossattributabletononcontrollinginterest": 905000,
        "netincomelossavailabletocommonstockholdersbasic": 25011000,
        "incomelossfromcontinuingoperationsperbasicshare": 0.4,
        "incomelossfromdiscontinuedoperationsnetoftaxperbasicshare": -0.02,
        "earningspersharebasic": 0.38,
        "incomelossfromcontinuingoperationsperdilutedshare": 0.4,
        "incomelossfromdiscontinuedoperationsnetoftaxperdilutedshare": -0.02,
        "earningspersharediluted": 0.38,
        "weightedaveragenumberofsharesoutstandingbasic": 291455000,
        "weightedaveragenumberofdilutedsharesoutstanding": 293924000,
        "commonstockdividendspersharedeclared": 0.67
    },
    {
        "date": "2012-12-30",
        "symbol": "VTR",
        "period": "Q4",
        "profitloss": -34689000,
        "othercomprehensiveincomeforeigncurrencytransactionandtranslationgainlossarisingduringperiodnetoftax": -180000,
        "othercomprehensiveincomeunrealizedholdinggainlossonsecuritiesarisingduringperiodnetoftax": -76000,
        "othercomprehensiveincomeothernetoftax": 616000,
        "comprehensiveincomenetoftaxincludingportionattributabletononcontrollinginterest": -534041000,
        "netincomelossattributabletononcontrollinginterest": -141000,
        "comprehensiveincomenetoftax": 303704000,
        "rentalincomefromtriplenetleases": 203718000,
        "operatingleasesincomestatementleaserevenue": -738783000,
        "otherrealestaterevenue": 426519000,
        "managementfeeandconstructionrevenue": 8449000,
        "investmentincomenet": -20673000,
        "interestandotherincome": 274000,
        "revenues": -842740000,
        "interestexpense": -46168000,
        "depreciationandamortization": -436351000,
        "directcostsofleasedandrentedpropertyorequipmentofmedicalofficebuildings": 39072000,
        "directcostsofleasedandrentedpropertyorequipment": -622490000,
        "constructionanddevelopmentcosts": 1569000,
        "generalandadministrativeexpense": -5932000,
        "gainslossesonextinguishmentofdebt": -31129000,
        "businesscombinationacquisitionrelatedcosts": 38335000,
        "othergeneralexpense": -4008000,
        "costsandexpenses": -1453686000,
        "incomelossfromcontinuingoperationsbeforeincometaxesminorityinterestandincomelossfromequitymethodinvestments": -502294000,
        "incometaxexpensebenefit": -3555000,
        "incomelossfromcontinuingoperationsincludingportionattributabletononcontrollinginterest": 94514000,
        "incomelossfromdiscontinuedoperationsnetoftax": 101669000,
        "netincomelossavailabletocommonstockholdersbasic": 183382000,
        "incomelossfromcontinuingoperationsperbasicshare": 0.32999999999999996,
        "incomelossfromdiscontinuedoperationsnetoftaxperbasicshare": -0.039999999999999994,
        "earningspersharebasic": 0.29,
        "incomelossfromcontinuingoperationsperdilutedshare": 0.33999999999999997,
        "incomelossfromdiscontinuedoperationsnetoftaxperdilutedshare": -0.05,
        "earningspersharediluted": 0.29,
        "weightedaveragenumberofsharesoutstandingbasic": -581409000,
        "weightedaveragenumberofdilutedsharesoutstanding": -586324000
    },
    {
        "date": "2012-09-29",
        "symbol": "VTR",
        "period": "Q3",
        "rentalincomefromtriplenetleases": 210096000,
        "rentalincomefrommedicalofficebuildings": 100814000,
        "operatingleasesincomestatementleaserevenue": 240050000,
        "otherrealestaterevenue": 317131000,
        "managementfeeandconstructionrevenue": 4544000,
        "investmentincomenet": 9035000,
        "interestandotherincome": 308000,
        "revenues": 570134000,
        "interestexpense": 52871000,
        "depreciationandamortization": 181273000,
        "directcostsofleasedandrentedpropertyorequipmentofseniorlivingproperty": 216861000,
        "directcostsofleasedandrentedpropertyorequipmentofmedicalofficebuildings": 36144000,
        "directcostsofleasedandrentedpropertyorequipment": 252877000,
        "constructionanddevelopmentcosts": 1487000,
        "generalandadministrativeexpense": 17752000,
        "gainslossesonextinguishmentofdebt": 1194000,
        "businesscombinationacquisitionrelatedcosts": 4917000,
        "othergeneralexpense": 2508000,
        "costsandexpenses": 499927000,
        "incomelossfromcontinuingoperationsbeforeincometaxesminorityinterestandincomelossfromequitymethodinvestments": 70207000,
        "incomelossfromequitymethodinvestmentsandremeasurementgainonequityinterestinacquiree": 16645000,
        "incometaxexpensebenefit": -8886000,
        "incomelossfromcontinuingoperationsincludingportionattributabletononcontrollinginterest": 86852000,
        "incomelossfromdiscontinuedoperationsnetoftax": -3120000,
        "profitloss": 83732000,
        "netincomelossattributabletononcontrollinginterest": -61000,
        "netincomelossavailabletocommonstockholdersbasic": 83793000,
        "incomelossfromcontinuingoperationsperbasicshare": 0.39,
        "incomelossfromdiscontinuedoperationsnetoftaxperbasicshare": -0.01,
        "earningspersharebasic": 0.38,
        "incomelossfromcontinuingoperationsperdilutedshare": 0.39,
        "incomelossfromdiscontinuedoperationsnetoftaxperdilutedshare": -0.01,
        "earningspersharediluted": 0.38,
        "weightedaveragenumberofsharesoutstandingbasic": 294928000,
        "weightedaveragenumberofdilutedsharesoutstanding": 297407000,
        "commonstockdividendspersharedeclared": 0.62,
        "othercomprehensiveincomeforeigncurrencytransactionandtranslationgainlossarisingduringperiodnetoftax": 2838000,
        "othercomprehensiveincomeunrealizedholdinggainlossonsecuritiesarisingduringperiodnetoftax": -509000,
        "othercomprehensiveincomeothernetoftax": -107000,
        "othercomprehensiveincomelossnetoftax": 2731000,
        "comprehensiveincomenetoftaxincludingportionattributabletononcontrollinginterest": 86463000,
        "comprehensiveincomenetoftaxattributabletononcontrollinginterest": -61000,
        "comprehensiveincomenetoftax": 86524000
    },
    {
        "date": "2012-06-29",
        "symbol": "VTR",
        "period": "Q2",
        "rentalincomefromtriplenetleases": 207898000,
        "rentalincomefrommedicalofficebuildings": 89674000,
        "operatingleasesincomestatementleaserevenue": 227066000,
        "otherrealestaterevenue": 304020000,
        "managementfeeandconstructionrevenue": 6639000,
        "investmentincomenet": 6641000,
        "interestandotherincome": 4000,
        "revenues": 544542000,
        "interestexpense": 52009000,
        "depreciationandamortization": 175311000,
        "directcostsofleasedandrentedpropertyorequipmentofrealestateproperty": 207548000,
        "directcostsofleasedandrentedpropertyorequipmentofmedicalofficebuildings": 29846000,
        "directcostsofleasedandrentedpropertyorequipment": 237276000,
        "constructionanddevelopmentcosts": 3839000,
        "generalandadministrativeexpense": 16689000,
        "gainslossesonextinguishmentofdebt": -9989000,
        "businesscombinationacquisitionrelatedcosts": 7979000,
        "othergeneralexpense": 1546000,
        "costsandexpenses": 494649000,
        "incomelossfromcontinuingoperationsbeforeincometaxesminorityinterestandincomelossfromequitymethodinvestments": 49893000,
        "incomelossfromequitymethodinvestments": 60000,
        "incometaxexpensebenefit": -5179000,
        "incomelossfromcontinuingoperationsincludingportionattributabletononcontrollinginterest": 49893000,
        "incomelossfromdiscontinuedoperationsnetoftax": -15562000,
        "profitloss": 34331000,
        "netincomelossattributabletononcontrollinginterest": -289000,
        "netincomelossavailabletocommonstockholdersbasic": 34620000,
        "incomelossfromcontinuingoperationsperbasicshare": 0.15,
        "incomelossfromdiscontinuedoperationsnetoftaxperbasicshare": 0.11,
        "earningspersharebasic": 0.26,
        "incomelossfromcontinuingoperationsperdilutedshare": 0.14,
        "incomelossfromdiscontinuedoperationsnetoftaxperdilutedshare": 0.11,
        "earningspersharediluted": 0.25,
        "weightedaveragenumberofsharesoutstandingbasic": 290170000,
        "weightedaveragenumberofdilutedsharesoutstanding": 292592000,
        "commonstockdividendspersharedeclared": 0.62,
        "othercomprehensiveincomeforeigncurrencytransactionandtranslationgainlossarisingduringperiodnetoftax": -1607000,
        "othercomprehensiveincomeunrealizedholdinggainlossonsecuritiesarisingduringperiodnetoftax": -403000,
        "othercomprehensiveincomeothernetoftax": -512000,
        "othercomprehensiveincomelossnetoftaxperiodincreasedecrease": -2119000,
        "comprehensiveincomenetoftaxincludingportionattributabletononcontrollinginterest": 32212000,
        "comprehensiveincomenetoftaxattributabletononcontrollinginterest": -289000,
        "comprehensiveincomenetoftax": 32501000
    },
    {
        "date": "2012-03-30",
        "symbol": "VTR",
        "period": "Q1",
        "rentalincomefromtriplenetleases": 209509000,
        "rentalincomefrommedicalofficebuildings": 64696000,
        "operatingleasesincomestatementleaserevenue": 274205000,
        "otherrealestaterevenue": 181809000,
        "managementfeeandconstructionrevenue": 1109000,
        "investmentincomenet": 6627000,
        "interestandotherincome": 19000,
        "revenues": 8086000,
        "interestexpense": 35126000,
        "depreciationandamortization": 116375000,
        "directcostsofleasedandrentedpropertyorequipmentofrealestateproperty": 195666000,
        "directcostsofleasedandrentedpropertyorequipmentofmedicalofficebuildings": 21090000,
        "directcostsofleasedandrentedpropertyorequipment": 132872000,
        "constructionanddevelopmentcosts": 2988000,
        "generalandadministrativeexpense": 1808000,
        "gainslossesonextinguishmentofdebt": 187000,
        "businesscombinationacquisitionrelatedcosts": 1889000,
        "othergeneralexpense": 33000,
        "costsandexpenses": 514910000,
        "incomelossfromcontinuingoperationsbeforeincometaxesminorityinterestandincomelossfromequitymethodinvestments": 58784000,
        "incomelossfromequitymethodinvestments": 266000,
        "incometaxexpensebenefit": 11338000,
        "incomelossfromcontinuingoperationsincludingportionattributabletononcontrollinginterest": 47763000,
        "incomelossfromdiscontinuedoperationsnetoftax": 791000,
        "profitloss": -534000,
        "netincomelossattributabletononcontrollinginterest": -534000,
        "netincomelossavailabletocommonstockholdersbasic": -61225000,
        "incomelossfromcontinuingoperationsperbasicshare": 0.17,
        "incomelossfromdiscontinuedoperationsnetoftaxperbasicshare": 0.14,
        "earningspersharebasic": 0.31,
        "incomelossfromcontinuingoperationsperdilutedshare": 0.17,
        "incomelossfromdiscontinuedoperationsnetoftaxperdilutedshare": 0.14,
        "earningspersharediluted": 0.31,
        "weightedaveragenumberofsharesoutstandingbasic": 288375000,
        "weightedaveragenumberofdilutedsharesoutstanding": 290813000,
        "commonstockdividendspersharedeclared": 0.62,
        "othercomprehensiveincomeforeigncurrencytransactionandtranslationgainlossarisingduringperiodnetoftax": 1324000,
        "othercomprehensiveincomeunrealizedholdinggainlossonsecuritiesarisingduringperiodnetoftax": -308000,
        "othercomprehensiveincomeothernetoftax": 216000,
        "othercomprehensiveincomelossnetoftaxperiodincreasedecrease": 1864000,
        "comprehensiveincomenetoftaxincludingportionattributabletononcontrollinginterest": 91956000,
        "comprehensiveincomenetoftaxattributabletononcontrollinginterest": -534000,
        "comprehensiveincomenetoftax": -61225000
    },
    {
        "date": "2011-12-30",
        "symbol": "VTR",
        "period": "Q4",
        "operatingleasesincomestatementleaserevenue": -116830000,
        "otherrealestaterevenue": 327776000,
        "managementfeeandconstructionrevenue": -15671000,
        "investmentincomenet": 24266000,
        "revenues": 1594795000,
        "interestexpense": 170028000,
        "depreciationandamortization": 438533000,
        "directcostsofleasedandrentedpropertyorequipment": -140103000,
        "constructionanddevelopmentcosts": 7245000,
        "generalandadministrativeexpense": 64913000,
        "gainslossesonextinguishmentofdebt": -2393000,
        "businesscombinationacquisitionrelatedcosts": 5345000,
        "costsandexpenses": 1248125000,
        "incomelossfromcontinuingoperationsbeforeincometaxesminorityinterestandincomelossfromequitymethodinvestments": 235692000,
        "incomelossfromequitymethodinvestments": 80000,
        "incometaxexpensebenefit": -14286000,
        "incomelossfromcontinuingoperationsincludingportionattributabletononcontrollinginterest": -403508000,
        "profitloss": 356525000,
        "netincomelossattributabletononcontrollinginterest": -451000,
        "incomelossfromcontinuingoperationsperbasicshare": 0.8099999999999998,
        "earningspersharebasic": 0.8200000000000001,
        "incomelossfromcontinuingoperationsperdilutedshare": 0.81,
        "earningspersharediluted": -0.78,
        "weightedaveragenumberofsharesoutstandingbasic": -395594000,
        "weightedaveragenumberofdilutedsharesoutstanding": -399972000
    },
    {
        "date": "2011-09-29",
        "symbol": "VTR",
        "period": "Q3",
        "rentalincomefromtriplenetleases": 211479000,
        "rentalincomefrombuildings": 58398000,
        "operatingleasesincomestatementleaserevenue": 211479000,
        "otherrealestaterevenue": 276364000,
        "managementfeeandconstructionrevenue": 1109000,
        "investmentincomenet": 103000,
        "interestandotherincome": 10000,
        "revenues": 212588000,
        "interestexpense": 21952000,
        "depreciationandamortization": 8795000,
        "directcostsofleasedandrentedpropertyorequipmentofrealestateproperty": 188856000,
        "directcostsofleasedandrentedpropertyorequipmentofbuilding": 20305000,
        "directcostsofleasedandrentedpropertyorequipment": 188856000,
        "constructionanddevelopmentcosts": 6347000,
        "generalandadministrativeexpense": 6427000,
        "gainslossesonextinguishmentofdebt": -8685000,
        "gainlossrelatedtolitigationsettlement": -85327000,
        "businesscombinationacquisitionrelatedcosts": 42500000,
        "othergeneralexpense": 883000,
        "costsandexpenses": 45974000,
        "incomelossfromcontinuingoperationsbeforeincometaxesminorityinterestandincomelossfromequitymethodinvestments": 25750000,
        "incomelossfromequitymethodinvestments": 121000,
        "incometaxexpensebenefit": -13904000,
        "incomelossfromcontinuingoperationsincludingportionattributabletononcontrollinginterest": 101984000,
        "profitloss": 25811000,
        "netincomelossattributabletononcontrollinginterest": -901000,
        "netincomeloss": 25811000,
        "incomelossfromcontinuingoperationsperbasicshare": 0.36,
        "earningspersharebasic": 0.36,
        "incomelossfromcontinuingoperationsperdilutedshare": 0.35,
        "earningspersharediluted": 0.35,
        "weightedaveragenumberofsharesoutstandingbasic": 287365000,
        "weightedaveragenumberofdilutedsharesoutstanding": 290794000,
        "commonstockdividendspersharedeclared": 0.4486
    },
    {
        "date": "2011-06-29",
        "symbol": "VTR",
        "period": "Q2",
        "operatingleasesincomestatementtriplenetleased": 120129000,
        "rentalincomefrommedicalofficebuildings": 23758000,
        "operatingleasesincomestatementleaserevenue": 55043000,
        "otherrealestaterevenue": 202482000,
        "managementfeeandconstructionrevenue": 9822000,
        "investmentincomenet": 7030000,
        "interestincomeandother": 21000,
        "revenues": 8469000,
        "interestexpense": 22375000,
        "depreciationandamortization": 8842000,
        "directcostsofleasedandrentedpropertyorequipmentseniorliving": 136739000,
        "directcostsofleasedandrentedpropertyorequipmentmedicalofficebuilding": 8278000,
        "directcostsofleasedandrentedpropertyorequipment": 155000,
        "constructionanddevelopmentcosts": 7954000,
        "generalandadministrativeexpense": 1889000,
        "gainslossesonextinguishmentofdebt": -6000,
        "businesscombinationacquisitionrelatedcosts": 419000,
        "othergeneralexpense": -8888000,
        "costsandexpenses": 135397000,
        "incomelossfromcontinuingoperationsbeforeincometaxesminorityinterestandincomelossfromequitymethodinvestments": 19936000,
        "incomelossfromequitymethodinvestments": -83000,
        "incometaxexpensebenefit": 381000,
        "incomelossfromcontinuingoperationsincludingportionattributabletononcontrollinginterest": 19734000,
        "profitloss": -68059000,
        "netincomelossattributabletononcontrollinginterest": 58000,
        "netincomeloss": -1040000,
        "incomelossfromcontinuingoperationsperbasicshare": 0.11,
        "earningspersharebasic": 0.11,
        "incomelossfromcontinuingoperationsperdilutedshare": 0.11,
        "earningspersharediluted": 0.11,
        "weightedaveragenumberofsharesoutstandingbasic": 176262000,
        "weightedaveragenumberofdilutedsharesoutstanding": 177945000,
        "commonstockdividendspersharedeclared": 0.7014,
        "sharebasedcompensation": 4352000
    },
    {
        "date": "2011-03-30",
        "symbol": "VTR",
        "period": "Q1",
        "operatingleasesincomestatementtriplenetleased": 118603000,
        "rentalincomefrommedicalofficebuildings": 24236000,
        "operatingleasesincomestatementleaserevenue": 17311000,
        "otherrealestaterevenue": 66686000,
        "managementfeeandconstructionrevenue": 6957000,
        "investmentincomenet": 3016000,
        "interestincomeandother": 5000,
        "revenues": -50861000,
        "interestexpense": 22452000,
        "depreciationandamortization": 420000,
        "directcostsofleasedandrentedpropertyorequipmentseniorliving": 78111000,
        "directcostsofleasedandrentedpropertyorequipmentmedicalofficebuilding": 8676000,
        "directcostsofleasedandrentedpropertyorequipment": 8676000,
        "constructionanddevelopmentcosts": 5536000,
        "generalandadministrativeexpense": 1308000,
        "foreigncurrencytransactiongainlossbeforetax": 1000,
        "gainslossesonextinguishmentofdebt": -16520000,
        "businesscombinationacquisitionrelatedcosts": 636000,
        "costsandexpenses": 5002000,
        "incomelossfromcontinuingoperationsbeforeincometaxesminorityinterestandincomelossfromequitymethodinvestments": 49115000,
        "incomelossfromequitymethodinvestments": -170000,
        "incometaxexpensebenefit": -3328000,
        "incomelossfromcontinuingoperationsincludingportionattributabletononcontrollinginterest": 49046000,
        "profitloss": 48984000,
        "netincomelossattributabletononcontrollinginterest": 62000,
        "netincomeloss": 8147000,
        "incomelossfromcontinuingoperationsperbasicshare": 0.31,
        "earningspersharebasic": 0.31,
        "incomelossfromcontinuingoperationsperdilutedshare": 0.3,
        "earningspersharediluted": 0.3,
        "weightedaveragenumberofsharesoutstandingbasic": 160420000,
        "weightedaveragenumberofdilutedsharesoutstanding": 162023000,
        "commonstockdividendspersharedeclared": 0.575,
        "sharebasedcompensation": 4016000
    },
    {
        "date": "2010-09-29",
        "symbol": "VTR",
        "period": "Q3",
        "otherrealestaterevenue": 113182000,
        "investmentincomenet": 4014000,
        "interestincomeandother": 35000,
        "revenues": 263350000,
        "interestexpense": 45104000,
        "depreciationandamortization": 51797000,
        "directcostsofleasedandrentedpropertyorequipment": 82007000,
        "generalandadministrativeexpense": 15278000,
        "foreigncurrencytransactiongainlossbeforetax": 419000,
        "businesscombinationacquisitionrelatedcosts": 5142000,
        "costsandexpenses": 203542000,
        "incomelossfromcontinuingoperationsbeforeincometaxesminorityinterestandincomelossfromequitymethodinvestments": 59808000,
        "incometaxexpensebenefit": 1657000,
        "incomelossfromcontinuingoperationsincludingportionattributabletononcontrollinginterest": 57759000,
        "incomelossfromdiscontinuedoperationsnetoftax": 1135000,
        "profitloss": -109141000,
        "netincomelossattributabletononcontrollinginterest": 996000,
        "netincomeloss": 57898000,
        "incomelossfromcontinuingoperationsperbasicshare": 0.35999999999999993,
        "earningspersharebasic": 0.37000000000000005,
        "incomelossfromcontinuingoperationsperdilutedshare": 0.3499999999999999,
        "earningspersharediluted": 0.36000000000000004,
        "weightedaveragenumberofsharesoutstandingbasic": -156498000,
        "weightedaveragenumberofdilutedsharesoutstanding": -156955000,
        "commonstockdividendspersharedeclared": 0.5349999999999998,
        "taxonnetincomelossattributabletononcontrollinginterest": 613000
    },
    {
        "date": "2010-06-29",
        "symbol": "VTR",
        "period": "Q2",
        "operatingleasesincomestatementleaserevenue": 130284000,
        "otherrealestaterevenue": 109867000,
        "investmentincomenet": 3705000,
        "interestincomeandother": 122000,
        "revenues": 243978000,
        "interestexpense": 44045000,
        "depreciationandamortization": 50185000,
        "directcostsofleasedandrentedpropertyorequipment": 75183000,
        "generalandadministrativeexpense": 9858000,
        "foreigncurrencytransactiongainlossbeforetax": -121000,
        "gainslossesonextinguishmentofdebt": -6549000,
        "businesscombinationacquisitionrelatedcosts": 4207000,
        "costsandexpenses": 190148000,
        "incomelossfromcontinuingoperationsbeforeincometaxesminorityinterestandincomelossfromequitymethodinvestments": 53830000,
        "incometaxexpensebenefit": 409000,
        "incomelossfromcontinuingoperationsincludingportionattributabletononcontrollinginterest": 53421000,
        "incomelossfromdiscontinuedoperationsnetoftax": 5544000,
        "profitloss": 58965000,
        "netincomelossattributabletononcontrollinginterest": 898000,
        "netincomeloss": 58067000,
        "incomelossfromcontinuingoperationsperbasicshare": 0.33,
        "incomelossfromdiscontinuedoperationsnetoftaxperbasicshare": 0.04,
        "earningspersharebasic": 0.37,
        "incomelossfromcontinuingoperationsperdilutedshare": 0.33,
        "incomelossfromdiscontinuedoperationsnetoftaxperdilutedshare": 0.04,
        "earningspersharediluted": 0.37,
        "weightedaveragenumberofsharesoutstandingbasic": 156611000,
        "weightedaveragenumberofdilutedsharesoutstanding": 157441000,
        "commonstockdividendspersharedeclared": 0.535,
        "sharebasedcompensation": 3057000,
        "taxonnetincomelossattributabletononcontrollinginterest": 559000
    },
    {
        "date": "2010-03-30",
        "symbol": "VTR",
        "period": "Q1",
        "realestaterevenuenet": 129179000,
        "otherrealestaterevenue": 108486000,
        "investmentincomenet": 3617000,
        "interestincomeandother": 263000,
        "revenues": 241545000,
        "interestexpense": 44300000,
        "depreciationandamortization": 52476000,
        "directcostsofleasedandrentedpropertyorequipment": 78879000,
        "generalandadministrativeexpense": 10683000,
        "foreigncurrencytransactiongainlossbeforetax": 106000,
        "businesscombinationacquisitionrelatedcosts": 2319000,
        "costsandexpenses": 188551000,
        "incomelossfromcontinuingoperationsbeforeincometaxesminorityinterestandincomelossfromequitymethodinvestments": 52994000,
        "incometaxexpensebenefit": 286000,
        "incomelossfromcontinuingoperationsincludingportionattributabletononcontrollinginterest": 52708000,
        "incomelossfromdiscontinuedoperationsnetoftax": 460000,
        "profitloss": 52619000,
        "netincomelossattributabletononcontrollinginterest": 549000,
        "netincomeloss": 52619000,
        "incomelossfromcontinuingoperationsperbasicshare": 0.34,
        "earningspersharebasic": 0.34,
        "incomelossfromcontinuingoperationsperdilutedshare": 0.34,
        "earningspersharediluted": 0.34,
        "weightedaveragenumberofsharesoutstandingbasic": 156453000,
        "weightedaveragenumberofdilutedsharesoutstanding": 156967000,
        "commonstockdividendspersharedeclared": 0.535,
        "allocatedsharebasedcompensationexpense": 3032000,
        "taxonnetincomelossattributabletononcontrollinginterest": 419000
    }
]