[
    {
        "date": "2024-10-26",
        "symbol": "DE",
        "period": "Q4",
        "revenues": 14468000000,
        "costofrevenue": 6570000000,
        "researchanddevelopmentexpense": 625000000,
        "sellinggeneralandadministrativeexpense": 1231000000,
        "interestexpense": 1688000000,
        "othercostandexpenseoperating": -701000000,
        "costsandexpenses": 9625000000,
        "incomelossfromcontinuingoperationsbeforeincometaxesminorityinterestandincomelossfromequitymethodinvestments": 1519000000,
        "incometaxexpensebenefit": 249000000,
        "incomelossfromcontinuingoperationsbeforeincomelossfromequitymethodinvestments": 1270000000,
        "incomelossfromequitymethodinvestments": -29000000,
        "profitloss": 1241000000,
        "netincomelossattributabletononcontrollinginterest": -4000000,
        "netincomeloss": 1245000000,
        "earningspersharebasic": 4.6,
        "earningspersharediluted": 4.570000000000002,
        "commonstockdividendspersharedeclared": 1.4700000000000004,
        "commonstockdividendspersharecashpaid": 1.4700000000000002,
        "weightedaveragenumberofsharesoutstandingbasic": 276000000,
        "weightedaveragenumberofdilutedsharesoutstanding": 277100000,
        "othercomprehensiveincomelosspensionandotherpostretirementbenefitplansadjustmentnetoftax": 300000000,
        "othercomprehensiveincomelosscashflowhedgegainlossafterreclassificationandtax": -28000000,
        "othercomprehensiveincomelossavailableforsalesecuritiesadjustmentnetoftax": 12000000,
        "comprehensiveincomenetoftaxincludingportionattributabletononcontrollinginterest": 904000000,
        "comprehensiveincomenetoftaxattributabletononcontrollinginterest": -3000000,
        "comprehensiveincomenetoftax": 907000000
    },
    {
        "date": "2024-07-27",
        "symbol": "DE",
        "period": "Q3",
        "revenues": 13152000000,
        "costofrevenue": 7848000000,
        "researchanddevelopmentexpense": 567000000,
        "sellinggeneralandadministrativeexpense": 1278000000,
        "interestexpense": 22000000,
        "othercostandexpenseoperating": -1000000,
        "costsandexpenses": 10797000000,
        "incomelossfromcontinuingoperationsbeforeincometaxesminorityinterestandincomelossfromequitymethodinvestments": 2355000000,
        "incometaxexpensebenefit": 625000000,
        "incomelossfromcontinuingoperationsbeforeincomelossfromequitymethodinvestments": 1730000000,
        "incomelossfromequitymethodinvestments": 1000000,
        "profitloss": 1731000000,
        "netincomelossattributabletononcontrollinginterest": -3000000,
        "netincomeloss": 1734000000,
        "earningspersharebasic": 6.32,
        "earningspersharediluted": 6.29,
        "commonstockdividendspersharedeclared": 1.47,
        "commonstockdividendspersharecashpaid": 1.47,
        "weightedaveragenumberofsharesoutstandingbasic": 274500000,
        "weightedaveragenumberofdilutedsharesoutstanding": 275600000,
        "othercomprehensiveincomelosspensionandotherpostretirementbenefitplansadjustmentnetoftax": 21000000,
        "othercomprehensiveincomelossforeigncurrencytransactionandtranslationadjustmentnetoftax": -170000000,
        "othercomprehensiveincomelosscashflowhedgegainlossafterreclassificationandtax": -29000000,
        "othercomprehensiveincomelossavailableforsalesecuritiesadjustmentnetoftax": 23000000,
        "othercomprehensiveincomelossnetoftax": -197000000,
        "comprehensiveincomenetoftaxincludingportionattributabletononcontrollinginterest": 1534000000,
        "comprehensiveincomenetoftaxattributabletononcontrollinginterest": -3000000,
        "comprehensiveincomenetoftax": 1537000000
    },
    {
        "date": "2024-04-27",
        "symbol": "DE",
        "period": "Q2",
        "revenues": 13610000000,
        "costofrevenue": 9157000000,
        "researchanddevelopmentexpense": 565000000,
        "sellinggeneralandadministrativeexpense": 1265000000,
        "interestexpense": 836000000,
        "othercostandexpenseoperating": 295000000,
        "costsandexpenses": 12118000000,
        "incomelossfromcontinuingoperationsbeforeincometaxesminorityinterestandincomelossfromequitymethodinvestments": 3117000000,
        "incometaxexpensebenefit": 751000000,
        "incomelossfromcontinuingoperationsbeforeincomelossfromequitymethodinvestments": 2366000000,
        "incomelossfromequitymethodinvestments": 2000000,
        "profitloss": 2368000000,
        "netincomelossattributabletononcontrollinginterest": -2000000,
        "netincomeloss": 2370000000,
        "earningspersharebasic": 8.56,
        "earningspersharediluted": 8.53,
        "commonstockdividendspersharedeclared": 1.47,
        "commonstockdividendspersharecashpaid": 1.47,
        "weightedaveragenumberofsharesoutstandingbasic": 276800000,
        "weightedaveragenumberofdilutedsharesoutstanding": 277900000,
        "othercomprehensiveincomelosspensionandotherpostretirementbenefitplansadjustmentnetoftax": 87000000,
        "othercomprehensiveincomelossforeigncurrencytransactionandtranslationadjustmentnetoftax": -217000000,
        "othercomprehensiveincomelosscashflowhedgegainlossafterreclassificationandtax": 8000000,
        "othercomprehensiveincomelossavailableforsalesecuritiesadjustmentnetoftax": -12000000,
        "othercomprehensiveincomelossnetoftax": -308000000,
        "comprehensiveincomenetoftaxincludingportionattributabletononcontrollinginterest": 2060000000,
        "comprehensiveincomenetoftaxattributabletononcontrollinginterest": -3000000,
        "comprehensiveincomenetoftax": 2063000000
    },
    {
        "date": "2024-01-27",
        "symbol": "DE",
        "period": "Q1",
        "revenues": 10486000000,
        "costofrevenue": 7200000000,
        "researchanddevelopmentexpense": 533000000,
        "sellinggeneralandadministrativeexpense": 1066000000,
        "interestexpense": 802000000,
        "othercostandexpenseoperating": 369000000,
        "costsandexpenses": 9970000000,
        "incomelossfromcontinuingoperationsbeforeincometaxesminorityinterestandincomelossfromequitymethodinvestments": 2215000000,
        "incometaxexpensebenefit": 469000000,
        "incomelossfromcontinuingoperationsbeforeincomelossfromequitymethodinvestments": 1746000000,
        "incomelossfromequitymethodinvestments": 2000000,
        "profitloss": 1748000000,
        "netincomelossattributabletononcontrollinginterest": -3000000,
        "netincomeloss": 1751000000,
        "earningspersharebasic": 6.25,
        "earningspersharediluted": 6.23,
        "commonstockdividendspersharedeclared": 1.47,
        "commonstockdividendspersharecashpaid": 1.35,
        "weightedaveragenumberofsharesoutstandingbasic": 279900000,
        "weightedaveragenumberofdilutedsharesoutstanding": 281100000,
        "othercomprehensiveincomelosspensionandotherpostretirementbenefitplansadjustmentnetoftax": 21000000,
        "othercomprehensiveincomelossforeigncurrencytransactionandtranslationadjustmentnetoftax": 274000000,
        "othercomprehensiveincomelosscashflowhedgegainlossafterreclassificationandtax": -15000000,
        "othercomprehensiveincomelossavailableforsalesecuritiesadjustmentnetoftax": 13000000,
        "othercomprehensiveincomelossnetoftax": 251000000,
        "comprehensiveincomenetoftaxincludingportionattributabletononcontrollinginterest": 1999000000,
        "comprehensiveincomenetoftaxattributabletononcontrollinginterest": -2000000,
        "comprehensiveincomenetoftax": 2001000000
    },
    {
        "date": "2015-04-29",
        "symbol": "DE",
        "period": "Q2",
        "salesrevenuegoodsnet": 7398500000,
        "financialservicesrevenue": 576300000,
        "otherincome": 195900000,
        "revenues": 708900000,
        "costofgoodssold": 5694200000,
        "researchanddevelopmentexpense": 341100000,
        "sellinggeneralandadministrativeexpense": 740000000,
        "interestexpense": 165500000,
        "othercostandexpenseoperating": 212900000,
        "costsandexpenses": 444100000,
        "incomelossfromcontinuingoperationsbeforeincometaxesminorityinterestandincomelossfromequitymethodinvestments": 264800000,
        "incometaxexpensebenefit": 95400000,
        "incomelossfromcontinuingoperationsbeforeincomelossfromequitymethodinvestments": 169400000,
        "incomelossfromequitymethodinvestments": -2200000,
        "profitloss": 169800000,
        "netincomelossattributabletononcontrollinginterest": 300000,
        "netincomeloss": 169800000,
        "earningspersharebasic": 2.05,
        "earningspersharediluted": 2.03,
        "weightedaveragenumberofsharesoutstandingbasic": 337100000,
        "weightedaveragenumberofdilutedsharesoutstanding": 339700000,
        "othercomprehensiveincomelosspensionandotherpostretirementbenefitplansadjustmentnetoftax": -20900000,
        "othercomprehensiveincomelossforeigncurrencytransactionandtranslationadjustmentnetoftax": -66600000,
        "othercomprehensiveincomelossderivativesqualifyingashedgesnetoftax": 1300000,
        "othercomprehensiveincomelossavailableforsalesecuritiesadjustmentnetoftax": -4200000,
        "othercomprehensiveincomelossnetoftax": -48600000,
        "comprehensiveincomenetoftaxincludingportionattributabletononcontrollinginterest": 642200000,
        "comprehensiveincomenetoftaxattributabletononcontrollinginterest": 300000,
        "comprehensiveincomenetoftax": 641900000
    },
    {
        "date": "2015-01-30",
        "symbol": "DE",
        "period": "Q1",
        "salesrevenuegoodsnet": 1873000000,
        "financialservicesrevenue": 593600000,
        "otherincome": 184400000,
        "revenues": 50000000,
        "costofgoodssold": 4420600000,
        "researchanddevelopmentexpense": 333200000,
        "sellinggeneralandadministrativeexpense": 659000000,
        "interestexpense": 180100000,
        "othercostandexpenseoperating": 222600000,
        "costsandexpenses": 5815500000,
        "incomelossfromcontinuingoperationsbeforeincometaxesminorityinterestandincomelossfromequitymethodinvestments": 567600000,
        "incometaxexpensebenefit": 170500000,
        "incomelossfromcontinuingoperationsbeforeincomelossfromequitymethodinvestments": 397100000,
        "incomelossfromequitymethodinvestments": -10200000,
        "profitloss": 100000,
        "netincomelossattributabletononcontrollinginterest": 100000,
        "netincomeloss": 386800000,
        "earningspersharebasic": 1.13,
        "earningspersharediluted": 1.12,
        "weightedaveragenumberofsharesoutstandingbasic": 343100000,
        "weightedaveragenumberofdilutedsharesoutstanding": 345700000,
        "othercomprehensiveincomelosspensionandotherpostretirementbenefitplansadjustmentnetoftax": -42300000,
        "othercomprehensiveincomelossforeigncurrencytransactionandtranslationadjustmentnetoftax": -510400000,
        "othercomprehensiveincomelossderivativesqualifyingashedgesnetoftax": -1500000,
        "othercomprehensiveincomelossavailableforsalesecuritiesadjustmentnetoftax": 7300000,
        "othercomprehensiveincomelossnetoftax": -300000,
        "comprehensiveincomenetoftaxincludingportionattributabletononcontrollinginterest": -75400000,
        "comprehensiveincomenetoftaxattributabletononcontrollinginterest": -200000,
        "comprehensiveincomenetoftax": -75200000
    },
    {
        "date": "2014-10-30",
        "symbol": "DE",
        "period": "Q4",
        "salesrevenuegoodsnet": 12383400000,
        "financialservicesrevenue": 1147300000,
        "otherincome": -205100000,
        "revenues": 4680700000,
        "costofgoodssold": 6096800000,
        "researchanddevelopmentexpense": 412100000,
        "sellinggeneralandadministrativeexpense": 851300000,
        "interestexpense": -759400000,
        "othercostandexpenseoperating": 187400000,
        "costsandexpenses": 7888300000,
        "incomelossfromcontinuingoperationsbeforeincometaxesminorityinterestandincomelossfromequitymethodinvestments": 2050400000,
        "incometaxexpensebenefit": 132100000,
        "incomelossfromcontinuingoperationsbeforeincomelossfromequitymethodinvestments": 659700000,
        "incomelossfromequitymethodinvestments": -200000,
        "profitloss": -1824500000,
        "netincomelossattributabletononcontrollinginterest": 700000,
        "netincomeloss": -366600000,
        "earningspersharebasic": 1.8600000000000012,
        "earningspersharediluted": 1.8400000000000007,
        "weightedaveragenumberofsharesoutstandingbasic": -737400000,
        "weightedaveragenumberofdilutedsharesoutstanding": -744200000,
        "othercomprehensiveincomelosspensionandotherpostretirementbenefitplansadjustmentnetoftax": 809400000,
        "othercomprehensiveincomelossforeigncurrencytransactionandtranslationadjustmentnetoftax": -329500000,
        "othercomprehensiveincomelossderivativesqualifyingashedgesnetoftax": -1300000,
        "othercomprehensiveincomelossavailableforsalesecuritiesadjustmentnetoftax": 1600000,
        "othercomprehensiveincomelossnetoftax": -48700000,
        "comprehensiveincomenetoftaxincludingportionattributabletononcontrollinginterest": -488700000,
        "comprehensiveincomenetoftaxattributabletononcontrollinginterest": 400000,
        "comprehensiveincomenetoftax": -489100000
    },
    {
        "date": "2014-07-30",
        "symbol": "DE",
        "period": "Q3",
        "salesrevenuegoodsnet": 8723000000,
        "financialservicesrevenue": 573500000,
        "otherincome": 203700000,
        "revenues": 719800000,
        "costofgoodssold": 6611300000,
        "researchanddevelopmentexpense": 362100000,
        "sellinggeneralandadministrativeexpense": 820700000,
        "interestexpense": 153900000,
        "othercostandexpenseoperating": 260000000,
        "costsandexpenses": 8208000000,
        "incomelossfromcontinuingoperationsbeforeincometaxesminorityinterestandincomelossfromequitymethodinvestments": 1292200000,
        "incometaxexpensebenefit": 86400000,
        "incomelossfromcontinuingoperationsbeforeincomelossfromequitymethodinvestments": 842000000,
        "incomelossfromequitymethodinvestments": 8900000,
        "profitloss": 850900000,
        "netincomelossattributabletononcontrollinginterest": 200000,
        "netincomeloss": 162300000,
        "earningspersharebasic": 2.35,
        "earningspersharediluted": 2.33,
        "weightedaveragenumberofsharesoutstandingbasic": 361900000,
        "weightedaveragenumberofdilutedsharesoutstanding": 365100000,
        "othercomprehensiveincomelosspensionandotherpostretirementbenefitplansadjustmentnetoftax": -37300000,
        "othercomprehensiveincomelossforeigncurrencytransactionandtranslationadjustmentnetoftax": -24500000,
        "othercomprehensiveincomelossderivativesqualifyingashedgesnetoftax": 1800000,
        "othercomprehensiveincomelossavailableforsalesecuritiesadjustmentnetoftax": 4200000,
        "othercomprehensiveincomelossnetoftax": 18800000,
        "comprehensiveincomenetoftaxincludingportionattributabletononcontrollinginterest": 869700000,
        "comprehensiveincomenetoftaxattributabletononcontrollinginterest": 200000,
        "comprehensiveincomenetoftax": 869500000
    },
    {
        "date": "2014-04-29",
        "symbol": "DE",
        "period": "Q2",
        "salesrevenuegoodsnet": 9246200000,
        "financialservicesrevenue": 544100000,
        "otherincome": 157600000,
        "revenues": 630300000,
        "costofgoodssold": 6871800000,
        "researchanddevelopmentexpense": 354100000,
        "sellinggeneralandadministrativeexpense": 846500000,
        "interestexpense": 165800000,
        "othercostandexpenseoperating": 245900000,
        "costsandexpenses": 8484100000,
        "incomelossfromcontinuingoperationsbeforeincometaxesminorityinterestandincomelossfromequitymethodinvestments": 1463800000,
        "incometaxexpensebenefit": 81400000,
        "incomelossfromcontinuingoperationsbeforeincomelossfromequitymethodinvestments": 984800000,
        "incomelossfromequitymethodinvestments": -3600000,
        "profitloss": 981200000,
        "netincomelossattributabletononcontrollinginterest": 500000,
        "netincomeloss": 147700000,
        "earningspersharebasic": 2.67,
        "earningspersharediluted": 2.65,
        "weightedaveragenumberofsharesoutstandingbasic": 366600000,
        "weightedaveragenumberofdilutedsharesoutstanding": 369800000,
        "othercomprehensiveincomelosspensionandotherpostretirementbenefitplansadjustmentnetoftax": -37600000,
        "othercomprehensiveincomelossforeigncurrencytransactionandtranslationadjustmentnetoftax": 106500000,
        "othercomprehensiveincomelossderivativesqualifyingashedgesnetoftax": -600000,
        "othercomprehensiveincomelossavailableforsalesecuritiesadjustmentnetoftax": 2400000,
        "othercomprehensiveincomelossnetoftax": 145900000,
        "comprehensiveincomenetoftaxincludingportionattributabletononcontrollinginterest": 1127100000,
        "comprehensiveincomenetoftaxattributabletononcontrollinginterest": 500000,
        "comprehensiveincomenetoftax": 1126600000
    },
    {
        "date": "2014-01-30",
        "symbol": "DE",
        "period": "Q1",
        "salesrevenuegoodsnet": 2608000000,
        "financialservicesrevenue": 17200000,
        "otherincome": 174000000,
        "revenues": 7116200000,
        "costofgoodssold": 5195900000,
        "researchanddevelopmentexpense": 323700000,
        "sellinggeneralandadministrativeexpense": 765900000,
        "interestexpense": 171700000,
        "othercostandexpenseoperating": 232300000,
        "costsandexpenses": 6689100000,
        "incomelossfromcontinuingoperationsbeforeincometaxesminorityinterestandincomelossfromequitymethodinvestments": -9000000,
        "incometaxexpensebenefit": -3000000,
        "incomelossfromcontinuingoperationsbeforeincomelossfromequitymethodinvestments": 684400000,
        "incomelossfromequitymethodinvestments": -3100000,
        "profitloss": -6000000,
        "netincomelossattributabletononcontrollinginterest": 200000,
        "netincomeloss": 681100000,
        "earningspersharebasic": 1.83,
        "earningspersharediluted": 1.81,
        "weightedaveragenumberofsharesoutstandingbasic": 371900000,
        "weightedaveragenumberofdilutedsharesoutstanding": 375400000,
        "othercomprehensiveincomelosspensionandotherpostretirementbenefitplansadjustmentnetoftax": -50100000,
        "othercomprehensiveincomelossforeigncurrencytransactionandtranslationadjustmentnetoftax": -168000000,
        "othercomprehensiveincomelossderivativesqualifyingashedgesnetoftax": 2900000,
        "othercomprehensiveincomelossavailableforsalesecuritiesadjustmentnetoftax": -1300000,
        "othercomprehensiveincomelossnetoftax": -116300000,
        "comprehensiveincomenetoftaxincludingportionattributabletononcontrollinginterest": 565000000,
        "comprehensiveincomenetoftaxattributabletononcontrollinginterest": 200000,
        "comprehensiveincomenetoftax": 564800000
    },
    {
        "date": "2013-10-30",
        "symbol": "DE",
        "period": "Q4",
        "profitloss": 1323800000,
        "othercomprehensiveincomelosspensionandotherpostretirementbenefitplansadjustmentnetoftax": -1731700000,
        "othercomprehensiveincomelossforeigncurrencytransactionandtranslationadjustmentnetoftax": 72000000,
        "othercomprehensiveincomelossderivativesqualifyingashedgesnetoftax": 900000,
        "othercomprehensiveincomelossavailableforsalesecuritiesadjustmentnetoftax": 1100000,
        "othercomprehensiveincomelossnetoftax": -83700000,
        "comprehensiveincomenetoftaxincludingportionattributabletononcontrollinginterest": 2612800000,
        "comprehensiveincomenetoftax": 2612600000,
        "salesrevenuegoodsnet": 14391100000,
        "financialservicesrevenue": 571000000,
        "otherincome": -138900000,
        "revenues": -1365100000,
        "costofgoodssold": 6333900000,
        "researchanddevelopmentexpense": 405300000,
        "sellinggeneralandadministrativeexpense": -2184400000,
        "interestexpense": -256600000,
        "othercostandexpenseoperating": 251600000,
        "incomelossfromcontinuingoperationsbeforeincometaxesminorityinterestandincomelossfromequitymethodinvestments": 1994000000,
        "incometaxexpensebenefit": 1724500000,
        "incomelossfromcontinuingoperationsbeforeincomelossfromequitymethodinvestments": 2284600000,
        "incomelossfromequitymethodinvestments": -100000,
        "netincomelossattributabletononcontrollinginterest": 200000,
        "netincomeloss": 3129400000,
        "earningspersharebasic": 2.1399999999999997,
        "earningspersharediluted": 2.1199999999999997,
        "weightedaveragenumberofsharesoutstandingbasic": -778300000,
        "weightedaveragenumberofdilutedsharesoutstanding": -786500000
    },
    {
        "date": "2013-07-30",
        "symbol": "DE",
        "period": "Q3",
        "profitloss": 996600000,
        "othercomprehensiveincomelosspensionandotherpostretirementbenefitplansadjustmentnetoftax": -67200000,
        "othercomprehensiveincomelossforeigncurrencytransactionandtranslationadjustmentnetoftax": -103400000,
        "othercomprehensiveincomelossderivativesqualifyingashedgesnetoftax": 4000000,
        "othercomprehensiveincomelossavailableforsalesecuritiesadjustmentnetoftax": -12600000,
        "othercomprehensiveincomelossnetoftax": -44800000,
        "comprehensiveincomenetoftaxincludingportionattributabletononcontrollinginterest": 951800000,
        "comprehensiveincomenetoftaxattributabletononcontrollinginterest": 100000,
        "comprehensiveincomenetoftax": 951700000,
        "salesrevenuegoodsnet": 3549000000,
        "financialservicesrevenue": 530900000,
        "otherincome": 163400000,
        "revenues": 646700000,
        "costofgoodssold": 6837900000,
        "researchanddevelopmentexpense": 338700000,
        "sellinggeneralandadministrativeexpense": 919800000,
        "interestexpense": 182600000,
        "othercostandexpenseoperating": 181600000,
        "costsandexpensesincludinginterest": 8460600000,
        "incomelossfromcontinuingoperationsbeforeincometaxesminorityinterestandincomelossfromequitymethodinvestments": 1549300000,
        "incometaxexpensebenefit": 84500000,
        "incomelossfromcontinuingoperationsbeforeincomelossfromequitymethodinvestments": 995800000,
        "incomelossfromequitymethodinvestments": 800000,
        "netincomelossattributabletononcontrollinginterest": 100000,
        "netincomeloss": 150000000,
        "earningspersharebasic": 2.58,
        "earningspersharediluted": 2.56,
        "weightedaveragenumberofsharesoutstandingbasic": 386000000,
        "weightedaveragenumberofdilutedsharesoutstanding": 389600000
    },
    {
        "date": "2013-04-29",
        "symbol": "DE",
        "period": "Q2",
        "profitloss": 1084300000,
        "othercomprehensiveincomelosspensionandotherpostretirementbenefitplansadjustmentnetoftax": -81000000,
        "othercomprehensiveincomelossforeigncurrencytransactionandtranslationadjustmentnetoftax": -59800000,
        "othercomprehensiveincomelossderivativesqualifyingashedgesnetoftax": 2000000,
        "othercomprehensiveincomelossavailableforsalesecuritiesadjustmentnetoftax": 2300000,
        "othercomprehensiveincomelossnetoftax": 25500000,
        "comprehensiveincomenetoftaxincludingportionattributabletononcontrollinginterest": 1109800000,
        "comprehensiveincomenetoftaxattributabletononcontrollinginterest": 100000,
        "comprehensiveincomenetoftax": 1109700000,
        "salesrevenuegoodsnet": 10265000000,
        "financialservicesrevenue": 512200000,
        "otherincome": 136300000,
        "revenues": 594500000,
        "costofgoodssold": 7482200000,
        "researchanddevelopmentexpense": 376800000,
        "sellinggeneralandadministrativeexpense": 956300000,
        "interestexpense": 191000000,
        "othercostandexpenseoperating": 163400000,
        "costsandexpensesincludinginterest": 396800000,
        "incomelossfromcontinuingoperationsbeforeincometaxesminorityinterestandincomelossfromequitymethodinvestments": 1743800000,
        "incometaxexpensebenefit": 73200000,
        "incomelossfromcontinuingoperationsbeforeincomelossfromequitymethodinvestments": 124500000,
        "incomelossfromequitymethodinvestments": 6900000,
        "netincomelossattributabletononcontrollinginterest": 100000,
        "netincomeloss": 125000000,
        "earningspersharebasic": 2.79,
        "earningspersharediluted": 2.76,
        "weightedaveragenumberofsharesoutstandingbasic": 389200000,
        "weightedaveragenumberofdilutedsharesoutstanding": 393100000
    },
    {
        "date": "2013-01-30",
        "symbol": "DE",
        "period": "Q1",
        "profitloss": 132900000,
        "othercomprehensiveincomelosspensionandotherpostretirementbenefitplansadjustmentnetoftax": -70100000,
        "othercomprehensiveincomelossforeigncurrencytransactionandtranslationadjustmentnetoftax": 20300000,
        "othercomprehensiveincomelossderivativesqualifyingashedgesnetoftax": 3800000,
        "othercomprehensiveincomelossavailableforsalesecuritiesadjustmentnetoftax": -2100000,
        "othercomprehensiveincomelossnetoftax": 92000000,
        "comprehensiveincomenetoftaxincludingportionattributabletononcontrollinginterest": 741700000,
        "comprehensiveincomenetoftax": 741700000,
        "salesrevenuegoodsnet": 6792800000,
        "financialservicesrevenue": 501000000,
        "otherincome": 127600000,
        "revenues": 571900000,
        "costofgoodssold": 5014800000,
        "researchanddevelopmentexpense": 356500000,
        "sellinggeneralandadministrativeexpense": 781500000,
        "interestexpense": 180100000,
        "othercostandexpenseoperating": 142400000,
        "costsandexpensesincludinginterest": 375600000,
        "incomelossfromcontinuingoperationsbeforeincometaxesminorityinterestandincomelossfromequitymethodinvestments": 196300000,
        "incometaxexpensebenefit": 63700000,
        "incomelossfromcontinuingoperationsbeforeincomelossfromequitymethodinvestments": 132600000,
        "incomelossfromequitymethodinvestments": -7500000,
        "netincomelossattributabletononcontrollinginterest": -100000,
        "netincomeloss": 132900000,
        "earningspersharebasic": 1.67,
        "earningspersharediluted": 1.65,
        "weightedaveragenumberofsharesoutstandingbasic": 388400000,
        "weightedaveragenumberofdilutedsharesoutstanding": 393000000
    },
    {
        "date": "2012-10-30",
        "symbol": "DE",
        "period": "Q4",
        "salesrevenuegoodsnet": 9047000000,
        "financialservicesrevenue": 529100000,
        "otherincome": 215500000,
        "revenues": -7790800000,
        "costofgoodssold": 6841300000,
        "researchanddevelopmentexpense": 401300000,
        "sellinggeneralandadministrativeexpense": 948200000,
        "interestexpense": 200100000,
        "othercostandexpenseoperating": 278300000,
        "costsandexpensesincludinginterest": 22241000000,
        "incomelossfromcontinuingoperationsbeforeincometaxesminorityinterestandincomelossfromequitymethodinvestments": 1122400000,
        "incometaxexpensebenefit": 425100000,
        "incomelossfromcontinuingoperationsbeforeincomelossfromequitymethodinvestments": 1644100000,
        "incomelossfromequitymethodinvestments": -8400000,
        "profitloss": -1011600000,
        "netincomelossattributabletononcontrollinginterest": 1300000,
        "netincomeloss": -556000000,
        "earningspersharebasic": 1.7599999999999996,
        "earningspersharediluted": 1.7400000000000004,
        "weightedaveragenumberofsharesoutstandingbasic": -801800000,
        "weightedaveragenumberofdilutedsharesoutstanding": -810400000
    },
    {
        "date": "2012-07-30",
        "symbol": "DE",
        "period": "Q3",
        "salesrevenuegoodsnet": 8930300000,
        "financialservicesrevenue": 493200000,
        "otherincome": 166900000,
        "revenues": 9590400000,
        "costofgoodssold": 6756000000,
        "researchanddevelopmentexpense": 367800000,
        "sellinggeneralandadministrativeexpense": 878400000,
        "interestexpense": 194900000,
        "othercostandexpenseoperating": 178600000,
        "costsandexpensesincludinginterest": 8375700000,
        "incomelossfromcontinuingoperationsbeforeincometaxesminorityinterestandincomelossfromequitymethodinvestments": 1214700000,
        "incometaxexpensebenefit": 426800000,
        "incomelossfromcontinuingoperationsbeforeincomelossfromequitymethodinvestments": 787900000,
        "incomelossfromequitymethodinvestments": 2300000,
        "profitloss": 790200000,
        "netincomelossattributabletononcontrollinginterest": 2200000,
        "netincomeloss": 788000000,
        "earningspersharebasic": 2,
        "earningspersharediluted": 1.98,
        "weightedaveragenumberofsharesoutstandingbasic": 394700000,
        "weightedaveragenumberofdilutedsharesoutstanding": 398800000
    },
    {
        "date": "2012-04-29",
        "symbol": "DE",
        "period": "Q2",
        "salesrevenuegoodsnet": 9404600000,
        "financialservicesrevenue": 483900000,
        "otherincome": 120100000,
        "revenues": 554900000,
        "costofgoodssold": 6834500000,
        "researchanddevelopmentexpense": 352000000,
        "sellinggeneralandadministrativeexpense": 881400000,
        "interestexpense": 195700000,
        "othercostandexpenseoperating": 148000000,
        "costsandexpensesincludinginterest": 380000000,
        "incomelossfromcontinuingoperationsbeforeincometaxesminorityinterestandincomelossfromequitymethodinvestments": 1597000000,
        "incometaxexpensebenefit": 541300000,
        "incomelossfromcontinuingoperationsbeforeincomelossfromequitymethodinvestments": 108900000,
        "incomelossfromequitymethodinvestments": 2400000,
        "profitloss": 109200000,
        "netincomelossattributabletononcontrollinginterest": 1900000,
        "netincomeloss": 109200000,
        "earningspersharebasic": 2.64,
        "earningspersharediluted": 2.61,
        "weightedaveragenumberofsharesoutstandingbasic": 400200000,
        "weightedaveragenumberofdilutedsharesoutstanding": 404700000
    },
    {
        "date": "2012-01-30",
        "symbol": "DE",
        "period": "Q1",
        "salesrevenuegoodsnet": 6119000000,
        "financialservicesrevenue": 475100000,
        "otherincome": 172400000,
        "revenues": 100000000,
        "costofgoodssold": 4576000000,
        "researchanddevelopmentexpense": 312500000,
        "sellinggeneralandadministrativeexpense": 709000000,
        "interestexpense": 192100000,
        "othercostandexpenseoperating": 176600000,
        "costsandexpensesincludinginterest": 426000000,
        "incomelossfromcontinuingoperationsbeforeincometaxesminorityinterestandincomelossfromequitymethodinvestments": 800300000,
        "incometaxexpensebenefit": 266200000,
        "incomelossfromcontinuingoperationsbeforeincomelossfromequitymethodinvestments": 534100000,
        "incomelossfromequitymethodinvestments": 300000,
        "profitloss": 119100000,
        "netincomelossattributabletononcontrollinginterest": 1500000,
        "netincomeloss": 119100000,
        "earningspersharebasic": 1.32,
        "earningspersharediluted": 1.3,
        "weightedaveragenumberofsharesoutstandingbasic": 404000000,
        "weightedaveragenumberofdilutedsharesoutstanding": 408400000
    },
    {
        "date": "2011-10-30",
        "symbol": "DE",
        "period": "Q4",
        "salesrevenuegoodsnet": 12827700000,
        "financialservicesrevenue": 501800000,
        "otherincome": -98700000,
        "revenues": -1221000000,
        "costofgoodssold": 5925900000,
        "researchanddevelopmentexpense": 346800000,
        "sellinggeneralandadministrativeexpense": 1572700000,
        "interestexpense": 77600000,
        "othercostandexpenseoperating": -254700000,
        "costsandexpensesincludinginterest": 466000000,
        "incomelossfromcontinuingoperationsbeforeincometaxesminorityinterestandincomelossfromequitymethodinvestments": 1942400000,
        "incometaxexpensebenefit": 684200000,
        "incomelossfromcontinuingoperationsbeforeincomelossfromequitymethodinvestments": 1258200000,
        "incomelossfromequitymethodinvestments": -1700000,
        "profitloss": 122100000,
        "netincomelossattributabletononcontrollinginterest": 2400000,
        "netincomeloss": 122100000,
        "earningspersharebasic": 1.6300000000000001,
        "earningspersharediluted": 1.6199999999999994,
        "weightedaveragenumberofsharesoutstandingbasic": -842500000,
        "weightedaveragenumberofdilutedsharesoutstanding": -853500000
    },
    {
        "date": "2011-07-30",
        "symbol": "DE",
        "period": "Q3",
        "salesrevenuegoodsnet": 7721600000,
        "financialservicesrevenue": 492200000,
        "otherincome": 75800000,
        "revenues": 607000000,
        "costofgoodssold": 5792500000,
        "researchanddevelopmentexpense": 312000000,
        "sellinggeneralandadministrativeexpense": 102800000,
        "interestexpense": 148600000,
        "othercostandexpenseoperating": 161900000,
        "costsandexpensesincludinginterest": 413300000,
        "incomelossfromcontinuingoperationsbeforeincometaxesminorityinterestandincomelossfromequitymethodinvestments": 193700000,
        "incometaxexpensebenefit": 68300000,
        "incomelossfromcontinuingoperationsbeforeincomelossfromequitymethodinvestments": 125400000,
        "incomelossfromequitymethodinvestments": 5200000,
        "profitloss": 125600000,
        "netincomelossattributabletononcontrollinginterest": 2500000,
        "netincomeloss": 125600000,
        "earningspersharebasic": 1.71,
        "earningspersharediluted": 1.69,
        "weightedaveragenumberofsharesoutstandingbasic": 417400000,
        "weightedaveragenumberofdilutedsharesoutstanding": 422000000
    },
    {
        "date": "2011-04-29",
        "symbol": "DE",
        "period": "Q2",
        "salesrevenuegoodsnet": 3403000000,
        "financialservicesrevenue": 468500000,
        "otherincome": 113600000,
        "revenues": 491000000,
        "costofgoodssold": 6106900000,
        "researchanddevelopmentexpense": 298500000,
        "sellinggeneralandadministrativeexpense": 828200000,
        "interestexpense": 192300000,
        "othercostandexpenseoperating": 143100000,
        "costsandexpensesincludinginterest": 386900000,
        "incomelossfromcontinuingoperationsbeforeincometaxesminorityinterestandincomelossfromequitymethodinvestments": 1340700000,
        "incometaxexpensebenefit": 438900000,
        "incomelossfromcontinuingoperationsbeforeincomelossfromequitymethodinvestments": 901800000,
        "incomelossfromequitymethodinvestments": 4900000,
        "profitloss": 105100000,
        "netincomelossattributabletononcontrollinginterest": 2400000,
        "netincomeloss": 105100000,
        "earningspersharebasic": 2.15,
        "earningspersharediluted": 2.12,
        "weightedaveragenumberofsharesoutstandingbasic": 420700000,
        "weightedaveragenumberofdilutedsharesoutstanding": 426400000
    },
    {
        "date": "2011-01-30",
        "symbol": "DE",
        "period": "Q1",
        "salesrevenuegoodsnet": 5513800000,
        "financialservicesrevenue": 460100000,
        "otherincome": 145300000,
        "revenues": 507000000,
        "costofgoodssold": 4094100000,
        "researchanddevelopmentexpense": 268900000,
        "sellinggeneralandadministrativeexpense": 665000000,
        "interestexpense": 202500000,
        "othercostandexpenseoperating": 142700000,
        "costsandexpensesincludinginterest": 383400000,
        "incomelossfromcontinuingoperationsbeforeincometaxesminorityinterestandincomelossfromequitymethodinvestments": 746000000,
        "incometaxexpensebenefit": 232200000,
        "incomelossfromcontinuingoperationsbeforeincomelossfromequitymethodinvestments": 513800000,
        "incomelossfromequitymethodinvestments": 200000,
        "profitloss": 118200000,
        "netincomelossattributabletononcontrollinginterest": 600000,
        "netincomeloss": 118200000,
        "earningspersharebasic": 1.22,
        "earningspersharediluted": 1.2,
        "weightedaveragenumberofsharesoutstandingbasic": 421800000,
        "weightedaveragenumberofdilutedsharesoutstanding": 427500000
    },
    {
        "date": "2010-07-30",
        "symbol": "DE",
        "period": "Q3",
        "salesrevenuegoodsnet": 2255000000,
        "financialservicesrevenue": 448400000,
        "otherincome": 164500000,
        "revenues": 590000000,
        "costofgoodssold": 4519600000,
        "researchanddevelopmentexpense": 256300000,
        "sellinggeneralandadministrativeexpense": 751200000,
        "interestexpense": 193100000,
        "othercostandexpenseoperating": 195000000,
        "costsandexpensesincludinginterest": 5915200000,
        "incomelossfromcontinuingoperationsbeforeincometaxesminorityinterestandincomelossfromequitymethodinvestments": 921700000,
        "incometaxexpensebenefit": 308100000,
        "incomelossfromcontinuingoperationsbeforeincomelossfromequitymethodinvestments": 613600000,
        "incomelossfromequitymethodinvestments": 100000,
        "profitloss": 102100000,
        "netincomelossattributabletononcontrollinginterest": 2500000,
        "netincomeloss": 102100000,
        "earningspersharebasic": 1.45,
        "earningspersharediluted": 1.44,
        "weightedaveragenumberofsharesoutstandingbasic": 424500000,
        "weightedaveragenumberofdilutedsharesoutstanding": 429000000
    },
    {
        "date": "2010-04-29",
        "symbol": "DE",
        "period": "Q2",
        "salesrevenuegoodsnet": 6548200000,
        "financialservicesrevenue": 435100000,
        "otherincome": 147600000,
        "revenues": 7130900000,
        "costofgoodssold": 4765200000,
        "researchanddevelopmentexpense": 266000000,
        "sellinggeneralandadministrativeexpense": 733300000,
        "interestexpense": 207300000,
        "othercostandexpenseoperating": 170200000,
        "costsandexpensesincludinginterest": 6142000000,
        "incomelossfromcontinuingoperationsbeforeincometaxesminorityinterestandincomelossfromequitymethodinvestments": 988900000,
        "incometaxexpensebenefit": 448400000,
        "incomelossfromcontinuingoperationsbeforeincomelossfromequitymethodinvestments": 540500000,
        "incomelossfromequitymethodinvestments": 9300000,
        "profitloss": 549800000,
        "netincomelossattributabletononcontrollinginterest": 2300000,
        "netincomeloss": 547500000,
        "earningspersharebasic": 1.29,
        "earningspersharediluted": 1.28,
        "weightedaveragenumberofsharesoutstandingbasic": 424400000,
        "weightedaveragenumberofdilutedsharesoutstanding": 429000000
    },
    {
        "date": "2010-01-30",
        "symbol": "DE",
        "period": "Q1",
        "salesrevenuegoodsnet": 4237300000,
        "financialservicesrevenue": 467200000,
        "otherincome": 130300000,
        "revenues": 4834800000,
        "costofgoodssold": 3205500000,
        "researchanddevelopmentexpense": 235700000,
        "sellinggeneralandadministrativeexpense": 642100000,
        "interestexpense": 218500000,
        "othercostandexpenseoperating": 168700000,
        "costsandexpensesincludinginterest": 4470500000,
        "incomelossfromcontinuingoperationsbeforeincometaxesminorityinterestandincomelossfromequitymethodinvestments": 364300000,
        "incometaxexpensebenefit": 109900000,
        "incomelossfromcontinuingoperationsbeforeincomelossfromequitymethodinvestments": 254400000,
        "incomelossfromequitymethodinvestments": -8800000,
        "profitloss": 2400000,
        "netincomelossattributabletononcontrollinginterest": 2400000,
        "netincomeloss": 243200000,
        "earningspersharebasic": 0.57,
        "earningspersharediluted": 0.57,
        "weightedaveragenumberofsharesoutstandingbasic": 423600000,
        "weightedaveragenumberofdilutedsharesoutstanding": 427500000
    },
    {
        "date": "2009-07-30",
        "symbol": "DE",
        "period": "Q3",
        "salesrevenuenet": 5282700000,
        "financialservicesrevenue": 459700000,
        "otherincome": 142200000,
        "revenues": 5884600000,
        "costofgoodssold": 4057600000,
        "researchanddevelopmentexpense": 243300000,
        "sellinggeneralandadministrativeexpense": 659500000,
        "interestexpense": 249300000,
        "othercostandexpenseoperating": 165700000,
        "costsandexpensesincludinginterest": 5375400000,
        "incomelossfromcontinuingoperationsbeforeincometaxesminorityinterestandincomelossfromequitymethodinvestments": 509200000,
        "incometaxexpensebenefit": 87900000,
        "incomelossfromcontinuingoperationsbeforeincomelossfromequitymethodinvestments": 421300000,
        "incomelossfromequitymethodinvestments": -1300000,
        "profitloss": 420000000,
        "earningspersharebasic": 0.99,
        "earningspersharediluted": 0.99,
        "weightedaveragenumberofsharesoutstandingbasic": 422900000,
        "weightedaveragenumberofdilutedsharesoutstanding": 424800000
    }
]