[
    {
        "date": "2024-09-29",
        "symbol": "DD",
        "period": "Q3",
        "revenuefromcontractwithcustomerexcludingassessedtax": 3192000000,
        "costofgoodsandservicessold": 1998000000,
        "researchanddevelopmentexpense": 134000000,
        "sellinggeneralandadministrativeexpense": 387000000,
        "amortizationofintangibleassets": 149000000,
        "restructuringsettlementandimpairmentprovisionsincludingadjustments": 21000000,
        "businesscombinationintegrationandseparationrelatedcosts": 43000000,
        "incomelossfromequitymethodinvestments": 14000000,
        "nonoperatingincomeexpense": 199000000,
        "interestanddebtexpense": 86000000,
        "incomelossfromcontinuingoperationsbeforeincometaxesextraordinaryitemsnoncontrollinginterest": 586000000,
        "incometaxexpensebenefit": 106000000,
        "incomelossfromcontinuingoperationsincludingportionattributabletononcontrollinginterest": 480000000,
        "incomelossfromdiscontinuedoperationsnetoftax": -18000000,
        "profitloss": 462000000,
        "netincomelossattributabletononcontrollinginterest": 8000000,
        "netincomeloss": 454000000,
        "incomelossfromcontinuingoperationsperbasicshare": 1.13,
        "discontinuedoperationincomelossfromdiscontinuedoperationnetoftaxperbasicshare": -0.04,
        "earningspersharebasic": 1.09,
        "incomelossfromcontinuingoperationsperdilutedshare": 1.13,
        "discontinuedoperationincomelossfromdiscontinuedoperationnetoftaxperdilutedshare": -0.04,
        "earningspersharediluted": 1.08,
        "weightedaveragenumberofsharesoutstandingbasic": 417900000,
        "weightedaveragenumberofdilutedsharesoutstanding": 419500000,
        "othercomprehensiveincomelossforeigncurrencytransactionandtranslationadjustmentnetoftax": 431000000,
        "othercomprehensiveincomelosspensionandotherpostretirementbenefitplansadjustmentnetoftax": 16000000,
        "othercomprehensiveincomelosscashflowhedgegainlossafterreclassificationandtax": -21000000,
        "othercomprehensiveincomelossnetoftax": 394000000,
        "comprehensiveincomenetoftaxincludingportionattributabletononcontrollinginterest": 856000000,
        "comprehensiveincomenetoftaxattributabletononcontrollinginterest": 20000000,
        "comprehensiveincomenetoftax": 836000000
    },
    {
        "date": "2024-06-29",
        "symbol": "DD",
        "period": "Q2",
        "revenuefromcontractwithcustomerexcludingassessedtax": 3171000000,
        "costofgoodsandservicessold": 1996000000,
        "researchanddevelopmentexpense": 134000000,
        "sellinggeneralandadministrativeexpense": 418000000,
        "amortizationofintangibleassets": 151000000,
        "restructuringsettlementandimpairmentprovisionsincludingadjustments": 8000000,
        "businesscombinationintegrationandseparationrelatedcosts": 5000000,
        "incomelossfromequitymethodinvestments": 23000000,
        "nonoperatingincomeexpense": -87000000,
        "interestanddebtexpense": 99000000,
        "incomelossfromcontinuingoperationsbeforeincometaxesextraordinaryitemsnoncontrollinginterest": 296000000,
        "incometaxexpensebenefit": 120000000,
        "incomelossfromcontinuingoperationsincludingportionattributabletononcontrollinginterest": 176000000,
        "incomelossfromdiscontinuedoperationsnetoftax": 9000000,
        "profitloss": 185000000,
        "netincomelossattributabletononcontrollinginterest": 7000000,
        "netincomeloss": 178000000,
        "incomelossfromcontinuingoperationsperbasicshare": 0.4,
        "discontinuedoperationincomelossfromdiscontinuedoperationnetoftaxperbasicshare": 0.02,
        "earningspersharebasic": 0.43,
        "incomelossfromcontinuingoperationsperdilutedshare": 0.4,
        "discontinuedoperationincomelossfromdiscontinuedoperationnetoftaxperdilutedshare": 0.02,
        "earningspersharediluted": 0.42,
        "weightedaveragenumberofsharesoutstandingbasic": 417800000,
        "weightedaveragenumberofdilutedsharesoutstanding": 419300000,
        "othercomprehensiveincomelossforeigncurrencytransactionandtranslationadjustmentnetoftax": -128000000,
        "othercomprehensiveincomelosspensionandotherpostretirementbenefitplansadjustmentnetoftax": 23000000,
        "othercomprehensiveincomelosscashflowhedgegainlossafterreclassificationandtax": 10000000,
        "othercomprehensiveincomelossnetoftax": -141000000,
        "comprehensiveincomenetoftaxincludingportionattributabletononcontrollinginterest": 44000000,
        "comprehensiveincomenetoftaxattributabletononcontrollinginterest": 1000000,
        "comprehensiveincomenetoftax": 43000000
    },
    {
        "date": "2024-03-30",
        "symbol": "DD",
        "period": "Q1",
        "revenuefromcontractwithcustomerexcludingassessedtax": 2931000000,
        "costofgoodsandservicessold": 1918000000,
        "researchanddevelopmentexpense": 125000000,
        "sellinggeneralandadministrativeexpense": 384000000,
        "amortizationofintangibleassets": 149000000,
        "restructuringsettlementandimpairmentprovisionsincludingadjustments": 39000000,
        "businesscombinationintegrationandseparationrelatedcosts": 3000000,
        "incomelossfromequitymethodinvestments": 12000000,
        "nonoperatingincomeexpense": 38000000,
        "interestanddebtexpense": 96000000,
        "incomelossfromcontinuingoperationsbeforeincometaxesextraordinaryitemsnoncontrollinginterest": 267000000,
        "incometaxexpensebenefit": 84000000,
        "incomelossfromcontinuingoperationsincludingportionattributabletononcontrollinginterest": 183000000,
        "incomelossfromdiscontinuedoperationsnetoftax": 14000000,
        "profitloss": 197000000,
        "netincomelossattributabletononcontrollinginterest": 8000000,
        "netincomeloss": 189000000,
        "incomelossfromcontinuingoperationsperbasicshare": 0.41,
        "discontinuedoperationincomelossfromdiscontinuedoperationnetoftaxperbasicshare": 0.03,
        "earningspersharebasic": 0.45,
        "incomelossfromcontinuingoperationsperdilutedshare": 0.41,
        "discontinuedoperationincomelossfromdiscontinuedoperationnetoftaxperdilutedshare": 0.03,
        "earningspersharediluted": 0.45,
        "weightedaveragenumberofsharesoutstandingbasic": 422800000,
        "weightedaveragenumberofdilutedsharesoutstanding": 424300000,
        "othercomprehensiveincomelossforeigncurrencytransactionandtranslationadjustmentnetoftax": -244000000,
        "othercomprehensiveincomelosspensionandotherpostretirementbenefitplansadjustmentnetoftax": 3000000,
        "othercomprehensiveincomelosscashflowhedgegainlossafterreclassificationandtax": 11000000,
        "othercomprehensiveincomelossnetoftax": -236000000,
        "comprehensiveincomenetoftaxincludingportionattributabletononcontrollinginterest": -39000000,
        "comprehensiveincomenetoftaxattributabletononcontrollinginterest": 1000000,
        "comprehensiveincomenetoftax": -40000000
    },
    {
        "date": "2023-12-30",
        "symbol": "DD",
        "period": "Q4",
        "revenuefromcontractwithcustomerexcludingassessedtax": 2898000000,
        "costofgoodsandservicessold": 1868000000,
        "researchanddevelopmentexpense": 128000000,
        "sellinggeneralandadministrativeexpense": 350000000,
        "amortizationofintangibleassets": 152000000,
        "restructuringsettlementandimpairmentprovisionsincludingadjustments": 107000000,
        "incomelossfromequitymethodinvestments": 11000000,
        "nonoperatingincomeexpense": -10000000,
        "interestanddebtexpense": 101000000,
        "incomelossfromcontinuingoperationsbeforeincometaxesextraordinaryitemsnoncontrollinginterest": -616000000,
        "incometaxexpensebenefit": -316000000,
        "incomelossfromcontinuingoperationsincludingportionattributabletononcontrollinginterest": -300000000,
        "incomelossfromdiscontinuedoperationsnetoftax": 286000000,
        "profitloss": 112000000,
        "netincomelossattributabletononcontrollinginterest": 8000000,
        "netincomeloss": -22000000,
        "incomelossfromcontinuingoperationsperbasicshare": -0.6599999999999999,
        "discontinuedoperationincomelossfromdiscontinuedoperationnetoftaxperbasicshare": 0.62,
        "earningspersharebasic": -0.040000000000000036,
        "incomelossfromcontinuingoperationsperdilutedshare": -0.6599999999999999,
        "discontinuedoperationincomelossfromdiscontinuedoperationnetoftaxperdilutedshare": 0.62,
        "earningspersharediluted": -0.040000000000000036,
        "weightedaveragenumberofsharesoutstandingbasic": 449900000,
        "weightedaveragenumberofdilutedsharesoutstanding": 451200000,
        "othercomprehensiveincomelossforeigncurrencytransactionandtranslationadjustmentnetoftax": 383000000,
        "othercomprehensiveincomelosspensionandotherpostretirementbenefitplansadjustmentnetoftax": 79000000,
        "othercomprehensiveincomelosscashflowhedgegainlossafterreclassificationandtax": -29000000,
        "othercomprehensiveincomelossnetoftax": 148000000,
        "comprehensiveincomenetoftaxincludingportionattributabletononcontrollinginterest": 229000000,
        "comprehensiveincomenetoftaxattributabletononcontrollinginterest": 13000000,
        "comprehensiveincomenetoftax": 216000000
    },
    {
        "date": "2023-09-29",
        "symbol": "DD",
        "period": "Q3",
        "revenuefromcontractwithcustomerexcludingassessedtax": 3058000000,
        "costofgoodsandservicessold": 1954000000,
        "researchanddevelopmentexpense": 128000000,
        "sellinggeneralandadministrativeexpense": 360000000,
        "amortizationofintangibleassets": 155000000,
        "restructuringsettlementandimpairmentprovisionsincludingadjustments": 8000000,
        "businesscombinationintegrationandseparationrelatedcosts": 9000000,
        "incomelossfromequitymethodinvestments": 11000000,
        "nonoperatingincomeexpense": 55000000,
        "interestanddebtexpense": 102000000,
        "incomelossfromcontinuingoperationsbeforeincometaxesextraordinaryitemsnoncontrollinginterest": 408000000,
        "incometaxexpensebenefit": 117000000,
        "incomelossfromcontinuingoperationsincludingportionattributabletononcontrollinginterest": 291000000,
        "incomelossfromdiscontinuedoperationsnetoftax": 37000000,
        "profitloss": 328000000,
        "netincomelossattributabletononcontrollinginterest": 9000000,
        "netincomeloss": 319000000,
        "incomelossfromcontinuingoperationsperbasicshare": 0.62,
        "discontinuedoperationincomelossfromdiscontinuedoperationnetoftaxperbasicshare": 0.08,
        "earningspersharebasic": 0.71,
        "incomelossfromcontinuingoperationsperdilutedshare": 0.62,
        "discontinuedoperationincomelossfromdiscontinuedoperationnetoftaxperdilutedshare": 0.08,
        "earningspersharediluted": 0.7,
        "weightedaveragenumberofsharesoutstandingbasic": 451700000,
        "weightedaveragenumberofdilutedsharesoutstanding": 453400000,
        "othercomprehensiveincomelossforeigncurrencytransactionandtranslationadjustmentnetoftax": -268000000,
        "othercomprehensiveincomelosspensionandotherpostretirementbenefitplansadjustmentnetoftax": 3000000,
        "othercomprehensiveincomelosscashflowhedgegainlossafterreclassificationandtax": 9000000,
        "othercomprehensiveincomelossnetoftax": -262000000,
        "comprehensiveincomenetoftaxincludingportionattributabletononcontrollinginterest": 66000000,
        "comprehensiveincomenetoftaxattributabletononcontrollinginterest": 5000000,
        "comprehensiveincomenetoftax": 61000000
    },
    {
        "date": "2023-06-29",
        "symbol": "DD",
        "period": "Q2",
        "revenuefromcontractwithcustomerexcludingassessedtax": 3094000000,
        "costofgoodsandservicessold": 2030000000,
        "researchanddevelopmentexpense": 125000000,
        "sellinggeneralandadministrativeexpense": 358000000,
        "amortizationofintangibleassets": 146000000,
        "restructuringsettlementandimpairmentprovisionsincludingadjustments": 17000000,
        "businesscombinationintegrationandseparationrelatedcosts": 6000000,
        "incomelossfromequitymethodinvestments": 14000000,
        "nonoperatingincomeexpense": 28000000,
        "interestanddebtexpense": 98000000,
        "incomelossfromcontinuingoperationsbeforeincometaxesextraordinaryitemsnoncontrollinginterest": 356000000,
        "incometaxexpensebenefit": 87000000,
        "incomelossfromcontinuingoperationsincludingportionattributabletononcontrollinginterest": 269000000,
        "incomelossfromdiscontinuedoperationsnetoftax": -386000000,
        "profitloss": 14000000,
        "netincomelossattributabletononcontrollinginterest": 14000000,
        "netincomeloss": -131000000,
        "incomelossfromcontinuingoperationsperbasicshare": 0.56,
        "discontinuedoperationincomelossfromdiscontinuedoperationnetoftaxperbasicshare": -0.84,
        "earningspersharebasic": -0.29,
        "incomelossfromcontinuingoperationsperdilutedshare": 0.55,
        "discontinuedoperationincomelossfromdiscontinuedoperationnetoftaxperdilutedshare": -0.84,
        "earningspersharediluted": -0.28,
        "weightedaveragenumberofsharesoutstandingbasic": 459200000,
        "weightedaveragenumberofdilutedsharesoutstanding": 460300000,
        "othercomprehensiveincomelossforeigncurrencytransactionandtranslationadjustmentnetoftax": -159000000,
        "othercomprehensiveincomelosspensionandotherpostretirementbenefitplansadjustmentnetoftax": 6000000,
        "othercomprehensiveincomelosscashflowhedgegainlossafterreclassificationandtax": -18000000,
        "othercomprehensiveincomelossnetoftax": -10000000,
        "comprehensiveincomenetoftaxincludingportionattributabletononcontrollinginterest": -300000000,
        "comprehensiveincomenetoftaxattributabletononcontrollinginterest": 4000000,
        "comprehensiveincomenetoftax": -304000000
    },
    {
        "date": "2023-03-30",
        "symbol": "DD",
        "period": "Q1",
        "revenuefromcontractwithcustomerexcludingassessedtax": 3018000000,
        "costofgoodsandservicessold": 1983000000,
        "researchanddevelopmentexpense": 127000000,
        "sellinggeneralandadministrativeexpense": 340000000,
        "amortizationofintangibleassets": 147000000,
        "restructuringsettlementandimpairmentprovisionsincludingadjustments": 14000000,
        "incomelossfromequitymethodinvestments": 15000000,
        "nonoperatingincomeexpense": 29000000,
        "interestanddebtexpense": 95000000,
        "incomelossfromcontinuingoperationsbeforeincometaxesextraordinaryitemsnoncontrollinginterest": 356000000,
        "incometaxexpensebenefit": 83000000,
        "incomelossfromcontinuingoperationsincludingportionattributabletononcontrollinginterest": 273000000,
        "incomelossfromdiscontinuedoperationsnetoftax": -8000000,
        "profitloss": 8000000,
        "netincomelossattributabletononcontrollinginterest": 8000000,
        "netincomeloss": 257000000,
        "incomelossfromcontinuingoperationsperbasicshare": 0.58,
        "discontinuedoperationincomelossfromdiscontinuedoperationnetoftaxperbasicshare": -0.02,
        "earningspersharebasic": 0.56,
        "incomelossfromcontinuingoperationsperdilutedshare": 0.58,
        "discontinuedoperationincomelossfromdiscontinuedoperationnetoftaxperdilutedshare": -0.02,
        "earningspersharediluted": 0.56,
        "weightedaveragenumberofsharesoutstandingbasic": 458800000,
        "weightedaveragenumberofdilutedsharesoutstanding": 460200000,
        "othercomprehensiveincomelossforeigncurrencytransactionandtranslationadjustmentnetoftax": 82000000,
        "othercomprehensiveincomelosspensionandotherpostretirementbenefitplansadjustmentnetoftax": 4000000,
        "othercomprehensiveincomelosscashflowhedgegainlossafterreclassificationandtax": -3000000,
        "othercomprehensiveincomelossnetoftax": -3000000,
        "comprehensiveincomenetoftaxincludingportionattributabletononcontrollinginterest": 340000000,
        "comprehensiveincomenetoftaxattributabletononcontrollinginterest": 9000000,
        "comprehensiveincomenetoftax": 331000000
    },
    {
        "date": "2022-12-30",
        "symbol": "DD",
        "period": "Q4",
        "revenuefromcontractwithcustomerexcludingassessedtax": 8557000000,
        "costofgoodsandservicessold": 2048000000,
        "researchanddevelopmentexpense": 123000000,
        "sellinggeneralandadministrativeexpense": 337000000,
        "amortizationofintangibleassets": 143000000,
        "nonoperatingincomeexpense": 68000000,
        "interestanddebtexpense": 121000000,
        "incomelossfromcontinuingoperationsbeforeincometaxesextraordinaryitemsnoncontrollinginterest": 193000000,
        "incometaxexpensebenefit": 88000000,
        "incomelossfromcontinuingoperationsincludingportionattributabletononcontrollinginterest": 105000000,
        "incomelossfromdiscontinuedoperationsnetoftax": -876000000,
        "profitloss": 12000000,
        "netincomelossattributabletononcontrollinginterest": 12000000,
        "netincomeloss": 4226000000,
        "incomelossfromcontinuingoperationsperbasicshare": 0.2099999999999999,
        "discontinuedoperationincomelossfromdiscontinuedoperationnetoftaxperbasicshare": 8.309999999999999,
        "earningspersharebasic": 8.52,
        "incomelossfromcontinuingoperationsperdilutedshare": 0.21999999999999992,
        "discontinuedoperationincomelossfromdiscontinuedoperationnetoftaxperdilutedshare": 8.290000000000001,
        "earningspersharediluted": 8.51,
        "weightedaveragenumberofsharesoutstandingbasic": -7100000,
        "weightedaveragenumberofdilutedsharesoutstanding": -7500000,
        "othercomprehensiveincomelossforeigncurrencytransactionandtranslationadjustmentnetoftax": 683000000,
        "othercomprehensiveincomelosspensionandotherpostretirementbenefitplansadjustmentnetoftax": -20000000,
        "othercomprehensiveincomelosscashflowhedgegainlossafterreclassificationandtax": -48000000,
        "othercomprehensiveincomelossnetoftax": -127000000,
        "comprehensiveincomenetoftaxincludingportionattributabletononcontrollinginterest": 5060000000,
        "comprehensiveincomenetoftaxattributabletononcontrollinginterest": 22000000,
        "comprehensiveincomenetoftax": 5038000000
    },
    {
        "date": "2022-09-29",
        "symbol": "DD",
        "period": "Q3",
        "revenuefromcontractwithcustomerexcludingassessedtax": 4248000000,
        "costofgoodsandservicessold": 2095000000,
        "researchanddevelopmentexpense": 129000000,
        "sellinggeneralandadministrativeexpense": 356000000,
        "amortizationofintangibleassets": 146000000,
        "businesscombinationintegrationandseparationrelatedcosts": 7000000,
        "incomelossfromequitymethodinvestments": 0,
        "nonoperatingincomeexpense": 26000000,
        "interestanddebtexpense": 127000000,
        "incomelossfromcontinuingoperationsbeforeincometaxesextraordinaryitemsnoncontrollinginterest": 498000000,
        "incometaxexpensebenefit": 139000000,
        "incomelossfromcontinuingoperationsincludingportionattributabletononcontrollinginterest": 359000000,
        "incomelossfromdiscontinuedoperationsnetoftax": 26000000,
        "profitloss": 9000000,
        "netincomelossattributabletononcontrollinginterest": 9000000,
        "netincomeloss": 367000000,
        "incomelossfromcontinuingoperationsperbasicshare": 0.69,
        "discontinuedoperationincomelossfromdiscontinuedoperationnetoftaxperbasicshare": 0.06000000000000005,
        "earningspersharebasic": 0.7400000000000002,
        "incomelossfromcontinuingoperationsperdilutedshare": 0.6799999999999999,
        "discontinuedoperationincomelossfromdiscontinuedoperationnetoftaxperdilutedshare": 0.06000000000000005,
        "earningspersharediluted": 0.7400000000000002,
        "weightedaveragenumberofsharesoutstandingbasic": -3100000,
        "weightedaveragenumberofdilutedsharesoutstanding": -3300000,
        "othercomprehensiveincomelossforeigncurrencytransactionandtranslationadjustmentnetoftax": -837000000,
        "othercomprehensiveincomelosspensionandotherpostretirementbenefitplansadjustmentnetoftax": -29000000,
        "othercomprehensiveincomelosscashflowhedgegainlossafterreclassificationandtax": 42000000,
        "othercomprehensiveincomelossnetoftax": 42000000,
        "comprehensiveincomenetoftaxincludingportionattributabletononcontrollinginterest": -390000000,
        "comprehensiveincomenetoftaxattributabletononcontrollinginterest": 1000000,
        "comprehensiveincomenetoftax": -391000000
    },
    {
        "date": "2022-06-29",
        "symbol": "DD",
        "period": "Q2",
        "revenuefromcontractwithcustomerexcludingassessedtax": 109000000,
        "costofgoodsandservicessold": 2149000000,
        "researchanddevelopmentexpense": 141000000,
        "sellinggeneralandadministrativeexpense": 385000000,
        "amortizationofintangibleassets": 148000000,
        "restructuringsettlementandimpairmentprovisionsincludingadjustments": 0,
        "businesscombinationintegrationandseparationrelatedcosts": 13000000,
        "incomelossfromequitymethodinvestments": 3000000,
        "nonoperatingincomeexpense": 94000000,
        "interestanddebtexpense": 120000000,
        "incomelossfromcontinuingoperationsbeforeincometaxesextraordinaryitemsnoncontrollinginterest": 478000000,
        "incometaxexpensebenefit": 113000000,
        "incomelossfromcontinuingoperationsincludingportionattributabletononcontrollinginterest": 365000000,
        "incomelossfromdiscontinuedoperationsnetoftax": 493000000,
        "profitloss": 8000000,
        "netincomelossattributabletononcontrollinginterest": 8000000,
        "netincomeloss": 787000000,
        "incomelossfromcontinuingoperationsperbasicshare": 0.7000000000000002,
        "discontinuedoperationincomelossfromdiscontinuedoperationnetoftaxperbasicshare": 0.8399999999999999,
        "earningspersharebasic": 1.5599999999999998,
        "incomelossfromcontinuingoperationsperdilutedshare": 0.7000000000000002,
        "discontinuedoperationincomelossfromdiscontinuedoperationnetoftaxperdilutedshare": 0.8499999999999999,
        "earningspersharediluted": 1.55,
        "weightedaveragenumberofsharesoutstandingbasic": -3300000,
        "weightedaveragenumberofdilutedsharesoutstanding": -3599999.9999999404,
        "othercomprehensiveincomelossforeigncurrencytransactionandtranslationadjustmentnetoftax": -693000000,
        "othercomprehensiveincomelosspensionandotherpostretirementbenefitplansadjustmentnetoftax": 1000000,
        "othercomprehensiveincomelosscashflowhedgegainlossafterreclassificationandtax": 56000000,
        "othercomprehensiveincomelossnetoftax": 56000000,
        "comprehensiveincomenetoftaxincludingportionattributabletononcontrollinginterest": 157000000,
        "comprehensiveincomenetoftaxattributabletononcontrollinginterest": -5000000,
        "comprehensiveincomenetoftax": 162000000
    },
    {
        "date": "2022-03-30",
        "symbol": "DD",
        "period": "Q1",
        "revenuefromcontractwithcustomerexcludingassessedtax": 103000000,
        "costofgoodsandservicessold": 2110000000,
        "researchanddevelopmentexpense": 143000000,
        "sellinggeneralandadministrativeexpense": 389000000,
        "amortizationofintangibleassets": 153000000,
        "restructuringsettlementandimpairmentprovisionsincludingadjustments": 101000000,
        "businesscombinationintegrationandseparationrelatedcosts": 8000000,
        "incomelossfromequitymethodinvestments": 2000000,
        "nonoperatingincomeexpense": 3000000,
        "interestanddebtexpense": 118000000,
        "incomelossfromcontinuingoperationsbeforeincometaxesextraordinaryitemsnoncontrollinginterest": 279000000,
        "incometaxexpensebenefit": 47000000,
        "incomelossfromcontinuingoperationsincludingportionattributabletononcontrollinginterest": 232000000,
        "incomelossfromdiscontinuedoperationsnetoftax": 288000000,
        "profitloss": 20000000,
        "netincomelossattributabletononcontrollinginterest": 20000000,
        "netincomeloss": 488000000,
        "incomelossfromcontinuingoperationsperbasicshare": 0.42,
        "discontinuedoperationincomelossfromdiscontinuedoperationnetoftaxperbasicshare": 0.54,
        "earningspersharebasic": 0.95,
        "incomelossfromcontinuingoperationsperdilutedshare": 0.42,
        "discontinuedoperationincomelossfromdiscontinuedoperationnetoftaxperdilutedshare": 0.53,
        "earningspersharediluted": 0.95,
        "weightedaveragenumberofsharesoutstandingbasic": 512000000,
        "weightedaveragenumberofdilutedsharesoutstanding": 513799999.99999994,
        "othercomprehensiveincomelossforeigncurrencytransactionandtranslationadjustmentnetoftax": -272000000,
        "othercomprehensiveincomelosspensionandotherpostretirementbenefitplansadjustmentnetoftax": 7000000,
        "othercomprehensiveincomelosscashflowhedgegainlossafterreclassificationandtax": 11000000,
        "othercomprehensiveincomelossnetoftax": 11000000,
        "comprehensiveincomenetoftaxincludingportionattributabletononcontrollinginterest": 240000000,
        "comprehensiveincomenetoftaxattributabletononcontrollinginterest": 13000000,
        "comprehensiveincomenetoftax": 227000000
    },
    {
        "date": "2021-12-30",
        "symbol": "DD",
        "period": "Q4",
        "revenuefromcontractwithcustomerexcludingassessedtax": 16206000000,
        "costofgoodsandservicessold": 2858000000,
        "researchanddevelopmentexpense": 162000000,
        "sellinggeneralandadministrativeexpense": 465000000,
        "amortizationofintangibleassets": 195000000,
        "businesscombinationintegrationandseparationrelatedcosts": 75000000,
        "incomelossfromequitymethodinvestments": 88000000,
        "nonoperatingincomeexpense": -7000000,
        "interestanddebtexpense": 113000000,
        "incomelossfromcontinuingoperationsbeforeincometaxesextraordinaryitemsnoncontrollinginterest": 350000000,
        "incometaxexpensebenefit": 84000000,
        "incomelossfromcontinuingoperationsincludingportionattributabletononcontrollinginterest": 266000000,
        "incomelossfromdiscontinuedoperationsnetoftax": -6000000,
        "profitloss": 22000000,
        "netincomelossattributabletononcontrollinginterest": 22000000,
        "netincomeloss": 204000000,
        "incomelossfromcontinuingoperationsperbasicshare": 0.5000000000000001,
        "discontinuedoperationincomelossfromdiscontinuedoperationnetoftaxperbasicshare": 0.07000000000000028,
        "earningspersharebasic": 0.5700000000000003,
        "incomelossfromcontinuingoperationsperdilutedshare": 0.5000000000000001,
        "discontinuedoperationincomelossfromdiscontinuedoperationnetoftaxperdilutedshare": 0.07000000000000028,
        "earningspersharediluted": 0.5700000000000003,
        "weightedaveragenumberofsharesoutstandingbasic": -9000000,
        "weightedaveragenumberofdilutedsharesoutstanding": -8900000,
        "othercomprehensiveincomelossforeigncurrencytransactionandtranslationadjustmentnetoftax": -201000000,
        "othercomprehensiveincomelosspensionandotherpostretirementbenefitplansadjustmentnetoftax": -402000000,
        "othercomprehensiveincomelossnetoftax": 18000000,
        "comprehensiveincomenetoftaxincludingportionattributabletononcontrollinginterest": 445000000,
        "comprehensiveincomenetoftaxattributabletononcontrollinginterest": 18000000,
        "comprehensiveincomenetoftax": 427000000
    },
    {
        "date": "2021-09-29",
        "symbol": "DD",
        "period": "Q3",
        "revenuefromcontractwithcustomerexcludingassessedtax": 152000000,
        "costofgoodsandservicessold": 2778000000,
        "researchanddevelopmentexpense": 152000000,
        "sellinggeneralandadministrativeexpense": 475000000,
        "amortizationofintangibleassets": 196000000,
        "businesscombinationintegrationandseparationrelatedcosts": 29000000,
        "incomelossfromequitymethodinvestments": 2000000,
        "nonoperatingincomeexpense": 8000000,
        "interestanddebtexpense": 115000000,
        "incomelossfromcontinuingoperationsbeforeincometaxesextraordinaryitemsnoncontrollinginterest": 558000000,
        "incometaxexpensebenefit": 125000000,
        "incomelossfromcontinuingoperationsincludingportionattributabletononcontrollinginterest": 433000000,
        "incomelossfromdiscontinuedoperationsnetoftax": -2000000,
        "profitloss": 13000000,
        "netincomelossattributabletononcontrollinginterest": 13000000,
        "netincomeloss": 391000000,
        "incomelossfromcontinuingoperationsperbasicshare": 0.8100000000000002,
        "discontinuedoperationincomelossfromdiscontinuedoperationnetoftaxperbasicshare": 0.17999999999999972,
        "earningspersharebasic": 0.9900000000000002,
        "incomelossfromcontinuingoperationsperdilutedshare": 0.8100000000000002,
        "discontinuedoperationincomelossfromdiscontinuedoperationnetoftaxperdilutedshare": 0.17999999999999972,
        "earningspersharediluted": 0.9900000000000002,
        "weightedaveragenumberofsharesoutstandingbasic": -15300000,
        "weightedaveragenumberofdilutedsharesoutstanding": -15400000,
        "othercomprehensiveincomelossforeigncurrencytransactionandtranslationadjustmentnetoftax": -189000000,
        "othercomprehensiveincomelosspensionandotherpostretirementbenefitplansadjustmentnetoftax": -12000000,
        "othercomprehensiveincomelossnetoftax": 20000000,
        "comprehensiveincomenetoftaxincludingportionattributabletononcontrollinginterest": 247000000,
        "comprehensiveincomenetoftaxattributabletononcontrollinginterest": 12000000,
        "comprehensiveincomenetoftax": 235000000
    },
    {
        "date": "2021-06-29",
        "symbol": "DD",
        "period": "Q2",
        "revenuefromcontractwithcustomerexcludingassessedtax": 4135000000,
        "costofgoodsandservicessold": 2655000000,
        "researchanddevelopmentexpense": 148000000,
        "sellinggeneralandadministrativeexpense": 459000000,
        "amortizationofintangibleassets": 167000000,
        "businesscombinationintegrationandseparationrelatedcosts": 23000000,
        "incomelossfromequitymethodinvestments": 25000000,
        "nonoperatingincomeexpense": 146000000,
        "interestanddebtexpense": 129000000,
        "incomelossfromcontinuingoperationsbeforeincometaxesextraordinaryitemsnoncontrollinginterest": 715000000,
        "incometaxexpensebenefit": 151000000,
        "incomelossfromcontinuingoperationsincludingportionattributabletononcontrollinginterest": 564000000,
        "incomelossfromdiscontinuedoperationsnetoftax": -77000000,
        "profitloss": 487000000,
        "netincomelossattributabletononcontrollinginterest": 9000000,
        "netincomeloss": 478000000,
        "incomelossfromcontinuingoperationsperbasicshare": 1.04,
        "discontinuedoperationincomelossfromdiscontinuedoperationnetoftaxperbasicshare": 0.40000000000000036,
        "earningspersharebasic": 1.4399999999999995,
        "incomelossfromcontinuingoperationsperdilutedshare": 1.0299999999999998,
        "discontinuedoperationincomelossfromdiscontinuedoperationnetoftaxperdilutedshare": 0.40000000000000036,
        "earningspersharediluted": 1.4299999999999997,
        "weightedaveragenumberofsharesoutstandingbasic": -37800000,
        "weightedaveragenumberofdilutedsharesoutstanding": -37800000,
        "othercomprehensiveincomelossforeigncurrencytransactionandtranslationadjustmentnetoftax": 119000000,
        "othercomprehensiveincomelosspensionandotherpostretirementbenefitplansadjustmentnetoftax": 1000000,
        "othercomprehensiveincomeothernetoftax": 0,
        "othercomprehensiveincomelossnetoftax": 136000000,
        "comprehensiveincomenetoftaxincludingportionattributabletononcontrollinginterest": 623000000,
        "comprehensiveincomenetoftaxattributabletononcontrollinginterest": 8000000,
        "comprehensiveincomenetoftax": 615000000
    },
    {
        "date": "2021-03-30",
        "symbol": "DD",
        "period": "Q1",
        "revenuefromcontractwithcustomerexcludingassessedtax": 3976000000,
        "costofgoodsandservicessold": 2512000000,
        "researchanddevelopmentexpense": 156000000,
        "sellinggeneralandadministrativeexpense": 456000000,
        "amortizationofintangibleassets": 167000000,
        "restructuringcharges": 2000000,
        "businesscombinationintegrationandseparationrelatedcosts": 6000000,
        "incomelossfromequitymethodinvestments": 26000000,
        "nonoperatingincomeexpense": 16000000,
        "interestanddebtexpense": 146000000,
        "incomelossfromcontinuingoperationsbeforeincometaxesextraordinaryitemsnoncontrollinginterest": 573000000,
        "incometaxexpensebenefit": 32000000,
        "incomelossfromcontinuingoperationsincludingportionattributabletononcontrollinginterest": 541000000,
        "incomelossfromdiscontinuedoperationsnetoftax": 4857000000,
        "profitloss": 5398000000,
        "netincomelossattributabletononcontrollinginterest": 4000000,
        "netincomeloss": 5394000000,
        "incomelossfromcontinuingoperationsperbasicshare": 0.89,
        "discontinuedoperationincomelossfromdiscontinuedoperationnetoftaxperbasicshare": 8.03,
        "earningspersharebasic": 8.92,
        "incomelossfromcontinuingoperationsperdilutedshare": 0.89,
        "discontinuedoperationincomelossfromdiscontinuedoperationnetoftaxperdilutedshare": 8.01,
        "earningspersharediluted": 8.9,
        "weightedaveragenumberofsharesoutstandingbasic": 604800000,
        "weightedaveragenumberofdilutedsharesoutstanding": 606300000,
        "othercomprehensiveincomelossforeigncurrencytransactionandtranslationadjustmentnetoftax": -484000000,
        "othercomprehensiveincomelosspensionandotherpostretirementbenefitplansadjustmentnetoftax": -12000000,
        "othercomprehensiveincomeothernetoftax": 258000000,
        "othercomprehensiveincomelossnetoftax": -214000000,
        "comprehensiveincomenetoftaxincludingportionattributabletononcontrollinginterest": 5184000000,
        "comprehensiveincomenetoftaxattributabletononcontrollinginterest": -3000000,
        "comprehensiveincomenetoftax": 5187000000
    },
    {
        "date": "2020-12-30",
        "symbol": "DD",
        "period": "Q4",
        "revenues": 14768000000,
        "costofgoodsandservicessold": 3521000000,
        "researchanddevelopmentexpense": 216000000,
        "sellinggeneralandadministrativeexpense": 537000000,
        "amortizationofintangibleassets": 528000000,
        "restructuringsettlementandimpairmentprovisions": 42000000,
        "goodwillimpairmentloss": 0,
        "businesscombinationintegrationandseparationrelatedcosts": 125000000,
        "incomelossfromequitymethodinvestments": 53000000,
        "nonoperatingincomeexpense": 48000000,
        "interestanddebtexpense": 216000000,
        "incomelossfromcontinuingoperationsbeforeincometaxesextraordinaryitemsnoncontrollinginterest": 156000000,
        "incometaxexpensebenefit": -123000000,
        "incomelossfromcontinuingoperationsincludingportionattributabletononcontrollinginterest": 279000000,
        "profitloss": -2864000000,
        "netincomelossattributabletononcontrollinginterest": 8000000,
        "netincomeloss": 222000000,
        "incomelossfromcontinuingoperationsperbasicshare": 0.35999999999999976,
        "earningspersharebasic": 0.30000000000000016,
        "incomelossfromcontinuingoperationsperdilutedshare": 0.35999999999999976,
        "earningspersharediluted": 0.30000000000000016,
        "weightedaveragenumberofsharesoutstandingbasic": -1471800000,
        "weightedaveragenumberofdilutedsharesoutstanding": -1471800000,
        "othercomprehensiveincomelossforeigncurrencytransactionandtranslationadjustmentnetoftax": 993000000,
        "othercomprehensiveincomelosspensionandotherpostretirementbenefitplansadjustmentnetoftax": 89000000,
        "othercomprehensiveincomelossnetoftax": 855000000,
        "comprehensiveincomenetoftaxincludingportionattributabletononcontrollinginterest": 1134000000,
        "comprehensiveincomenetoftaxattributabletononcontrollinginterest": 9000000,
        "comprehensiveincomenetoftax": 1125000000
    },
    {
        "date": "2020-09-29",
        "symbol": "DD",
        "period": "Q3",
        "revenues": 5096000000,
        "costofgoodsandservicessold": 3392000000,
        "researchanddevelopmentexpense": 199000000,
        "sellinggeneralandadministrativeexpense": 524000000,
        "amortizationofintangibleassets": 530000000,
        "restructuringsettlementandimpairmentprovisions": 384000000,
        "goodwillimpairmentloss": 183000000,
        "businesscombinationintegrationandseparationrelatedcosts": 127000000,
        "incomelossfromequitymethodinvestments": 30000000,
        "nonoperatingincomeexpense": 430000000,
        "interestanddebtexpense": 197000000,
        "incomelossfromcontinuingoperationsbeforeincometaxesextraordinaryitemsnoncontrollinginterest": 20000000,
        "incometaxexpensebenefit": 92000000,
        "incomelossfromcontinuingoperationsincludingportionattributabletononcontrollinginterest": -72000000,
        "profitloss": -72000000,
        "netincomelossattributabletononcontrollinginterest": 7000000,
        "netincomeloss": -79000000,
        "incomelossfromcontinuingoperationsperbasicshare": -0.11,
        "earningspersharebasic": -0.11,
        "incomelossfromcontinuingoperationsperdilutedshare": -0.11,
        "earningspersharediluted": -0.11,
        "weightedaveragenumberofsharesoutstandingbasic": 734400000,
        "weightedaveragenumberofdilutedsharesoutstanding": 734400000,
        "othercomprehensiveincomelossforeigncurrencytransactionandtranslationadjustmentnetoftax": 606000000,
        "othercomprehensiveincomelosspensionandotherpostretirementbenefitplansadjustmentnetoftax": -4000000,
        "othercomprehensiveincomelossnetoftax": 610000000,
        "comprehensiveincomenetoftaxincludingportionattributabletononcontrollinginterest": 538000000,
        "comprehensiveincomenetoftaxattributabletononcontrollinginterest": 11000000,
        "comprehensiveincomenetoftax": 527000000
    },
    {
        "date": "2020-06-29",
        "symbol": "DD",
        "period": "Q2",
        "profitloss": 7000000,
        "othercomprehensiveincomelossforeigncurrencytransactionandtranslationadjustmentnetoftax": 345000000,
        "othercomprehensiveincomelosspensionandotherpostretirementbenefitplansadjustmentnetoftax": -3000000,
        "othercomprehensiveincomelossnetoftax": 3000000,
        "comprehensiveincomenetoftaxincludingportionattributabletononcontrollinginterest": -2123000000,
        "comprehensiveincomenetoftaxattributabletononcontrollinginterest": 10000000,
        "comprehensiveincomenetoftax": -2133000000,
        "revenues": 238000000,
        "costofgoodsandservicessold": 3291000000,
        "researchanddevelopmentexpense": 209000000,
        "sellinggeneralandadministrativeexpense": 541000000,
        "amortizationofintangibleassets": 528000000,
        "restructuringsettlementandimpairmentprovisions": 19000000,
        "goodwillimpairmentloss": 2498000000,
        "businesscombinationintegrationandseparationrelatedcosts": 145000000,
        "incomelossfromequitymethodinvestments": 86000000,
        "nonoperatingincomeexpense": -14000000,
        "interestanddebtexpense": 181000000,
        "incomelossfromcontinuingoperationsbeforeincometaxesextraordinaryitemsnoncontrollinginterest": -2507000000,
        "incometaxexpensebenefit": -36000000,
        "incomelossfromcontinuingoperationsincludingportionattributabletononcontrollinginterest": -2471000000,
        "netincomelossattributabletononcontrollinginterest": 7000000,
        "netincomeloss": -2478000000,
        "incomelossfromcontinuingoperationsperbasicshare": -3.37,
        "earningspersharebasic": -3.37,
        "incomelossfromcontinuingoperationsperdilutedshare": -3.37,
        "earningspersharediluted": -3.37,
        "weightedaveragenumberofsharesoutstandingbasic": 734300000,
        "weightedaveragenumberofdilutedsharesoutstanding": 734300000
    },
    {
        "date": "2020-03-30",
        "symbol": "DD",
        "period": "Q1",
        "profitloss": 6000000,
        "othercomprehensiveincomelossforeigncurrencytransactionandtranslationadjustmentnetoftax": -404000000,
        "othercomprehensiveincomelosspensionandotherpostretirementbenefitplansadjustmentnetoftax": -2000000,
        "othercomprehensiveincomelossnetoftax": -8000000,
        "comprehensiveincomenetoftaxincludingportionattributabletononcontrollinginterest": -1012000000,
        "comprehensiveincomenetoftaxattributabletononcontrollinginterest": -2000000,
        "comprehensiveincomenetoftax": -1010000000,
        "revenues": 295000000,
        "costofgoodsandservicessold": 3318000000,
        "researchanddevelopmentexpense": 236000000,
        "sellinggeneralandadministrativeexpense": 633000000,
        "amortizationofintangibleassets": 533000000,
        "restructuringsettlementandimpairmentprovisions": 404000000,
        "goodwillimpairmentloss": 533000000,
        "businesscombinationintegrationandseparationrelatedcosts": 197000000,
        "incomelossfromequitymethodinvestments": 22000000,
        "nonoperatingincomeexpense": 211000000,
        "interestanddebtexpense": 173000000,
        "incomelossfromcontinuingoperationsbeforeincometaxesextraordinaryitemsnoncontrollinginterest": -566000000,
        "incometaxexpensebenefit": 44000000,
        "incomelossfromcontinuingoperationsincludingportionattributabletononcontrollinginterest": -610000000,
        "netincomelossattributabletononcontrollinginterest": 6000000,
        "netincomeloss": -616000000,
        "incomelossfromcontinuingoperationsperbasicshare": -0.83,
        "earningspersharebasic": -0.83,
        "incomelossfromcontinuingoperationsperdilutedshare": -0.83,
        "earningspersharediluted": -0.83,
        "weightedaveragenumberofsharesoutstandingbasic": 738600000,
        "weightedaveragenumberofdilutedsharesoutstanding": 738600000
    },
    {
        "date": "2019-12-30",
        "symbol": "DD",
        "period": "Q4",
        "profitloss": 510000000,
        "othercomprehensiveincomelossforeigncurrencytransactionandtranslationadjustmentnetoftax": 365000000,
        "othercomprehensiveincomelosspensionandotherpostretirementbenefitplansadjustmentnetoftax": 252000000,
        "comprehensiveincomenetoftaxincludingportionattributabletononcontrollinginterest": 301000000,
        "comprehensiveincomenetoftaxattributabletononcontrollinginterest": 10000000,
        "comprehensiveincomenetoftax": 291000000,
        "revenues": 2347000000,
        "costofgoodsandservicessold": -10650000000,
        "researchanddevelopmentexpense": 231000000,
        "sellinggeneralandadministrativeexpense": 650000000,
        "amortizationofintangibleassets": 295000000,
        "restructuringsettlementandimpairmentprovisions": 24000000,
        "businesscombinationintegrationandseparationrelatedcosts": 193000000,
        "incomelossfromequitymethodinvestments": -62000000,
        "interestanddebtexpense": 175000000,
        "incomelossfromcontinuingoperationsbeforeincometaxesextraordinaryitemsnoncontrollinginterest": 189000000,
        "incometaxexpensebenefit": -141000000,
        "incomelossfromcontinuingoperationsincludingportionattributabletononcontrollinginterest": 191000000,
        "netincomelossattributabletononcontrollinginterest": 12000000,
        "netincomeloss": -411000000,
        "incomelossfromcontinuingoperationsperbasicshare": 0.23999999999999996,
        "earningspersharebasic": 0.24000000000000007,
        "incomelossfromcontinuingoperationsperdilutedshare": 0.23999999999999996,
        "earningspersharediluted": 0.24000000000000007,
        "weightedaveragenumberofsharesoutstandingbasic": -1900000,
        "weightedaveragenumberofdilutedsharesoutstanding": -1900000
    },
    {
        "date": "2019-09-29",
        "symbol": "DD",
        "period": "Q3",
        "profitloss": 55000000,
        "othercomprehensiveincomelossforeigncurrencytransactionandtranslationadjustmentnetoftax": -694000000,
        "othercomprehensiveincomelosspensionandotherpostretirementbenefitplansadjustmentnetoftax": 4000000,
        "othercomprehensiveincomelossderivativesqualifyingashedgesnetoftax": 0,
        "othercomprehensiveincomelossnetoftax": 0,
        "comprehensiveincomenetoftaxincludingportionattributabletononcontrollinginterest": -321000000,
        "comprehensiveincomenetoftaxattributabletononcontrollinginterest": 4000000,
        "comprehensiveincomenetoftax": -325000000,
        "revenues": 320000000,
        "costofgoodsandservicessold": 10646000000,
        "researchanddevelopmentexpense": 225000000,
        "sellinggeneralandadministrativeexpense": 645000000,
        "amortizationofintangibleassets": 247000000,
        "restructuringsettlementandimpairmentprovisions": 82000000,
        "businesscombinationintegrationandseparationrelatedcosts": 191000000,
        "incomelossfromequitymethodinvestments": 25000000,
        "interestanddebtexpense": 177000000,
        "incomelossfromcontinuingoperationsbeforeincometaxesextraordinaryitemsnoncontrollinginterest": 450000000,
        "incometaxexpensebenefit": 78000000,
        "incomelossfromcontinuingoperationsincludingportionattributabletononcontrollinginterest": 372000000,
        "netincomelossattributabletononcontrollinginterest": 5000000,
        "netincomeloss": 377000000,
        "incomelossfromcontinuingoperationsperbasicshare": 0.49,
        "earningspersharebasic": 0.5,
        "incomelossfromcontinuingoperationsperdilutedshare": 0.49,
        "earningspersharediluted": 0.5,
        "weightedaveragenumberofsharesoutstandingbasic": -1400000,
        "weightedaveragenumberofdilutedsharesoutstanding": -1400000
    },
    {
        "date": "2019-06-29",
        "symbol": "DD",
        "period": "Q2",
        "profitloss": -536000000,
        "othercomprehensiveincomelossavailableforsalesecuritiesadjustmentnetoftax": 0,
        "othercomprehensiveincomelossforeigncurrencytransactionandtranslationadjustmentnetoftax": -38000000,
        "othercomprehensiveincomelosspensionandotherpostretirementbenefitplansadjustmentnetoftax": -56000000,
        "othercomprehensiveincomelossderivativesqualifyingashedgesnetoftax": 17000000,
        "othercomprehensiveincomelossnetoftax": 39000000,
        "comprehensiveincomenetoftaxincludingportionattributabletononcontrollinginterest": -501000000,
        "comprehensiveincomenetoftaxattributabletononcontrollinginterest": 41000000,
        "comprehensiveincomenetoftax": -542000000,
        "revenues": 559000000,
        "costofgoodsandservicessold": -14724000000,
        "researchanddevelopmentexpense": -218000000,
        "sellinggeneralandadministrativeexpense": -304000000,
        "amortizationofintangibleassets": 34000000,
        "restructuringsettlementandimpairmentprovisions": -72000000,
        "businesscombinationintegrationandseparationrelatedcosts": 145000000,
        "incomelossfromequitymethodinvestments": 70000000,
        "nonoperatingincomeexpense": 0,
        "interestanddebtexpense": -109000000,
        "incomelossfromcontinuingoperationsbeforeincometaxesextraordinaryitemsnoncontrollinginterest": -1893000000,
        "incometaxexpensebenefit": -145000000,
        "incomelossfromcontinuingoperationsincludingportionattributabletononcontrollinginterest": -1748000000,
        "netincomelossattributabletononcontrollinginterest": 34000000,
        "netincomeloss": -485000000,
        "incomelossfromcontinuingoperationsperbasicshare": -1.82,
        "earningspersharebasic": -0.30000000000000004,
        "incomelossfromcontinuingoperationsperdilutedshare": -1.82,
        "earningspersharediluted": -0.30000000000000004,
        "weightedaveragenumberofsharesoutstandingbasic": -1500500000,
        "weightedaveragenumberofdilutedsharesoutstanding": -1509600000
    },
    {
        "date": "2019-03-30",
        "symbol": "DD",
        "period": "Q1",
        "profitloss": 571000000,
        "othercomprehensiveincomelossavailableforsalesecuritiesadjustmentnetoftax": 67000000,
        "othercomprehensiveincomelossforeigncurrencytransactionandtranslationadjustmentnetoftax": -97000000,
        "othercomprehensiveincomelosspensionandotherpostretirementbenefitplansadjustmentnetoftax": -135000000,
        "othercomprehensiveincomelossderivativesqualifyingashedgesnetoftax": -75000000,
        "othercomprehensiveincomelossnetoftax": -97000000,
        "comprehensiveincomenetoftaxincludingportionattributabletononcontrollinginterest": 601000000,
        "comprehensiveincomenetoftaxattributabletononcontrollinginterest": 57000000,
        "comprehensiveincomenetoftax": 544000000,
        "revenues": 71000000,
        "costofgoodsandservicessold": 14726000000,
        "researchanddevelopmentexpense": 717000000,
        "sellinggeneralandadministrativeexpense": 1672000000,
        "amortizationofintangibleassets": 474000000,
        "restructuringsettlementandimpairmentprovisions": 280000000,
        "businesscombinationintegrationandseparationrelatedcosts": 813000000,
        "incomelossfromequitymethodinvestments": -6000000,
        "nonoperatingincomeexpense": -18000000,
        "interestanddebtexpense": 454000000,
        "incomelossfromcontinuingoperationsbeforeincometaxesextraordinaryitemsnoncontrollinginterest": 780000000,
        "incometaxexpensebenefit": 209000000,
        "incomelossfromcontinuingoperationsincludingportionattributabletononcontrollinginterest": 571000000,
        "netincomelossattributabletononcontrollinginterest": 51000000,
        "netincomeloss": 520000000,
        "incomelossfromcontinuingoperationsperbasicshare": 0.23,
        "earningspersharebasic": 0.23,
        "incomelossfromcontinuingoperationsperdilutedshare": 0.23,
        "earningspersharediluted": 0.23,
        "weightedaveragenumberofsharesoutstandingbasic": 2250100000,
        "weightedaveragenumberofdilutedsharesoutstanding": 2259200000,
        "depreciation": 957000000,
        "paymentstoacquireproductiveassets": 1139000000
    },
    {
        "date": "2018-12-30",
        "symbol": "DD",
        "period": "Q4",
        "profitloss": -4086000000,
        "othercomprehensiveincomelossavailableforsalesecuritiesadjustmentnetoftax": -36000000,
        "othercomprehensiveincomelossforeigncurrencytransactionandtranslationadjustmentnetoftax": -509000000,
        "othercomprehensiveincomelosspensionandotherpostretirementbenefitplansadjustmentnetoftax": 1010000000,
        "othercomprehensiveincomelossderivativesqualifyingashedgesnetoftax": -273000000,
        "othercomprehensiveincomelossnetoftax": -509000000,
        "comprehensiveincomenetoftaxincludingportionattributabletononcontrollinginterest": -1315000000,
        "comprehensiveincomenetoftaxattributabletononcontrollinginterest": 45000000,
        "comprehensiveincomenetoftax": -1360000000,
        "costofgoodsandservicessold": -49683000000,
        "researchanddevelopmentexpense": 749000000,
        "sellinggeneralandadministrativeexpense": 1566000000,
        "amortizationofintangibleassets": 479000000,
        "restructuringsettlementandimpairmentprovisions": -113000000,
        "businesscombinationintegrationandseparationrelatedcosts": 419000000,
        "incomelossfromequitymethodinvestments": 0,
        "interestanddebtexpense": 432000000,
        "incomelossfromcontinuingoperationsbeforeincometaxesextraordinaryitemsnoncontrollinginterest": 728000000,
        "incometaxexpensebenefit": 215000000,
        "incomelossfromcontinuingoperationsincludingportionattributabletononcontrollinginterest": 513000000,
        "netincomelossattributabletononcontrollinginterest": 38000000,
        "netincomeloss": 475000000,
        "incomelossfromcontinuingoperationsperbasicshare": 0.20999999999999996,
        "earningspersharebasic": 0.20999999999999996,
        "incomelossfromcontinuingoperationsperdilutedshare": 0.20999999999999996,
        "earningspersharediluted": 0.20999999999999996,
        "weightedaveragenumberofsharesoutstandingbasic": -6300000,
        "weightedaveragenumberofdilutedsharesoutstanding": -7600000
    },
    {
        "date": "2018-09-29",
        "symbol": "DD",
        "period": "Q3",
        "profitloss": 535000000,
        "othercomprehensiveincomelossavailableforsalesecuritiesadjustmentnetoftax": 8000000,
        "othercomprehensiveincomelossforeigncurrencytransactionandtranslationadjustmentnetoftax": -174000000,
        "othercomprehensiveincomelosspensionandotherpostretirementbenefitplansadjustmentnetoftax": -127000000,
        "othercomprehensiveincomelossderivativesqualifyingashedgesnetoftax": 205000000,
        "othercomprehensiveincomelossnetoftax": -174000000,
        "comprehensiveincomenetoftaxincludingportionattributabletononcontrollinginterest": 701000000,
        "comprehensiveincomenetoftaxattributabletononcontrollinginterest": 33000000,
        "comprehensiveincomenetoftax": 668000000,
        "costofgoodsandservicessold": 15477000000,
        "researchanddevelopmentexpense": 740000000,
        "sellinggeneralandadministrativeexpense": 1496000000,
        "amortizationofintangibleassets": 462000000,
        "restructuringsettlementandimpairmentprovisions": 162000000,
        "businesscombinationintegrationandseparationrelatedcosts": 666000000,
        "incomelossfromequitymethodinvestments": -4000000,
        "nonoperatingincomeexpense": 0,
        "interestanddebtexpense": 362000000,
        "incomelossfromcontinuingoperationsbeforeincometaxesextraordinaryitemsnoncontrollinginterest": 855000000,
        "incometaxexpensebenefit": 320000000,
        "incomelossfromcontinuingoperationsincludingportionattributabletononcontrollinginterest": 535000000,
        "netincomelossattributabletononcontrollinginterest": 38000000,
        "netincomeloss": 497000000,
        "incomelossfromcontinuingoperationsperbasicshare": 0.20999999999999996,
        "earningspersharebasic": 0.20999999999999996,
        "incomelossfromcontinuingoperationsperdilutedshare": 0.20999999999999996,
        "earningspersharediluted": 0.20999999999999996,
        "commonstockdividendspersharedeclared": 0,
        "weightedaveragenumberofsharesoutstandingbasic": -5600000,
        "weightedaveragenumberofdilutedsharesoutstanding": -5900000,
        "depreciation": 940000000,
        "paymentstoacquireproductiveassets": 972000000
    },
    {
        "date": "2018-06-29",
        "symbol": "DD",
        "period": "Q2",
        "profitloss": 1803000000,
        "othercomprehensiveincomelossavailableforsalesecuritiesadjustmentnetoftax": -14000000,
        "othercomprehensiveincomelossforeigncurrencytransactionandtranslationadjustmentnetoftax": -2393000000,
        "othercomprehensiveincomelosspensionandotherpostretirementbenefitplansadjustmentnetoftax": -127000000,
        "othercomprehensiveincomelossderivativesqualifyingashedgesnetoftax": 102000000,
        "othercomprehensiveincomelossnetoftax": -2393000000,
        "comprehensiveincomenetoftaxincludingportionattributabletononcontrollinginterest": -375000000,
        "comprehensiveincomenetoftaxattributabletononcontrollinginterest": 2000000,
        "comprehensiveincomenetoftax": -377000000,
        "salesrevenuenet": 2101000000,
        "costofgoodsandservicessold": 17974000000,
        "researchanddevelopmentexpense": 803000000,
        "sellinggeneralandadministrativeexpense": 1933000000,
        "amortizationofintangibleassets": 488000000,
        "restructuringsettlementandimpairmentprovisions": 182000000,
        "businesscombinationintegrationandseparationrelatedcosts": 558000000,
        "incomelossfromequitymethodinvestments": -13000000,
        "nonoperatingincomeexpense": -117000000,
        "interestanddebtexpense": 360000000,
        "incomelossfromcontinuingoperationsbeforeincometaxesextraordinaryitemsnoncontrollinginterest": 2368000000,
        "incometaxexpensebenefit": 565000000,
        "incomelossfromcontinuingoperationsincludingportionattributabletononcontrollinginterest": 1803000000,
        "incomelossfromdiscontinuedoperationsnetoftax": 0,
        "netincomelossattributabletononcontrollinginterest": 35000000,
        "netincomeloss": 1768000000,
        "incomelossfromcontinuingoperationsperbasicshare": 0.77,
        "earningspersharebasic": 0.77,
        "incomelossfromcontinuingoperationsperdilutedshare": 0.76,
        "earningspersharediluted": 0.76,
        "commonstockdividendspersharedeclared": 0.7599999999999999,
        "weightedaveragenumberofsharesoutstandingbasic": -4100000,
        "weightedaveragenumberofdilutedsharesoutstanding": -5300000,
        "depreciation": 940000000,
        "paymentstoacquireproductiveassets": 810000000
    },
    {
        "date": "2018-03-30",
        "symbol": "DD",
        "period": "Q1",
        "profitloss": 1148000000,
        "othercomprehensiveincomelossavailableforsalesecuritiesadjustmentnetoftax": -25000000,
        "othercomprehensiveincomelossforeigncurrencytransactionandtranslationadjustmentnetoftax": 1333000000,
        "othercomprehensiveincomelosspensionandotherpostretirementbenefitplansadjustmentnetoftax": -130000000,
        "othercomprehensiveincomelossderivativesqualifyingashedgesnetoftax": 17000000,
        "othercomprehensiveincomelossnetoftax": 1333000000,
        "comprehensiveincomenetoftaxincludingportionattributabletononcontrollinginterest": 2603000000,
        "comprehensiveincomenetoftaxattributabletononcontrollinginterest": 38000000,
        "comprehensiveincomenetoftax": 2565000000,
        "salesrevenuenet": 1892000000,
        "costofgoodsandservicessold": 16315000000,
        "researchanddevelopmentexpense": 768000000,
        "sellinggeneralandadministrativeexpense": 1714000000,
        "amortizationofintangibleassets": 474000000,
        "restructuringsettlementandimpairmentprovisions": 260000000,
        "businesscombinationintegrationandseparationrelatedcosts": 457000000,
        "incomelossfromequitymethodinvestments": -9000000,
        "nonoperatingincomeexpense": 115000000,
        "interestanddebtexpense": 350000000,
        "incomelossfromcontinuingoperationsbeforeincometaxesextraordinaryitemsnoncontrollinginterest": 1542000000,
        "incometaxexpensebenefit": 389000000,
        "incomelossfromcontinuingoperationsincludingportionattributabletononcontrollinginterest": 1153000000,
        "incomelossfromdiscontinuedoperationsnetoftax": -5000000,
        "netincomelossattributabletononcontrollinginterest": 44000000,
        "netincomeloss": 1104000000,
        "incomelossfromcontinuingoperationsperbasicshare": 0.47,
        "earningspersharebasic": 0.47,
        "incomelossfromcontinuingoperationsperdilutedshare": 0.47,
        "earningspersharediluted": 0.47,
        "commonstockdividendspersharedeclared": 0.38,
        "weightedaveragenumberofsharesoutstandingbasic": 2317000000,
        "weightedaveragenumberofdilutedsharesoutstanding": 2334300000,
        "depreciation": 953000000,
        "paymentstoacquireproductiveassets": 776000000
    },
    {
        "date": "2017-09-29",
        "symbol": "DD",
        "period": "Q3",
        "profitloss": -253000000,
        "othercomprehensiveincomelossavailableforsalesecuritiesadjustmentnetoftax": -51000000,
        "othercomprehensiveincomelossforeigncurrencytransactionandtranslationadjustmentnetoftax": -379000000,
        "othercomprehensiveincomelosspensionandotherpostretirementbenefitplansadjustmentnetoftax": -105000000,
        "othercomprehensiveincomelossderivativesqualifyingashedgesnetoftax": 32000000,
        "othercomprehensiveincomelossnetoftax": -293000000,
        "comprehensiveincomenetoftaxincludingportionattributabletononcontrollinginterest": 241000000,
        "comprehensiveincomenetoftaxattributabletononcontrollinginterest": 26000000,
        "comprehensiveincomenetoftax": 215000000,
        "salesrevenuenet": 18285000000,
        "costofgoodsandservicessold": 14000000,
        "researchanddevelopmentexpense": 522000000,
        "sellinggeneralandadministrativeexpense": 990000000,
        "amortizationofintangibleassets": 244000000,
        "restructuringsettlementandimpairmentprovisions": 180000000,
        "businesscombinationintegrationandseparationrelatedcosts": 354000000,
        "incomelossfromequitymethodinvestments": 10000000,
        "nonoperatingincomeexpense": -2000000,
        "interestanddebtexpense": 283000000,
        "incomelossfromcontinuingoperationsbeforeincometaxesextraordinaryitemsnoncontrollinginterest": -302000000,
        "incometaxexpensebenefit": -3000000,
        "incomelossfromcontinuingoperationsincludingportionattributabletononcontrollinginterest": 11000000,
        "incomelossfromdiscontinuedoperationsnetoftax": -20000000,
        "netincomelossattributabletononcontrollinginterest": 20000000,
        "netincomeloss": 514000000,
        "netincomelossavailabletocommonstockholdersbeforeparticipatingsecurities": 514000000,
        "incomelossfromcontinuingoperationsperbasicshare": 0.33,
        "discontinuedoperationincomelossfromdiscontinuedoperationnetoftaxperbasicshare": -0.01,
        "earningspersharebasic": 0.32,
        "incomelossfromcontinuingoperationsperdilutedshare": 0.33,
        "discontinuedoperationincomelossfromdiscontinuedoperationnetoftaxperdilutedshare": -0.01,
        "earningspersharediluted": 0.32,
        "commonstockdividendspersharedeclared": 0.46,
        "weightedaveragenumberofsharesoutstandingbasic": 1577800000,
        "weightedaveragenumberofdilutedsharesoutstanding": 1595300000,
        "depreciation": 708000000,
        "paymentstoacquireproductiveassets": 752000000
    }
]