[
    {
        "date": "2024-09-29",
        "symbol": "FTNT",
        "period": "Q3",
        "revenuefromcontractwithcustomerexcludingassessedtax": 1508100000,
        "costofgoodsandservicessold": 263400000,
        "grossprofit": 1244700000,
        "researchanddevelopmentexpense": 187300000,
        "sellingandmarketingexpense": 515900000,
        "generalandadministrativeexpense": 71700000,
        "gainlossfrommutualcovenantnottosueagreementrighttouseexistingintellectualproperty": 1100000,
        "operatingexpenses": 773800000,
        "operatingincomeloss": 470900000,
        "investmentincomenet": 42400000,
        "interestexpensenonoperating": 5000000,
        "businesscombinationbargainpurchasegainrecognizedamount": 106300000,
        "othernonoperatingincomeexpense": 11800000,
        "incomelossfromcontinuingoperationsbeforeincometaxesminorityinterestandincomelossfromequitymethodinvestments": -21600000,
        "incometaxexpensebenefit": 81200000,
        "incomelossfromequitymethodinvestments": -5200000,
        "netincomeloss": 539900000,
        "earningspersharebasic": 0.71,
        "earningspersharediluted": 0.7,
        "weightedaveragenumberofsharesoutstandingbasic": 765000000,
        "weightedaveragenumberofdilutedsharesoutstanding": 771900000,
        "othercomprehensiveincomelossforeigncurrencytransactionandtranslationadjustmentbeforetax": 9100000,
        "othercomprehensiveincomeunrealizedholdinggainlossonsecuritiesarisingduringperiodbeforetax": 2500000,
        "othercomprehensiveincomelosstax": 600000,
        "othercomprehensiveincomelossnetoftax": 11000000,
        "comprehensiveincomenetoftax": 550900000
    },
    {
        "date": "2024-03-30",
        "symbol": "FTNT",
        "period": "Q1",
        "revenuefromcontractwithcustomerexcludingassessedtax": 408900000,
        "costofgoodsandservicessold": 182800000,
        "grossprofit": 226100000,
        "researchanddevelopmentexpense": 173000000,
        "sellingandmarketingexpense": 501100000,
        "generalandadministrativeexpense": 54400000,
        "gainlossfrommutualcovenantnottosueagreementrighttouseexistingintellectualproperty": 1100000,
        "operatingexpenses": 727400000,
        "operatingincomeloss": 321200000,
        "investmentincomenet": 32200000,
        "interestexpense": 5100000,
        "othernonoperatingincomeexpense": -2900000,
        "incomelossfromcontinuingoperationsbeforeincometaxesminorityinterestandincomelossfromequitymethodinvestments": 345400000,
        "incometaxexpensebenefit": 39500000,
        "incomelossfromequitymethodinvestments": -6600000,
        "netincomeloss": 299300000,
        "earningspersharebasic": 0.39,
        "earningspersharediluted": 0.39,
        "weightedaveragenumberofsharesoutstandingbasic": 762400000,
        "weightedaveragenumberofdilutedsharesoutstanding": 770500000,
        "profitloss": 299300000,
        "othercomprehensiveincomelossforeigncurrencytransactionandtranslationadjustmentbeforetax": -5200000,
        "othercomprehensiveincomeunrealizedholdinggainlossonsecuritiesarisingduringperiodbeforetax": -900000,
        "othercomprehensiveincomelosstax": -200000,
        "othercomprehensiveincomelossnetoftax": -5900000,
        "comprehensiveincomenetoftax": 293400000
    },
    {
        "date": "2023-12-30",
        "symbol": "FTNT",
        "period": "Q4",
        "revenuefromcontractwithcustomerexcludingassessedtax": 951900000,
        "costofgoodsandservicessold": -38300000,
        "grossprofit": -1055400000,
        "researchanddevelopmentexpense": 152500000,
        "sellingandmarketingexpense": 507400000,
        "generalandadministrativeexpense": 55100000,
        "gainlossfrommutualcovenantnottosueagreementrighttouseexistingintellectualproperty": 1200000,
        "operatingexpenses": 713800000,
        "operatingincomeloss": 385400000,
        "investmentincomenet": 30500000,
        "interestexpense": 5400000,
        "othernonoperatingincomeexpense": 5100000,
        "incomelossfromcontinuingoperationsbeforeincometaxesminorityinterestandincomelossfromequitymethodinvestments": 415600000,
        "incometaxexpensebenefit": 95200000,
        "incomelossfromequitymethodinvestments": -9500000,
        "profitloss": 310900000,
        "netincomeloss": 310900000,
        "earningspersharebasic": 0.39999999999999997,
        "earningspersharediluted": 0.41,
        "weightedaveragenumberofsharesoutstandingbasic": 778600000,
        "weightedaveragenumberofdilutedsharesoutstanding": 788200000,
        "othercomprehensiveincomelossforeigncurrencytransactionandtranslationadjustmentbeforetax": 4400000,
        "othercomprehensiveincomeunrealizedholdinggainlossonsecuritiesarisingduringperiodbeforetax": 1300000,
        "othercomprehensiveincomelosstax": 300000,
        "othercomprehensiveincomelossnetoftax": 5400000,
        "comprehensiveincomenetoftaxincludingportionattributabletononcontrollinginterest": 316300000,
        "comprehensiveincomenetoftax": 316300000
    },
    {
        "date": "2023-09-29",
        "symbol": "FTNT",
        "period": "Q3",
        "revenuefromcontractwithcustomerexcludingassessedtax": 465900000,
        "costofgoodsandservicessold": 198300000,
        "grossprofit": 267600000,
        "researchanddevelopmentexpense": 156900000,
        "sellingandmarketingexpense": 504400000,
        "generalandadministrativeexpense": 53500000,
        "gainlossfrommutualcovenantnottosueagreementrighttouseexistingintellectualproperty": 1100000,
        "operatingexpenses": 713700000,
        "operatingincomeloss": 303200000,
        "investmentincomenet": 37000000,
        "interestexpense": 5400000,
        "othernonoperatingincomeexpense": -7000000,
        "incomelossfromcontinuingoperationsbeforeincometaxesminorityinterestandincomelossfromequitymethodinvestments": 327800000,
        "incometaxexpensebenefit": -300000,
        "incomelossfromequitymethodinvestments": -5200000,
        "profitloss": 322900000,
        "netincomeloss": 322900000,
        "earningspersharebasic": 0.41,
        "earningspersharediluted": 0.41,
        "weightedaveragenumberofsharesoutstandingbasic": 781200000,
        "weightedaveragenumberofdilutedsharesoutstanding": 791200000,
        "othercomprehensiveincomelossforeigncurrencytransactionandtranslationadjustmentbeforetax": -2400000,
        "othercomprehensiveincomeunrealizedholdinggainlossonsecuritiesarisingduringperiodbeforetax": 1600000,
        "othercomprehensiveincomelosstax": 400000,
        "othercomprehensiveincomelossnetoftax": -1200000,
        "comprehensiveincomenetoftaxincludingportionattributabletononcontrollinginterest": 321700000,
        "comprehensiveincomenetoftax": 321700000
    },
    {
        "date": "2023-06-29",
        "symbol": "FTNT",
        "period": "Q2",
        "revenuefromcontractwithcustomerexcludingassessedtax": 248900000,
        "costofgoodsandservicessold": 295800000,
        "grossprofit": 997000000,
        "researchanddevelopmentexpense": 153300000,
        "sellingandmarketingexpense": 515900000,
        "generalandadministrativeexpense": 49900000,
        "gainlossfrommutualcovenantnottosueagreementrighttouseexistingintellectualproperty": 1100000,
        "operatingexpenses": 718000000,
        "operatingincomeloss": 279000000,
        "investmentincomenet": 31600000,
        "interestexpense": 5200000,
        "othernonoperatingincomeexpense": -6200000,
        "incomelossfromcontinuingoperationsbeforeincometaxesminorityinterestandincomelossfromequitymethodinvestments": 299200000,
        "incometaxexpensebenefit": 27600000,
        "incomelossfromequitymethodinvestments": -5300000,
        "profitloss": 266300000,
        "netincomeloss": 266300000,
        "earningspersharebasic": 0.34,
        "earningspersharediluted": 0.33,
        "weightedaveragenumberofsharesoutstandingbasic": 785000000,
        "weightedaveragenumberofdilutedsharesoutstanding": 795900000,
        "othercomprehensiveincomelossforeigncurrencytransactionandtranslationadjustmentbeforetax": -6700000,
        "othercomprehensiveincomeunrealizedholdinggainlossonsecuritiesarisingduringperiodbeforetax": 2100000,
        "othercomprehensiveincomelosstax": 400000,
        "othercomprehensiveincomelossnetoftax": -5000000,
        "comprehensiveincomenetoftaxincludingportionattributabletononcontrollinginterest": 261300000,
        "comprehensiveincomenetoftax": 261300000
    },
    {
        "date": "2023-03-30",
        "symbol": "FTNT",
        "period": "Q1",
        "revenuefromcontractwithcustomerexcludingassessedtax": 260600000.00000003,
        "costofgoodsandservicessold": 307800000,
        "grossprofit": 954500000,
        "researchanddevelopmentexpense": 151100000,
        "sellingandmarketingexpense": 478300000,
        "generalandadministrativeexpense": 52800000,
        "gainlossfrommutualcovenantnottosueagreementrighttouseexistingintellectualproperty": 1200000,
        "operatingexpenses": 681000000,
        "operatingincomeloss": 273500000,
        "investmentincomenet": 20600000,
        "interestexpense": 5000000,
        "othernonoperatingincomeexpense": 2000000,
        "incomelossfromcontinuingoperationsbeforeincometaxesminorityinterestandincomelossfromequitymethodinvestments": 291100000,
        "incometaxexpensebenefit": 21300000,
        "incomelossfromequitymethodinvestments": -22100000,
        "profitloss": 247700000,
        "netincomeloss": 247700000,
        "earningspersharebasic": 0.32,
        "earningspersharediluted": 0.31,
        "weightedaveragenumberofsharesoutstandingbasic": 783200000,
        "weightedaveragenumberofdilutedsharesoutstanding": 793400000,
        "othercomprehensiveincomelossforeigncurrencytransactionandtranslationadjustmentbeforetax": -800000,
        "othercomprehensiveincomeunrealizedholdinggainlossonsecuritiesarisingduringperiodbeforetax": 3800000,
        "othercomprehensiveincomelosstax": 900000,
        "othercomprehensiveincomelossnetoftax": 2100000,
        "comprehensiveincomenetoftaxincludingportionattributabletononcontrollinginterest": 249800000,
        "comprehensiveincomenetoftax": 249800000
    },
    {
        "date": "2022-12-30",
        "symbol": "FTNT",
        "period": "Q4",
        "revenuefromcontractwithcustomerexcludingassessedtax": 251700000,
        "costofgoodsandservicessold": 297300000,
        "grossprofit": 985700000,
        "researchanddevelopmentexpense": 128900000,
        "sellingandmarketingexpense": 455900000,
        "generalandadministrativeexpense": 44300000,
        "gainlossfrommutualcovenantnottosueagreementrighttouseexistingintellectualproperty": 1200000,
        "operatingexpenses": 627900000,
        "operatingincomeloss": 357800000,
        "investmentincomenet": 9100000,
        "interestexpense": 4500000,
        "othernonoperatingincomeexpense": 5800000,
        "incomelossfromcontinuingoperationsbeforeincometaxesminorityinterestandincomelossfromequitymethodinvestments": 368200000,
        "incometaxexpensebenefit": 9200000,
        "incomelossfromequitymethodinvestments": -45200000,
        "profitloss": 0,
        "netincomelossattributabletononcontrollinginterest": 0,
        "netincomeloss": 313800000,
        "earningspersharebasic": -0.2899999999999999,
        "earningspersharediluted": -0.2799999999999999,
        "weightedaveragenumberofsharesoutstandingbasic": -950900000,
        "weightedaveragenumberofdilutedsharesoutstanding": -967600000,
        "othercomprehensiveincomelossforeigncurrencytransactionandtranslationadjustmentbeforetax": 6800000.000000001,
        "othercomprehensiveincomeunrealizedholdinggainlossonsecuritiesarisingduringperiodbeforetax": 4500000,
        "othercomprehensiveincomelosstax": 1000000,
        "othercomprehensiveincomelossnetoftax": 10300000,
        "comprehensiveincomenetoftaxincludingportionattributabletononcontrollinginterest": 324100000,
        "othercomprehensiveincomelossnetoftaxportionattributabletononcontrollinginterest": 5000000,
        "comprehensiveincomenetoftax": 319100000
    },
    {
        "date": "2022-09-29",
        "symbol": "FTNT",
        "period": "Q3",
        "revenuefromcontractwithcustomerexcludingassessedtax": 238000000,
        "costofgoodsandservicessold": 283000000,
        "grossprofit": 866500000,
        "researchanddevelopmentexpense": 134300000,
        "sellingandmarketingexpense": 427100000,
        "generalandadministrativeexpense": 40700000,
        "gainlossfrommutualcovenantnottosueagreementrighttouseexistingintellectualproperty": 1100000,
        "operatingexpenses": 601000000,
        "operatingincomeloss": 265500000,
        "investmentincomenet": 4600000,
        "interestexpense": 4500000,
        "othernonoperatingincomeexpense": -900000,
        "incomelossfromcontinuingoperationsbeforeincometaxesminorityinterestandincomelossfromequitymethodinvestments": 264700000,
        "incometaxexpensebenefit": 27300000,
        "incomelossfromequitymethodinvestments": -6300000,
        "profitloss": -500000,
        "netincomelossattributabletononcontrollinginterest": -500000,
        "netincomeloss": 231600000,
        "earningspersharebasic": 0.29,
        "earningspersharediluted": 0.29,
        "weightedaveragenumberofsharesoutstandingbasic": 786200000,
        "weightedaveragenumberofdilutedsharesoutstanding": 798600000,
        "othercomprehensiveincomelossforeigncurrencytransactionandtranslationadjustmentbeforetax": -3700000,
        "othercomprehensiveincomeunrealizedholdinggainlossonsecuritiesarisingduringperiodbeforetax": 1000000,
        "othercomprehensiveincomelosstax": 300000,
        "othercomprehensiveincomelossnetoftax": -3000000,
        "comprehensiveincomenetoftaxincludingportionattributabletononcontrollinginterest": 228100000,
        "othercomprehensiveincomelossnetoftaxportionattributabletononcontrollinginterest": -1400000,
        "comprehensiveincomenetoftax": 229500000
    },
    {
        "date": "2022-06-29",
        "symbol": "FTNT",
        "period": "Q2",
        "revenuefromcontractwithcustomerexcludingassessedtax": 224700000,
        "costofgoodsandservicessold": 250800000,
        "grossprofit": 779300000,
        "researchanddevelopmentexpense": 124300000,
        "sellingandmarketingexpense": 415500000,
        "generalandadministrativeexpense": 45400000,
        "gainlossfrommutualcovenantnottosueagreementrighttouseexistingintellectualproperty": 1200000,
        "operatingexpenses": 584000000,
        "operatingincomeloss": 195300000,
        "investmentincomenet": 2400000,
        "interestexpense": 4500000,
        "othernonoperatingincomeexpense": -9300000,
        "incomelossfromcontinuingoperationsbeforeincometaxesminorityinterestandincomelossfromequitymethodinvestments": 183900000,
        "incometaxexpensebenefit": 2400000,
        "incomelossfromequitymethodinvestments": -8100000,
        "profitloss": -100000,
        "netincomelossattributabletononcontrollinginterest": -100000,
        "netincomeloss": 173500000,
        "earningspersharebasic": 0.22,
        "earningspersharediluted": 0.21,
        "weightedaveragenumberofsharesoutstandingbasic": 795400000,
        "weightedaveragenumberofdilutedsharesoutstanding": 810100000,
        "othercomprehensiveincomelossforeigncurrencytransactionandtranslationadjustmentbeforetax": -8300000.000000001,
        "othercomprehensiveincomeunrealizedholdinggainlossonsecuritiesarisingduringperiodbeforetax": -2400000,
        "othercomprehensiveincomelosstax": -600000,
        "othercomprehensiveincomelossnetoftax": -10100000,
        "comprehensiveincomenetoftaxincludingportionattributabletononcontrollinginterest": 163300000,
        "othercomprehensiveincomelossnetoftaxportionattributabletononcontrollinginterest": -2200000,
        "comprehensiveincomenetoftax": 165500000
    },
    {
        "date": "2022-03-30",
        "symbol": "FTNT",
        "period": "Q1",
        "revenuefromcontractwithcustomerexcludingassessedtax": 226200000,
        "costofgoodsandservicessold": 253800000,
        "grossprofit": 701000000,
        "researchanddevelopmentexpense": 124900000,
        "sellingandmarketingexpense": 387600000,
        "generalandadministrativeexpense": 38600000,
        "gainlossfrommutualcovenantnottosueagreementrighttouseexistingintellectualproperty": 1100000,
        "operatingexpenses": 550000000,
        "operatingincomeloss": 151000000,
        "investmentincomenet": 1300000,
        "interestexpense": 4500000,
        "othernonoperatingincomeexpense": -9100000,
        "incomelossfromcontinuingoperationsbeforeincometaxesminorityinterestandincomelossfromequitymethodinvestments": 138700000,
        "incometaxexpensebenefit": -8100000,
        "incomelossfromequitymethodinvestments": -8500000,
        "profitloss": -100000,
        "netincomelossattributabletononcontrollinginterest": -100000,
        "netincomeloss": 138400000,
        "earningspersharebasic": 0.86,
        "earningspersharediluted": 0.84,
        "weightedaveragenumberofsharesoutstandingbasic": 160700000,
        "weightedaveragenumberofdilutedsharesoutstanding": 164200000,
        "othercomprehensiveincomelossforeigncurrencytransactionandtranslationadjustmentbeforetax": -4500000,
        "othercomprehensiveincomeunrealizedholdinggainlossonsecuritiesarisingduringperiodbeforetax": -9300000,
        "othercomprehensiveincomelosstax": -2100000,
        "othercomprehensiveincomelossnetoftax": -11700000,
        "comprehensiveincomenetoftaxincludingportionattributabletononcontrollinginterest": 126600000,
        "othercomprehensiveincomelossnetoftaxportionattributabletononcontrollinginterest": -1200000,
        "comprehensiveincomenetoftax": 127800000
    },
    {
        "date": "2021-12-30",
        "symbol": "FTNT",
        "period": "Q4",
        "revenuefromcontractwithcustomerexcludingassessedtax": 212000000,
        "costofgoodsandservicessold": 228300000,
        "grossprofit": 735300000,
        "researchanddevelopmentexpense": 112600000,
        "sellingandmarketingexpense": 367700000,
        "generalandadministrativeexpense": 41300000,
        "gainlossfrommutualcovenantnottosueagreementrighttouseexistingintellectualproperty": 1200000,
        "operatingexpenses": 520400000,
        "operatingincomeloss": 214900000,
        "investmentincomenet": 1000000,
        "othernonoperatingincomeexpense": -4100000,
        "incomelossfromcontinuingoperationsbeforeincometaxesminorityinterestandincomelossfromequitymethodinvestments": 207300000,
        "incometaxexpensebenefit": 3700000,
        "netincomeloss": 199000000,
        "earningspersharebasic": 1.2200000000000002,
        "earningspersharediluted": 1.19,
        "weightedaveragenumberofsharesoutstandingbasic": -100000,
        "weightedaveragenumberofdilutedsharesoutstanding": 0,
        "comprehensiveincomenetoftax": 195400000
    },
    {
        "date": "2021-09-29",
        "symbol": "FTNT",
        "period": "Q3",
        "revenuefromcontractwithcustomerexcludingassessedtax": 193900000,
        "costofgoodsandservicessold": 211200000,
        "grossprofit": 656000000,
        "researchanddevelopmentexpense": 107800000,
        "sellingandmarketingexpense": 347100000,
        "generalandadministrativeexpense": 35800000,
        "gainlossfrommutualcovenantnottosueagreementrighttouseexistingintellectualproperty": 1100000,
        "operatingexpenses": 489600000,
        "operatingincomeloss": 166400000,
        "investmentincomenet": 1200000,
        "othernonoperatingincomeexpense": -6300000,
        "incomelossfromcontinuingoperationsbeforeincometaxesminorityinterestandincomelossfromequitymethodinvestments": 156700000,
        "incometaxexpensebenefit": -9300000,
        "netincomeloss": 163100000,
        "earningspersharebasic": 1,
        "earningspersharediluted": 0.9699999999999999,
        "weightedaveragenumberofsharesoutstandingbasic": 100000,
        "weightedaveragenumberofdilutedsharesoutstanding": 400000,
        "othercomprehensiveincomeunrealizedholdinggainlossonsecuritiesarisingduringperiodbeforetax": 0,
        "comprehensiveincomenetoftax": 162000000
    },
    {
        "date": "2021-06-29",
        "symbol": "FTNT",
        "period": "Q2",
        "revenuefromcontractwithcustomerexcludingassessedtax": 157900000,
        "costofgoodsandservicessold": 186900000,
        "grossprofit": 614200000,
        "researchanddevelopmentexpense": 106600000,
        "sellingandmarketingexpense": 326900000,
        "generalandadministrativeexpense": 34400000.00000001,
        "gainlossfrommutualcovenantnottosueagreementrighttouseexistingintellectualproperty": 1200000,
        "operatingexpenses": 466700000,
        "operatingincomeloss": 147500000,
        "investmentincomenet": 2500000,
        "othernonoperatingincomeexpense": 800000,
        "incomelossfromcontinuingoperationsbeforeincometaxesminorityinterestandincomelossfromequitymethodinvestments": 144999999.99999997,
        "incometaxexpensebenefit": 7500000,
        "netincomeloss": 137500000,
        "earningspersharebasic": 0.84,
        "earningspersharediluted": 0.83,
        "weightedaveragenumberofsharesoutstandingbasic": 200000,
        "weightedaveragenumberofdilutedsharesoutstanding": 300000,
        "othercomprehensiveincomeunrealizedholdinggainlossonsecuritiesarisingduringperiodbeforetax": -400000,
        "othercomprehensiveincomelosstaxportionattributabletoparent1": 0,
        "othercomprehensiveincomelossnetoftaxportionattributabletoparent": -400000,
        "comprehensiveincomenetoftax": 137100000
    },
    {
        "date": "2021-03-30",
        "symbol": "FTNT",
        "period": "Q1",
        "revenuefromcontractwithcustomerexcludingassessedtax": 143700000,
        "costofgoodsandservicessold": 156600000,
        "grossprofit": 553700000,
        "researchanddevelopmentexpense": 97200000,
        "sellingandmarketingexpense": 304000000,
        "generalandadministrativeexpense": 32000000,
        "gainlossfrommutualcovenantnottosueagreementrighttouseexistingintellectualproperty": 1100000,
        "operatingexpenses": 432100000,
        "operatingincomeloss": 121600000,
        "investmentincomenet": -200000,
        "othernonoperatingincomeexpense": -2000000,
        "incomelossfromcontinuingoperationsbeforeincometaxesminorityinterestandincomelossfromequitymethodinvestments": 119400000,
        "incometaxexpensebenefit": 12200000,
        "netincomeloss": 107200000,
        "earningspersharebasic": 0.66,
        "earningspersharediluted": 0.64,
        "weightedaveragenumberofsharesoutstandingbasic": 163000000,
        "weightedaveragenumberofdilutedsharesoutstanding": 166400000,
        "othercomprehensiveincomeunrealizedholdinggainlossonsecuritiesarisingduringperiodbeforetax": -600000,
        "othercomprehensiveincomelosstaxportionattributabletoparent1": -200000,
        "othercomprehensiveincomelossnetoftaxportionattributabletoparent": -400000,
        "comprehensiveincomenetoftax": 106800000
    },
    {
        "date": "2020-12-30",
        "symbol": "FTNT",
        "period": "Q4",
        "revenuefromcontractwithcustomerexcludingassessedtax": 148999999.99999994,
        "costofgoodsandservicessold": 167000000,
        "grossprofit": 583900000,
        "researchanddevelopmentexpense": 89000000,
        "sellingandmarketingexpense": 291400000.0000001,
        "generalandadministrativeexpense": 32400000,
        "gainlossfrommutualcovenantnottosueagreementrighttouseexistingintellectualproperty": 1200000,
        "operatingexpenses": 411600000,
        "operatingincomeloss": 172299999.99999994,
        "investmentincomenet": 2000000,
        "othernonoperatingincomeexpense": 300000,
        "incomelossfromcontinuingoperationsbeforeincometaxesminorityinterestandincomelossfromequitymethodinvestments": 174600000,
        "incometaxexpensebenefit": 25600000,
        "netincomeloss": 149000000,
        "earningspersharebasic": 0.9199999999999998,
        "earningspersharediluted": 0.88,
        "weightedaveragenumberofsharesoutstandingbasic": -330100000,
        "weightedaveragenumberofdilutedsharesoutstanding": -337500000,
        "othercomprehensiveincomeunrealizedholdinggainlossonsecuritiesarisingduringperiodbeforetax": -900000,
        "othercomprehensiveincomelosstaxportionattributabletoparent1": -200000,
        "othercomprehensiveincomelossnetoftaxportionattributabletoparent": -700000,
        "comprehensiveincomenetoftax": 148300000
    },
    {
        "date": "2020-09-29",
        "symbol": "FTNT",
        "period": "Q3",
        "revenuefromcontractwithcustomerexcludingassessedtax": 223800000,
        "costofgoodsandservicessold": 84300000,
        "grossprofit": 139500000,
        "researchanddevelopmentexpense": 90000000,
        "sellingandmarketingexpense": 266700000,
        "generalandadministrativeexpense": 29400000,
        "gainlossfrommutualcovenantnottosueagreementrighttouseexistingintellectualproperty": 1100000,
        "operatingexpenses": 385000000,
        "operatingincomeloss": 126900000,
        "investmentincomenet": 2500000,
        "othernonoperatingincomeexpense": -1000000,
        "incomelossfromcontinuingoperationsbeforeincometaxesminorityinterestandincomelossfromequitymethodinvestments": 128400000,
        "incometaxexpensebenefit": 5000000,
        "netincomeloss": 123400000,
        "earningspersharebasic": 0.76,
        "earningspersharediluted": 0.75,
        "weightedaveragenumberofsharesoutstandingbasic": 162100000,
        "weightedaveragenumberofdilutedsharesoutstanding": 165600000,
        "othercomprehensiveincomeunrealizedholdinggainlossonsecuritiesarisingduringperiodbeforetax": -1400000,
        "othercomprehensiveincomelosstaxportionattributabletoparent1": -300000,
        "othercomprehensiveincomelossnetoftaxportionattributabletoparent": -1100000,
        "comprehensiveincomenetoftax": 122300000
    },
    {
        "date": "2020-06-29",
        "symbol": "FTNT",
        "period": "Q2",
        "revenuefromcontractwithcustomerexcludingassessedtax": 211900000,
        "costofgoodsandservicessold": 84400000,
        "grossprofit": 127500000,
        "researchanddevelopmentexpense": 82100000,
        "sellingandmarketingexpense": 253800000,
        "generalandadministrativeexpense": 28900000,
        "gainlossfrommutualcovenantnottosueagreementrighttouseexistingintellectualproperty": 1100000,
        "operatingexpenses": 363700000,
        "operatingincomeloss": 116700000,
        "investmentincomenet": 4000000,
        "othernonoperatingincomeexpense": 900000,
        "incomelossfromcontinuingoperationsbeforeincometaxesminorityinterestandincomelossfromequitymethodinvestments": 121600000,
        "incometaxexpensebenefit": 9500000,
        "netincomeloss": 112100000,
        "earningspersharebasic": 0.69,
        "earningspersharediluted": 0.68,
        "weightedaveragenumberofsharesoutstandingbasic": 161600000,
        "weightedaveragenumberofdilutedsharesoutstanding": 165400000,
        "othercomprehensiveincomeunrealizedholdinggainlossonsecuritiesarisingduringperiodbeforetax": 7300000,
        "othercomprehensiveincomelosstaxportionattributabletoparent1": 1700000,
        "othercomprehensiveincomelossnetoftaxportionattributabletoparent": 5600000,
        "comprehensiveincomenetoftax": 117700000
    },
    {
        "date": "2020-03-30",
        "symbol": "FTNT",
        "period": "Q1",
        "netincomeloss": 104000000,
        "othercomprehensiveincomeunrealizedholdinggainlossonsecuritiesarisingduringperiodbeforetax": -5200000,
        "othercomprehensiveincomelosstaxportionattributabletoparent1": -1000000,
        "othercomprehensiveincomelossnetoftaxportionattributabletoparent": -4200000,
        "comprehensiveincomenetoftax": 99800000,
        "revenuefromcontractwithcustomerexcludingassessedtax": 192300000,
        "costofgoodsandservicessold": 76300000,
        "grossprofit": 116000000,
        "researchanddevelopmentexpense": 80300000,
        "sellingandmarketingexpense": 260000000,
        "generalandadministrativeexpense": 28800000,
        "gainlossfrommutualcovenantnottosueagreementrighttouseexistingintellectualproperty": 36800000,
        "operatingexpenses": 332300000,
        "operatingincomeloss": 115900000,
        "investmentincomenet": 9200000,
        "othernonoperatingincomeexpense": -8000000,
        "incomelossfromcontinuingoperationsbeforeincometaxesminorityinterestandincomelossfromequitymethodinvestments": 117100000,
        "incometaxexpensebenefit": 13100000,
        "earningspersharebasic": 0.61,
        "earningspersharediluted": 0.6,
        "weightedaveragenumberofsharesoutstandingbasic": 170600000,
        "weightedaveragenumberofdilutedsharesoutstanding": 174200000
    },
    {
        "date": "2019-12-30",
        "symbol": "FTNT",
        "period": "Q4",
        "netincomeloss": 115200000,
        "othercomprehensiveincomeunrealizedholdinggainlossonsecuritiesarisingduringperiodbeforetax": -200000,
        "othercomprehensiveincomelossnetoftaxportionattributabletoparent": 0,
        "comprehensiveincomenetoftax": 115200000,
        "revenuefromcontractwithcustomerexcludingassessedtax": 171000000,
        "costofgoodsandservicessold": 135500000,
        "grossprofit": 413200000,
        "researchanddevelopmentexpense": 71200000,
        "sellingandmarketingexpense": 257100000,
        "generalandadministrativeexpense": 27200000,
        "operatingexpenses": 355500000,
        "operatingincomeloss": 118400000,
        "investmentincomenet": 9900000,
        "othernonoperatingincomeexpense": -600000,
        "incomelossfromcontinuingoperationsbeforeincometaxesminorityinterestandincomelossfromequitymethodinvestments": 127700000,
        "incometaxexpensebenefit": 12500000,
        "earningspersharebasic": 0.67,
        "earningspersharediluted": 0.6600000000000001,
        "weightedaveragenumberofsharesoutstandingbasic": 100000,
        "weightedaveragenumberofdilutedsharesoutstanding": 100000
    },
    {
        "date": "2019-09-29",
        "symbol": "FTNT",
        "period": "Q3",
        "netincomeloss": 79800000,
        "othercomprehensiveincomeunrealizedholdinggainlossonsecuritiesarisingduringperiodbeforetax": 200000,
        "othercomprehensiveincomelosstaxportionattributabletoparent1": 0,
        "othercomprehensiveincomelossnetoftaxportionattributabletoparent": 200000,
        "comprehensiveincomenetoftax": 80000000,
        "revenuefromcontractwithcustomerexcludingassessedtax": 264900000,
        "costofgoodsandservicessold": 36200000,
        "grossprofit": -149000000,
        "researchanddevelopmentexpense": 69900000,
        "sellingandmarketingexpense": 227400000,
        "generalandadministrativeexpense": 26100000,
        "operatingexpenses": 323400000,
        "operatingincomeloss": 100000000,
        "investmentincomenet": 11400000,
        "othernonoperatingincomeexpense": -6000000,
        "incomelossfromcontinuingoperationsbeforeincometaxesminorityinterestandincomelossfromequitymethodinvestments": 105400000,
        "incometaxexpensebenefit": 25600000,
        "earningspersharebasic": 0.4700000000000001,
        "earningspersharediluted": 0.45,
        "weightedaveragenumberofsharesoutstandingbasic": -170400000,
        "weightedaveragenumberofdilutedsharesoutstanding": -175000000
    },
    {
        "date": "2019-06-29",
        "symbol": "FTNT",
        "period": "Q2",
        "netincomeloss": 72700000,
        "othercomprehensiveincomeunrealizedholdinggainlossonsecuritiesarisingduringperiodbeforetax": 1500000,
        "othercomprehensiveincomelosstaxportionattributabletoparent1": 400000,
        "othercomprehensiveincomelossnetoftaxportionattributabletoparent": 1100000,
        "comprehensiveincomenetoftax": 73800000,
        "revenuefromcontractwithcustomerexcludingassessedtax": 189900000,
        "costofgoodsandservicessold": 82700000,
        "grossprofit": 107200000,
        "researchanddevelopmentexpense": 67400000,
        "sellingandmarketingexpense": 226500000,
        "generalandadministrativeexpense": 24300000,
        "operatingexpenses": 318200000,
        "operatingincomeloss": 75200000,
        "investmentincomenet": 11000000,
        "othernonoperatingincomeexpense": -400000,
        "incomelossfromcontinuingoperationsbeforeincometaxesminorityinterestandincomelossfromequitymethodinvestments": 85800000,
        "incometaxexpensebenefit": 13100000,
        "earningspersharebasic": 0.42,
        "earningspersharediluted": 0.42,
        "weightedaveragenumberofsharesoutstandingbasic": 171100000,
        "weightedaveragenumberofdilutedsharesoutstanding": 175100000
    },
    {
        "date": "2019-03-30",
        "symbol": "FTNT",
        "period": "Q1",
        "netincomeloss": 58800000,
        "othercomprehensiveincomeunrealizedholdinggainlossonsecuritiesarisingduringperiodbeforetax": 1000000,
        "othercomprehensiveincomelosstaxportionattributabletoparent1": 300000,
        "othercomprehensiveincomelossnetoftaxportionattributabletoparent": 700000,
        "comprehensiveincomenetoftax": 59500000,
        "revenuefromcontractwithcustomerexcludingassessedtax": 162700000,
        "costofgoodsandservicessold": 70200000,
        "grossprofit": 92500000,
        "researchanddevelopmentexpense": 68600000,
        "sellingandmarketingexpense": 215900000,
        "generalandadministrativeexpense": 24500000,
        "operatingexpenses": 309000000,
        "operatingincomeloss": 50600000,
        "investmentincomenet": 10200000,
        "othernonoperatingincomeexpense": -500000,
        "incomelossfromcontinuingoperationsbeforeincometaxesminorityinterestandincomelossfromequitymethodinvestments": 60300000,
        "incometaxexpensebenefit": 1500000,
        "earningspersharebasic": 0.35,
        "earningspersharediluted": 0.34,
        "weightedaveragenumberofsharesoutstandingbasic": 170200000,
        "weightedaveragenumberofdilutedsharesoutstanding": 174800000
    },
    {
        "date": "2018-12-30",
        "symbol": "FTNT",
        "period": "Q4",
        "netincomeloss": 297000000,
        "comprehensiveincomenetoftax": 182800000,
        "salesrevenuegoodsnet": 7400000,
        "salesrevenueservicesnet": 173300000,
        "salesrevenuenet": 203800000,
        "costofgoodssold": 400000,
        "costofservices": 41600000,
        "costofgoodsandservicessold": 128500000,
        "productgrossprofit": 7000000,
        "servicesgrossprofit": -1600000,
        "grossprofit": 5400000,
        "researchanddevelopmentexpense": 65500000,
        "sellingandmarketingexpense": -13000000,
        "generalandadministrativeexpense": 22000000,
        "operatingexpenses": 293400000,
        "operatingincomeloss": 18400000,
        "investmentincomenet": 9300000,
        "othernonoperatingincomeexpense": -2300000,
        "incomelossfromcontinuingoperationsbeforeincometaxesminorityinterestandincomelossfromequitymethodinvestments": 18400000,
        "incometaxexpensebenefit": 1000000,
        "earningspersharebasic": 0.09999999999999999,
        "earningspersharediluted": 0.09999999999999998,
        "weightedaveragenumberofsharesoutstandingbasic": -337000000,
        "weightedaveragenumberofdilutedsharesoutstanding": -346800000
    },
    {
        "date": "2018-09-29",
        "symbol": "FTNT",
        "period": "Q3",
        "netincomeloss": 9200000,
        "othercomprehensiveincomeunrealizedholdinggainlossonsecuritiesarisingduringperiodbeforetax": 500000,
        "othercomprehensiveincomelosstaxportionattributabletoparent1": 100000,
        "othercomprehensiveincomelossnetoftaxportionattributabletoparent": 400000,
        "comprehensiveincomenetoftax": 59100000,
        "salesrevenuegoodsnet": 2200000,
        "salesrevenueservicesnet": 121400000,
        "salesrevenuenet": 194000000,
        "costofgoodssold": -300000,
        "costofservices": 39600000,
        "costofgoodsandservicessold": 111600000,
        "productgrossprofit": 2500000,
        "servicesgrossprofit": -200000,
        "grossprofit": 2300000,
        "researchanddevelopmentexpense": 58700000,
        "sellingandmarketingexpense": -9000000,
        "generalandadministrativeexpense": 22500000,
        "operatingexpenses": 279500000,
        "operatingincomeloss": 11300000,
        "investmentincomenet": 6900000,
        "othernonoperatingincomeexpense": 900000,
        "incomelossfromcontinuingoperationsbeforeincometaxesminorityinterestandincomelossfromequitymethodinvestments": 11300000,
        "incometaxexpensebenefit": 2100000,
        "earningspersharebasic": 0.05,
        "earningspersharediluted": 0.05,
        "weightedaveragenumberofsharesoutstandingbasic": 169800000,
        "weightedaveragenumberofdilutedsharesoutstanding": 175700000
    },
    {
        "date": "2018-06-29",
        "symbol": "FTNT",
        "period": "Q2",
        "netincomeloss": 13200000,
        "othercomprehensiveincomeunrealizedholdinggainlossonsecuritiesarisingduringperiodbeforetax": 700000,
        "othercomprehensiveincomelosstaxportionattributabletoparent1": 100000,
        "othercomprehensiveincomelossnetoftaxportionattributabletoparent": 600000,
        "comprehensiveincomenetoftax": 49900000,
        "salesrevenuegoodsnet": 4200000,
        "salesrevenueservicesnet": 116400000,
        "salesrevenuenet": 189300000,
        "costofgoodssold": -200000,
        "costofservices": 39200000,
        "costofgoodsandservicessold": 113100000,
        "productgrossprofit": 4400000,
        "servicesgrossprofit": 1000000,
        "grossprofit": 5400000,
        "researchanddevelopmentexpense": 61200000,
        "sellingandmarketingexpense": -11800000,
        "generalandadministrativeexpense": 23500000,
        "operatingexpenses": 277500000,
        "operatingincomeloss": 17200000,
        "investmentincomenet": 5800000,
        "othernonoperatingincomeexpense": -5000000,
        "incomelossfromcontinuingoperationsbeforeincometaxesminorityinterestandincomelossfromequitymethodinvestments": 17200000,
        "incometaxexpensebenefit": 4000000,
        "earningspersharebasic": 0.08,
        "earningspersharediluted": 0.08,
        "weightedaveragenumberofsharesoutstandingbasic": 168600000,
        "weightedaveragenumberofdilutedsharesoutstanding": 173500000
    },
    {
        "date": "2018-03-30",
        "symbol": "FTNT",
        "period": "Q1",
        "netincomeloss": 12800000,
        "othercomprehensiveincomeunrealizedholdinggainlossonsecuritiesarisingduringperiodbeforetax": -1200000,
        "othercomprehensiveincomelossnetoftaxportionattributabletoparent": -1200000,
        "comprehensiveincomenetoftax": 40400000,
        "salesrevenuegoodsnet": 5700000,
        "salesrevenueservicesnet": 109600000,
        "salesrevenuenet": 175800000,
        "costofgoodssold": 1500000,
        "costofservices": 39000000,
        "costofgoodsandservicessold": 97200000,
        "productgrossprofit": 4200000,
        "servicesgrossprofit": 700000,
        "grossprofit": 4900000,
        "researchanddevelopmentexpense": 59100000,
        "sellingandmarketingexpense": -11700000,
        "generalandadministrativeexpense": 25000000,
        "operatingexpenses": 269400000,
        "operatingincomeloss": 16600000,
        "investmentincomenet": 4500000,
        "othernonoperatingincomeexpense": -200000,
        "incomelossfromcontinuingoperationsbeforeincometaxesminorityinterestandincomelossfromequitymethodinvestments": 16600000,
        "incometaxexpensebenefit": 3800000,
        "earningspersharebasic": 0.08,
        "earningspersharediluted": 0.07,
        "weightedaveragenumberofsharesoutstandingbasic": 167700000,
        "weightedaveragenumberofdilutedsharesoutstanding": 171800000
    },
    {
        "date": "2017-09-29",
        "symbol": "FTNT",
        "period": "Q3",
        "netincomeloss": 26610000,
        "othercomprehensiveincomeunrealizedholdinggainlossonsecuritiesarisingduringperiodbeforetax": 172000,
        "othercomprehensiveincomelosstaxportionattributabletoparent1": 65000,
        "othercomprehensiveincomelossnetoftaxportionattributabletoparent": 107000,
        "comprehensiveincomenetoftax": 26717000,
        "salesrevenuegoodsnet": 137095000,
        "salesrevenueservicesnet": 237122000,
        "salesrevenuenet": 161153000,
        "costofgoodssold": 58106000,
        "costofservices": 35543000,
        "costofgoodsandservicessold": 93649000,
        "productgrossprofit": 78989000,
        "servicesgrossprofit": 201579000,
        "grossprofit": 280568000,
        "researchanddevelopmentexpense": 53486000,
        "sellingandmarketingexpense": 172361000,
        "generalandadministrativeexpense": 21025000,
        "restructuringcharges": 0,
        "operatingexpenses": 246872000,
        "operatingincomeloss": 33696000,
        "investmentincomenet": 3866000,
        "othernonoperatingincomeexpense": 344000,
        "incomelossfromcontinuingoperationsbeforeincometaxesminorityinterestandincomelossfromequitymethodinvestments": 37906000,
        "incometaxexpensebenefit": 11296000,
        "earningspersharebasic": 0.15000000000000002,
        "earningspersharediluted": 0.15000000000000002,
        "weightedaveragenumberofsharesoutstandingbasic": -174977000,
        "weightedaveragenumberofdilutedsharesoutstanding": -178992000
    },
    {
        "date": "2017-06-29",
        "symbol": "FTNT",
        "period": "Q2",
        "netincomeloss": 23033000,
        "othercomprehensiveincomeunrealizedholdinggainlossonsecuritiesarisingduringperiodbeforetax": -91000,
        "othercomprehensiveincomelosstaxportionattributabletoparent1": -57000,
        "othercomprehensiveincomelossnetoftaxportionattributabletoparent": -34000,
        "comprehensiveincomenetoftax": 22999000,
        "salesrevenuegoodsnet": 142705000,
        "salesrevenueservicesnet": 220764000,
        "salesrevenuenet": 160713000,
        "costofgoodssold": 60787000,
        "costofservices": 34865000,
        "costofgoodsandservicessold": 95652000,
        "productgrossprofit": 81918000,
        "servicesgrossprofit": 185899000,
        "grossprofit": 267817000,
        "researchanddevelopmentexpense": 51159000,
        "sellingandmarketingexpense": 166337000,
        "generalandadministrativeexpense": 21911000,
        "restructuringcharges": -90000,
        "operatingexpenses": 239317000,
        "operatingincomeloss": 28500000,
        "investmentincomenet": 3163000,
        "othernonoperatingincomeexpense": 1243000,
        "incomelossfromcontinuingoperationsbeforeincometaxesminorityinterestandincomelossfromequitymethodinvestments": 32906000,
        "incometaxexpensebenefit": 9873000,
        "earningspersharebasic": 0.13,
        "earningspersharediluted": 0.13,
        "weightedaveragenumberofsharesoutstandingbasic": 175741000,
        "weightedaveragenumberofdilutedsharesoutstanding": 179701000
    },
    {
        "date": "2017-03-30",
        "symbol": "FTNT",
        "period": "Q1",
        "netincomeloss": 10717000,
        "othercomprehensiveincomeunrealizedholdinggainlossonsecuritiesarisingduringperiodbeforetax": 425000,
        "othercomprehensiveincomelosstaxportionattributabletoparent1": 149000,
        "othercomprehensiveincomelossnetoftaxportionattributabletoparent": 276000,
        "comprehensiveincomenetoftax": 10993000,
        "salesrevenuegoodsnet": 135253000,
        "salesrevenueservicesnet": 205323000,
        "salesrevenuenet": 146364000,
        "costofgoodssold": 55297000,
        "costofservices": 35267000,
        "costofgoodsandservicessold": 90564000,
        "productgrossprofit": 79956000,
        "servicesgrossprofit": 170056000,
        "grossprofit": 250012000,
        "researchanddevelopmentexpense": 51195000,
        "sellingandmarketingexpense": 170400000,
        "generalandadministrativeexpense": 22577000,
        "restructuringcharges": 430000,
        "operatingexpenses": 244602000,
        "operatingincomeloss": 5410000,
        "investmentincomenet": 2392000,
        "othernonoperatingincomeexpense": 302000,
        "incomelossfromcontinuingoperationsbeforeincometaxesminorityinterestandincomelossfromequitymethodinvestments": 8104000,
        "incometaxexpensebenefit": -2613000,
        "earningspersharebasic": 0.06,
        "earningspersharediluted": 0.06,
        "weightedaveragenumberofsharesoutstandingbasic": 174489000,
        "weightedaveragenumberofdilutedsharesoutstanding": 178278000
    },
    {
        "date": "2016-12-30",
        "symbol": "FTNT",
        "period": "Q4",
        "netincomeloss": 27286000,
        "othercomprehensiveincomeunrealizedholdinggainlossonsecuritiesarisingduringperiodbeforetax": -1413000,
        "othercomprehensiveincomelosstaxportionattributabletoparent1": -675000,
        "othercomprehensiveincomelossnetoftaxportionattributabletoparent": -918000,
        "comprehensiveincomenetoftax": 29795000,
        "salesrevenuegoodsnet": 158925000,
        "salesrevenueservicesnet": 203905000,
        "salesrevenuenet": 150140000,
        "costofgoodssold": 56570000,
        "costofservices": 34216000,
        "costofgoodsandservicessold": 90786000,
        "productgrossprofit": 102355000,
        "servicesgrossprofit": 169689000,
        "grossprofit": 272044000,
        "researchanddevelopmentexpense": 45377000,
        "sellingandmarketingexpense": 161573000,
        "generalandadministrativeexpense": 17088000,
        "restructuringcharges": -2781000,
        "operatingexpenses": 224871000,
        "operatingincomeloss": 47173000,
        "investmentincomenet": 1964000,
        "othernonoperatingincomeexpense": -4959000,
        "incomelossfromcontinuingoperationsbeforeincometaxesminorityinterestandincomelossfromequitymethodinvestments": 45487000,
        "incometaxexpensebenefit": 12966000,
        "earningspersharebasic": 0.18,
        "earningspersharediluted": 0.16999999999999998,
        "weightedaveragenumberofsharesoutstandingbasic": -344534000,
        "weightedaveragenumberofdilutedsharesoutstanding": -345420000
    },
    {
        "date": "2016-09-29",
        "symbol": "FTNT",
        "period": "Q3",
        "netincomeloss": 6291000,
        "othercomprehensiveincomeunrealizedholdinggainlossonsecuritiesarisingduringperiodbeforetax": -879000,
        "othercomprehensiveincomelosstaxportionattributabletoparent1": -308000,
        "othercomprehensiveincomelossnetoftaxportionattributabletoparent": -571000,
        "comprehensiveincomenetoftax": 5720000,
        "salesrevenuegoodsnet": 127972000,
        "salesrevenueservicesnet": 188674000,
        "salesrevenuenet": 133874000,
        "costofgoodssold": 50267000,
        "costofservices": 34532000,
        "costofgoodsandservicessold": 84799000,
        "productgrossprofit": 77705000,
        "servicesgrossprofit": 154142000,
        "grossprofit": 231847000,
        "researchanddevelopmentexpense": 47239000,
        "sellingandmarketingexpense": 154831000,
        "generalandadministrativeexpense": 22006000,
        "restructuringcharges": 2200000,
        "operatingexpenses": 226359000,
        "operatingincomeloss": 5488000,
        "investmentincomenet": 1888000,
        "othernonoperatingincomeexpense": -787000,
        "incomelossfromcontinuingoperationsbeforeincometaxesminorityinterestandincomelossfromequitymethodinvestments": 6589000,
        "incometaxexpensebenefit": 298000,
        "earningspersharebasic": 0.04,
        "earningspersharediluted": 0.04,
        "weightedaveragenumberofsharesoutstandingbasic": 173335000,
        "weightedaveragenumberofdilutedsharesoutstanding": 177938000
    },
    {
        "date": "2016-06-29",
        "symbol": "FTNT",
        "period": "Q2",
        "netincomeloss": -1388000,
        "othercomprehensiveincomeunrealizedholdinggainlossonsecuritiesarisingduringperiodbeforetax": 662000,
        "othercomprehensiveincomelosstaxportionattributabletoparent1": 232000,
        "othercomprehensiveincomelossnetoftaxportionattributabletoparent": 430000,
        "comprehensiveincomenetoftax": -958000,
        "salesrevenuegoodsnet": 136641000,
        "salesrevenueservicesnet": 174750000,
        "salesrevenuenet": 132646000,
        "costofgoodssold": 52788000,
        "costofservices": 31715000,
        "costofgoodsandservicessold": 84503000,
        "productgrossprofit": 83853000,
        "servicesgrossprofit": 143035000,
        "grossprofit": 226888000,
        "researchanddevelopmentexpense": 45502000,
        "sellingandmarketingexpense": 162694000,
        "generalandadministrativeexpense": 22184000,
        "restructuringcharges": 553000,
        "operatingexpenses": 230933000,
        "operatingincomeloss": -4045000,
        "investmentincomenet": 1705000,
        "othernonoperatingincomeexpense": -1350000,
        "incomelossfromcontinuingoperationsbeforeincometaxesminorityinterestandincomelossfromequitymethodinvestments": -3690000,
        "incometaxexpensebenefit": -2302000,
        "earningspersharebasic": -0.01,
        "earningspersharediluted": -0.01,
        "weightedaveragenumberofsharesoutstandingbasic": 172075000,
        "weightedaveragenumberofdilutedsharesoutstanding": 172075000
    },
    {
        "date": "2016-03-30",
        "symbol": "FTNT",
        "period": "Q1",
        "netincomeloss": -2000,
        "othercomprehensiveincomeunrealizedholdinggainlossonsecuritiesarisingduringperiodbeforetax": 1888000,
        "othercomprehensiveincomelosstaxportionattributabletoparent1": 661000,
        "othercomprehensiveincomelossnetoftaxportionattributabletoparent": 1227000,
        "comprehensiveincomenetoftax": -2202000,
        "salesrevenuegoodsnet": 124572000,
        "salesrevenueservicesnet": 160004000,
        "salesrevenuenet": 120046000,
        "costofgoodssold": 49359000,
        "costofservices": 28390000,
        "costofgoodsandservicessold": 77749000,
        "productgrossprofit": 75213000,
        "servicesgrossprofit": 131614000,
        "grossprofit": 206827000,
        "researchanddevelopmentexpense": 44966000,
        "sellingandmarketingexpense": 147403000,
        "generalandadministrativeexpense": 19802000,
        "restructuringcharges": 328000,
        "operatingexpenses": 212499000,
        "operatingincomeloss": -5672000,
        "investmentincomenet": 1746000,
        "othernonoperatingincomeexpense": -3000,
        "incomelossfromcontinuingoperationsbeforeincometaxesminorityinterestandincomelossfromequitymethodinvestments": -5238000,
        "incometaxexpensebenefit": -1000,
        "earningspersharebasic": -0.02,
        "earningspersharediluted": -0.02,
        "weightedaveragenumberofsharesoutstandingbasic": 171745000,
        "weightedaveragenumberofdilutedsharesoutstanding": 171745000
    },
    {
        "date": "2015-09-29",
        "symbol": "FTNT",
        "period": "Q3",
        "netincomeloss": 8169000,
        "othercomprehensiveincomeunrealizedholdinggainlossonsecuritiesarisingduringperiodbeforetax": 337000,
        "othercomprehensiveincomelosstaxportionattributabletoparent1": 118000,
        "othercomprehensiveincomelossnetoftaxportionattributabletoparent": 219000,
        "comprehensiveincomenetoftax": 8388000,
        "salesrevenuegoodsnet": 119737000,
        "salesrevenueservicesnet": 140331000,
        "salesrevenuenet": 113165000,
        "costofgoodssold": 46167000,
        "costofservices": 25534000,
        "costofgoodsandservicessold": 71701000,
        "productgrossprofit": 73570000,
        "servicesgrossprofit": 114797000,
        "grossprofit": 188367000,
        "researchanddevelopmentexpense": 42110000,
        "sellingandmarketingexpense": 120994000,
        "generalandadministrativeexpense": 21220000,
        "restructuringcharges": 5883000,
        "operatingexpenses": 190207000,
        "operatingincomeloss": -1840000,
        "investmentincomenet": 1333000,
        "othernonoperatingincomeexpense": -653000,
        "incomelossfromcontinuingoperationsbeforeincometaxesminorityinterestandincomelossfromequitymethodinvestments": -1160000,
        "incometaxexpensebenefit": -9329000,
        "earningspersharebasic": 0.05,
        "earningspersharediluted": 0.05,
        "weightedaveragenumberofsharesoutstandingbasic": 171648000,
        "weightedaveragenumberofdilutedsharesoutstanding": 177897000
    },
    {
        "date": "2015-06-29",
        "symbol": "FTNT",
        "period": "Q2",
        "netincomeloss": -2000,
        "othercomprehensiveincomeunrealizedholdinggainlossonsecuritiesarisingduringperiodbeforetax": -822000,
        "othercomprehensiveincomelosstaxportionattributabletoparent1": -287000,
        "othercomprehensiveincomelossnetoftaxportionattributabletoparent": -535000,
        "comprehensiveincomenetoftax": 257000,
        "salesrevenuegoodsnet": 114777000,
        "salesrevenueservicesnet": 125008000,
        "salesrevenuenet": 108593000,
        "costofgoodssold": 47397000,
        "costofservices": 22101000,
        "costofgoodsandservicessold": 69498000,
        "productgrossprofit": 67380000,
        "servicesgrossprofit": 102907000,
        "grossprofit": 170287000,
        "researchanddevelopmentexpense": 37389000,
        "sellingandmarketingexpense": 111928000,
        "generalandadministrativeexpense": 18018000,
        "operatingexpenses": 167335000,
        "operatingincomeloss": 2952000,
        "investmentincomenet": 1364000,
        "othernonoperatingincomeexpense": -2000,
        "incomelossfromcontinuingoperationsbeforeincometaxesminorityinterestandincomelossfromequitymethodinvestments": 3486000,
        "incometaxexpensebenefit": 0,
        "earningspersharebasic": 0,
        "earningspersharediluted": 0,
        "weightedaveragenumberofsharesoutstandingbasic": 932000,
        "weightedaveragenumberofdilutedsharesoutstanding": 1263000
    },
    {
        "date": "2015-03-30",
        "symbol": "FTNT",
        "period": "Q1",
        "netincomeloss": -3000,
        "othercomprehensiveincomeunrealizedholdinggainlossonsecuritiesarisingduringperiodbeforetax": 885000,
        "othercomprehensiveincomelosstaxportionattributabletoparent1": 310000,
        "othercomprehensiveincomelossnetoftaxportionattributabletoparent": 575000,
        "comprehensiveincomenetoftax": 2135000,
        "salesrevenuegoodsnet": 97509000,
        "salesrevenueservicesnet": 115377000,
        "salesrevenuenet": 91560000,
        "costofgoodssold": 41368000,
        "costofservices": 22234000,
        "costofgoodsandservicessold": 63602000,
        "productgrossprofit": 56141000,
        "servicesgrossprofit": 93143000,
        "grossprofit": 149284000,
        "researchanddevelopmentexpense": 35816000,
        "sellingandmarketingexpense": 100609000,
        "generalandadministrativeexpense": 11961000,
        "operatingexpenses": 148386000,
        "operatingincomeloss": 898000,
        "investmentincomenet": 1422000,
        "othernonoperatingincomeexpense": -4000,
        "incomelossfromcontinuingoperationsbeforeincometaxesminorityinterestandincomelossfromequitymethodinvestments": 1643000,
        "incometaxexpensebenefit": -1000,
        "earningspersharebasic": 0.01,
        "earningspersharediluted": 0.01,
        "weightedaveragenumberofsharesoutstandingbasic": 168077000,
        "weightedaveragenumberofdilutedsharesoutstanding": 173720000
    },
    {
        "date": "2014-12-30",
        "symbol": "FTNT",
        "period": "Q4",
        "netincomeloss": 15208000,
        "othercomprehensiveincomeforeigncurrencytransactionandtranslationadjustmentbeforetaxportionattributabletoparent": -2000,
        "othercomprehensiveincomeunrealizedholdinggainlossonsecuritiesarisingduringperiodbeforetax": -712000,
        "othercomprehensiveincomelossnetoftaxportionattributabletoparent": -463000,
        "comprehensiveincomenetoftax": 6350000,
        "salesrevenuegoodsnet": 110678000,
        "salesrevenuenet": 152226000,
        "costofgoodssold": 46070000,
        "costofgoodsandservicessold": 65624000,
        "productgrossprofit": 64608000,
        "grossprofit": 158345000,
        "researchanddevelopmentexpense": 33097000,
        "sellingandmarketingexpense": 93228000,
        "generalandadministrativeexpense": 12104000,
        "operatingexpenses": 138429000,
        "operatingincomeloss": 19916000,
        "investmentincomenet": 1402000,
        "othernonoperatingincomeexpense": 1248000,
        "incomelossfromcontinuingoperationsbeforeincometaxesminorityinterestandincomelossfromequitymethodinvestments": 20118000,
        "incometaxexpensebenefit": -22906000,
        "earningspersharebasic": 0.039999999999999994,
        "earningspersharediluted": 0.039999999999999994,
        "weightedaveragenumberofsharesoutstandingbasic": -326015000,
        "weightedaveragenumberofdilutedsharesoutstanding": -336897000
    },
    {
        "date": "2014-09-29",
        "symbol": "FTNT",
        "period": "Q3",
        "netincomeloss": 4056000,
        "othercomprehensiveincomeforeigncurrencytransactionandtranslationadjustmentbeforetaxportionattributabletoparent": -432000,
        "othercomprehensiveincomeunrealizedholdinggainlossonsecuritiesarisingduringperiodbeforetax": -977000,
        "othercomprehensiveincomelosstaxportionattributabletoparent1": -342000,
        "othercomprehensiveincomelossnetoftaxportionattributabletoparent": -1067000,
        "comprehensiveincomenetoftax": 2989000,
        "salesrevenuegoodsnet": 87731000,
        "salesrevenueservicesandothernet": 105617000,
        "salesrevenuenet": 50329000,
        "costofgoodssold": 35636000,
        "costofservicesandother": 21249000,
        "costofgoodsandservicessold": 56885000,
        "productgrossprofit": 52095000,
        "servicesandothergrossprofit": 84368000,
        "grossprofit": 136463000,
        "researchanddevelopmentexpense": 30790000,
        "sellingandmarketingexpense": 80433000,
        "generalandadministrativeexpense": 9789000,
        "operatingexpenses": 121012000,
        "operatingincomeloss": 15451000,
        "investmentincomenet": 1339000,
        "othernonoperatingincomeexpense": -1005000,
        "incomelossfromcontinuingoperationsbeforeincometaxesminorityinterestandincomelossfromequitymethodinvestments": 15785000,
        "incometaxexpensebenefit": 11729000,
        "earningspersharebasic": 0.02,
        "earningspersharediluted": 0.02,
        "weightedaveragenumberofsharesoutstandingbasic": 164294000,
        "weightedaveragenumberofdilutedsharesoutstanding": 169727000
    },
    {
        "date": "2014-06-29",
        "symbol": "FTNT",
        "period": "Q2",
        "netincomeloss": 6081000,
        "othercomprehensiveincomeforeigncurrencytransactionandtranslationadjustmentbeforetaxportionattributabletoparent": 1118000,
        "othercomprehensiveincomeunrealizedholdinggainlossonsecuritiesarisingduringperiodbeforetax": -21000,
        "othercomprehensiveincomelosstaxportionattributabletoparent1": -7000,
        "othercomprehensiveincomelossnetoftaxportionattributabletoparent": 1104000,
        "comprehensiveincomenetoftax": 7185000,
        "salesrevenuegoodsnet": 85384000,
        "salesrevenueservicesandothernet": 98714000,
        "salesrevenuenet": 49672000,
        "costofgoodssold": 37455000,
        "costofservicesandother": 20302000,
        "costofgoodsandservicessold": 57757000,
        "productgrossprofit": 47929000,
        "servicesandothergrossprofit": 78412000,
        "grossprofit": 126341000,
        "researchanddevelopmentexpense": 29938000,
        "sellingandmarketingexpense": 74817000,
        "generalandadministrativeexpense": 10444000,
        "operatingexpenses": 115199000,
        "operatingincomeloss": 11142000,
        "investmentincomenet": 1319000,
        "othernonoperatingincomeexpense": -574000,
        "incomelossfromcontinuingoperationsbeforeincometaxesminorityinterestandincomelossfromequitymethodinvestments": 11887000,
        "incometaxexpensebenefit": 5806000,
        "earningspersharebasic": 0.04,
        "earningspersharediluted": 0.04,
        "weightedaveragenumberofsharesoutstandingbasic": 163161000,
        "weightedaveragenumberofdilutedsharesoutstanding": 168345000
    },
    {
        "date": "2014-03-30",
        "symbol": "FTNT",
        "period": "Q1",
        "netincomeloss": -2000,
        "othercomprehensiveincomeforeigncurrencytransactionandtranslationadjustmentbeforetaxportionattributabletoparent": -1017000,
        "othercomprehensiveincomeunrealizedholdinggainlossonsecuritiesarisingduringperiodbeforetax": 2000,
        "othercomprehensiveincomelossnetoftaxportionattributabletoparent": -1015000,
        "comprehensiveincomenetoftax": 7378000,
        "salesrevenuegoodsnet": 76765000,
        "salesrevenueservicesandothernet": 92184000,
        "salesrevenuenet": 72432000,
        "costofgoodssold": 32139000,
        "costofservicesandother": 18604000,
        "costofgoodsandservicessold": 50743000,
        "productgrossprofit": 44626000,
        "servicesandothergrossprofit": 73580000,
        "grossprofit": 118206000,
        "researchanddevelopmentexpense": 29055000,
        "sellingandmarketingexpense": 67326000,
        "generalandadministrativeexpense": 9010000,
        "operatingexpenses": 105391000,
        "operatingincomeloss": 12815000,
        "investmentincomenet": 1333000,
        "othernonoperatingincomeexpense": -2000,
        "incomelossfromcontinuingoperationsbeforeincometaxesminorityinterestandincomelossfromequitymethodinvestments": 13759000,
        "incometaxexpensebenefit": 5366000,
        "earningspersharebasic": 0.05,
        "earningspersharediluted": 0.05,
        "weightedaveragenumberofsharesoutstandingbasic": 162391000,
        "weightedaveragenumberofdilutedsharesoutstanding": 168114000
    },
    {
        "date": "2013-12-30",
        "symbol": "FTNT",
        "period": "Q4",
        "netincomeloss": -32266000,
        "othercomprehensiveincomeforeigncurrencytransactionandtranslationadjustmentbeforetaxportionattributabletoparent": -716000,
        "othercomprehensiveincomeunrealizedholdinggainlossonsecuritiesarisingduringperiodbeforetax": 239000,
        "othercomprehensiveincomelosstaxportionattributabletoparent1": 84000,
        "othercomprehensiveincomelossnetoftaxportionattributabletoparent": -561000,
        "comprehensiveincomenetoftax": 11455000,
        "salesrevenuegoodsnet": 83884000,
        "salesrevenueservicesnet": 90276000,
        "ratableandotherrevenuenet": 3190000,
        "salesrevenuenet": 36179000,
        "costofgoodssold": 37579000,
        "costofservices": 15916000,
        "costofratableandotherrevenue": 382000,
        "costofgoodsandservicessold": 53877000,
        "productgrossprofit": 46305000,
        "servicesgrossprofit": 74360000,
        "ratableandotherrevenuegrossprofit": 2808000,
        "grossprofit": 123473000,
        "researchanddevelopmentexpense": 27747000,
        "sellingandmarketingexpense": 62331000,
        "generalandadministrativeexpense": 8752000,
        "operatingexpenses": 98830000,
        "operatingincomeloss": 24643000,
        "othernonoperatingincomeexpense": 1022000,
        "incomelossfromcontinuingoperationsbeforeincometaxesminorityinterestandincomelossfromequitymethodinvestments": 25542000,
        "incometaxexpensebenefit": -18147000,
        "earningspersharebasic": 0.06000000000000001,
        "earningspersharediluted": 0.07,
        "weightedaveragenumberofsharesoutstandingbasic": -324000000,
        "weightedaveragenumberofdilutedsharesoutstanding": -336348000
    },
    {
        "date": "2013-09-29",
        "symbol": "FTNT",
        "period": "Q3",
        "netincomeloss": 11029000,
        "othercomprehensiveincomeforeigncurrencytransactionandtranslationadjustmentbeforetaxportionattributabletoparent": 912000,
        "othercomprehensiveincomeunrealizedholdinggainlossonsecuritiesarisingduringperiodbeforetax": 600000,
        "othercomprehensiveincomelosstaxportionattributabletoparent1": 209000,
        "othercomprehensiveincomelossnetoftaxportionattributabletoparent": 1303000,
        "comprehensiveincomenetoftax": 12332000,
        "salesrevenuegoodsnet": 69687000,
        "salesrevenueservicesnet": 83883000,
        "ratableandotherrevenuenet": 1129000,
        "salesrevenuenet": 65448000,
        "costofgoodssold": 27126000,
        "costofservices": 16374000,
        "costofratableandotherrevenue": 430000,
        "costofgoodsandservicessold": 43930000,
        "productgrossprofit": 42561000,
        "servicesgrossprofit": 67509000,
        "ratableandotherrevenuegrossprofit": 699000,
        "grossprofit": 110769000,
        "researchanddevelopmentexpense": 26421000,
        "sellingandmarketingexpense": 56687000,
        "generalandadministrativeexpense": 9382000,
        "operatingexpenses": 92490000,
        "operatingincomeloss": 18279000,
        "investmentincomeinterest": 1282000,
        "othernonoperatingincomeexpense": -1151000,
        "incomelossfromcontinuingoperationsbeforeincometaxesminorityinterestandincomelossfromequitymethodinvestments": 18410000,
        "incometaxexpensebenefit": 7381000,
        "earningspersharebasic": 0.07,
        "earningspersharediluted": 0.07,
        "weightedaveragenumberofsharesoutstandingbasic": 162906000,
        "weightedaveragenumberofdilutedsharesoutstanding": 168666000
    },
    {
        "date": "2013-06-29",
        "symbol": "FTNT",
        "period": "Q2",
        "netincomeloss": 8979000,
        "othercomprehensiveincomeforeigncurrencytransactionandtranslationadjustmentbeforetaxportionattributabletoparent": -861000,
        "othercomprehensiveincomeunrealizedholdinggainlossonsecuritiesarisingduringperiodbeforetax": -1468000,
        "othercomprehensiveincomelosstaxportionattributabletoparent1": -513000,
        "othercomprehensiveincomelossnetoftaxportionattributabletoparent": -1816000,
        "comprehensiveincomenetoftax": 7163000,
        "salesrevenuegoodsnet": 66525000,
        "salesrevenueservicesnet": 79668000,
        "ratableandotherrevenuenet": 1235000,
        "salesrevenuenet": 60026000,
        "costofgoodssold": 26948000,
        "costofservices": 16259000,
        "costofratableandotherrevenue": 501000,
        "costofgoodsandservicessold": 43708000,
        "productgrossprofit": 39577000,
        "servicesgrossprofit": 63409000,
        "ratableandotherrevenuegrossprofit": 734000,
        "grossprofit": 103720000,
        "researchanddevelopmentexpense": 25158000,
        "sellingandmarketingexpense": 55997000,
        "generalandadministrativeexpense": 8788000,
        "operatingexpenses": 89943000,
        "operatingincomeloss": 13777000,
        "investmentincomeinterest": 1337000,
        "othernonoperatingincomeexpense": -100000,
        "incomelossfromcontinuingoperationsbeforeincometaxesminorityinterestandincomelossfromequitymethodinvestments": 15014000,
        "incometaxexpensebenefit": 6035000,
        "earningspersharebasic": 0.06,
        "earningspersharediluted": 0.05,
        "weightedaveragenumberofsharesoutstandingbasic": 162247000,
        "weightedaveragenumberofdilutedsharesoutstanding": 168042000
    },
    {
        "date": "2013-03-30",
        "symbol": "FTNT",
        "period": "Q1",
        "netincomeloss": 12249000,
        "othercomprehensiveincomeforeigncurrencytransactionandtranslationadjustmentbeforetaxportionattributabletoparent": -952000,
        "othercomprehensiveincomeunrealizedholdinggainlossonsecuritiesarisingduringperiodbeforetax": 42000,
        "othercomprehensiveincomelosstaxportionattributabletoparent1": 15000,
        "othercomprehensiveincomelossnetoftaxportionattributabletoparent": -925000,
        "comprehensiveincomenetoftax": 11324000,
        "salesrevenuegoodsnet": 57950000,
        "salesrevenueservicesnet": 75896000,
        "ratableandotherrevenuenet": 1974000,
        "salesrevenuenet": 47326000,
        "investmentincomenet": 1369000,
        "costofgoodssold": 22958000,
        "costofservices": 15574000,
        "costofratableandotherrevenue": 596000,
        "costofgoodsandservicessold": 39128000,
        "productgrossprofit": 34992000,
        "servicesgrossprofit": 60322000,
        "ratableandotherrevenuegrossprofit": 1378000,
        "grossprofit": 96692000,
        "researchanddevelopmentexpense": 23334000,
        "sellingandmarketingexpense": 49976000,
        "generalandadministrativeexpense": 7991000,
        "operatingexpenses": 81301000,
        "operatingincomeloss": 15391000,
        "othernonoperatingincomeexpense": 215000,
        "incomelossfromcontinuingoperationsbeforeincometaxesminorityinterestandincomelossfromequitymethodinvestments": 16975000,
        "incometaxexpensebenefit": 4726000,
        "earningspersharebasic": 0.08,
        "earningspersharediluted": 0.07,
        "weightedaveragenumberofsharesoutstandingbasic": 161282000,
        "weightedaveragenumberofdilutedsharesoutstanding": 167823000
    },
    {
        "date": "2012-12-30",
        "symbol": "FTNT",
        "period": "Q4",
        "netincomeloss": 21507000,
        "othercomprehensiveincomeforeigncurrencytransactionandtranslationadjustmentbeforetaxportionattributabletoparent": -343000,
        "othercomprehensiveincomeunrealizedholdinggainlossonsecuritiesarisingduringperiodbeforetax": -110000,
        "othercomprehensiveincomelossnetoftaxportionattributabletoparent": -486000,
        "comprehensiveincomenetoftax": 21021000,
        "salesrevenuegoodsnet": 71025000,
        "salesrevenueservicesnet": 76711000,
        "ratableandotherrevenuenet": 3426000,
        "salesrevenuenet": 11766000,
        "costofgoodssold": 26974000,
        "costofservices": 13836000,
        "costofratableandotherrevenue": 632000,
        "costofgoodsandservicessold": 41442000,
        "productgrossprofit": 44051000,
        "servicesgrossprofit": 62875000,
        "ratableandotherrevenuegrossprofit": 2794000,
        "grossprofit": 109720000,
        "researchanddevelopmentexpense": 20525000,
        "sellingandmarketingexpense": 48117000,
        "generalandadministrativeexpense": 6038000,
        "operatingexpenses": 74680000,
        "operatingincomeloss": 35040000,
        "investmentincomenet": 1400000,
        "incomelossfromcontinuingoperationsbeforeincometaxesminorityinterestandincomelossfromequitymethodinvestments": 36270000,
        "incometaxexpensebenefit": 14763000,
        "earningspersharebasic": 0.13,
        "earningspersharediluted": 0.13000000000000003,
        "weightedaveragenumberofsharesoutstandingbasic": -314161000,
        "weightedaveragenumberofdilutedsharesoutstanding": -332274000
    },
    {
        "date": "2012-09-29",
        "symbol": "FTNT",
        "period": "Q3",
        "netincomeloss": 17206000,
        "othercomprehensiveincomeforeigncurrencytransactionandtranslationadjustmentbeforetaxportionattributabletoparent": 1092000,
        "othercomprehensiveincomeunrealizedholdinggainlossonsecuritiesarisingduringperiodbeforetax": 1968000,
        "othercomprehensiveincomederivativesqualifyingashedgesbeforetaxportionattributabletoparent": -19000,
        "othercomprehensiveincomelosstaxportionattributabletoparent": -618000,
        "othercomprehensiveincomelossnetoftaxportionattributabletoparent": 2423000,
        "comprehensiveincomenetoftax": 19629000,
        "salesrevenuegoodsnet": 63027000,
        "salesrevenueservicesnet": 69782000,
        "ratableandotherrevenuenet": 3459000,
        "salesrevenuenet": 45566000,
        "costofgoodssold": 23995000,
        "costofservices": 13166000,
        "costofratableandotherrevenue": 647000,
        "costofgoodsandservicessold": 37808000,
        "productgrossprofit": 39032000,
        "servicesgrossprofit": 56616000,
        "ratableandotherrevenuegrossprofit": 2812000,
        "grossprofit": 98460000,
        "researchanddevelopmentexpense": 20498000,
        "sellingandmarketingexpense": 44743000,
        "generalandadministrativeexpense": 7449000,
        "operatingexpenses": 72690000,
        "operatingincomeloss": 25770000,
        "investmentincomenet": 1318000,
        "nonoperatingincomeexpense": -317000,
        "incomelossfromcontinuingoperationsbeforeincometaxesminorityinterestandincomelossfromequitymethodinvestments": 26771000,
        "incometaxexpensebenefit": 9565000,
        "earningspersharebasic": 0.11,
        "earningspersharediluted": 0.1,
        "weightedaveragenumberofsharesoutstandingbasic": 158751000,
        "weightedaveragenumberofdilutedsharesoutstanding": 166791000
    },
    {
        "date": "2012-06-29",
        "symbol": "FTNT",
        "period": "Q2",
        "netincomeloss": 13950000,
        "othercomprehensiveincomeforeigncurrencytransactionandtranslationadjustmentbeforetaxportionattributabletoparent": -783000,
        "othercomprehensiveincomeunrealizedholdinggainlossonsecuritiesarisingduringperiodbeforetax": -326000,
        "othercomprehensiveincomederivativesqualifyingashedgesbeforetaxportionattributabletoparent": 19000,
        "othercomprehensiveincomelosstaxportionattributabletoparent": 114000,
        "othercomprehensiveincomelossnetoftaxportionattributabletoparent": -976000,
        "comprehensiveincomenetoftax": 12974000,
        "salesrevenuegoodsnet": 61692000,
        "salesrevenueservicesnet": 65412000,
        "ratableandotherrevenuenet": 1858000,
        "salesrevenuenet": 34190000,
        "costofgoodssold": 23935000,
        "costofservices": 12467000,
        "costofratableandotherrevenue": 725000,
        "costofgoodsandservicessold": 37127000,
        "productgrossprofit": 37757000,
        "servicesgrossprofit": 52945000,
        "ratableandotherrevenuegrossprofit": 1133000,
        "grossprofit": 91835000,
        "researchanddevelopmentexpense": 20388000,
        "sellingandmarketingexpense": 44259000,
        "generalandadministrativeexpense": 6238000,
        "operatingexpenses": 70885000,
        "operatingincomeloss": 20950000,
        "investmentincomenet": 1203000,
        "nonoperatingincomeexpense": 73000,
        "incomelossfromcontinuingoperationsbeforeincometaxesminorityinterestandincomelossfromequitymethodinvestments": 22226000,
        "incometaxexpensebenefit": 8276000,
        "earningspersharebasic": 0.09,
        "earningspersharediluted": 0.08,
        "weightedaveragenumberofsharesoutstandingbasic": 157474000,
        "weightedaveragenumberofdilutedsharesoutstanding": 166061000
    },
    {
        "date": "2012-03-30",
        "symbol": "FTNT",
        "period": "Q1",
        "netincomeloss": 14173000,
        "othercomprehensiveincomeforeigncurrencytransactionandtranslationadjustmentbeforetaxportionattributabletoparent": 558000,
        "othercomprehensiveincomeunrealizedholdinggainlossonsecuritiesarisingduringperiodbeforetax": 1799000,
        "othercomprehensiveincomelosstaxportionattributabletoparent": -629000,
        "othercomprehensiveincomelossnetoftaxportionattributabletoparent": 1728000,
        "comprehensiveincomenetoftax": 15901000,
        "salesrevenuegoodsnet": 53204000,
        "salesrevenueservicesnet": 62138000,
        "ratableandotherrevenuenet": 1905000,
        "salesrevenuenet": 40886000,
        "costofgoodssold": 19067000,
        "costofservices": 11213000,
        "costofratableandotherrevenue": 763000,
        "costofgoodsandservicessold": 31043000,
        "productgrossprofit": 34137000,
        "servicesgrossprofit": 50925000,
        "ratableandotherrevenuegrossprofit": 1142000,
        "grossprofit": 86204000,
        "researchanddevelopmentexpense": 19667000,
        "sellingandmarketingexpense": 42036000,
        "generalandadministrativeexpense": 5786000,
        "operatingexpenses": 67489000,
        "operatingincomeloss": 18715000,
        "investmentincomenet": 1085000,
        "nonoperatingincomeexpense": -71000,
        "incomelossfromcontinuingoperationsbeforeincometaxesminorityinterestandincomelossfromequitymethodinvestments": 19729000,
        "incometaxexpensebenefit": 5556000,
        "earningspersharebasic": 0.09,
        "earningspersharediluted": 0.09,
        "weightedaveragenumberofsharesoutstandingbasic": 156010000,
        "weightedaveragenumberofdilutedsharesoutstanding": 165751000
    },
    {
        "date": "2011-09-29",
        "symbol": "FTNT",
        "period": "Q3",
        "salesrevenuegoodsnet": 53093000,
        "salesrevenueservicesnet": 57835000,
        "ratableproductandservicesrevenuenet": 5498000,
        "salesrevenuenet": 116426000,
        "costofgoodssold": 20606000,
        "costofservices": 9438000,
        "costofratableproductandservices": 1095000,
        "costofgoodsandservicessold": 31139000,
        "productgrossprofit": 32487000,
        "servicesgrossprofit": 48397000,
        "ratableproductandservicesgrossprofit": 4403000,
        "grossprofit": 85287000,
        "researchanddevelopmentexpense": 16834000,
        "sellingandmarketingexpense": 36934000,
        "generalandadministrativeexpense": 5359000,
        "operatingexpenses": 59127000,
        "operatingincomeloss": 26160000,
        "investmentincomenet": 904000,
        "nonoperatingincomeexpense": 60000,
        "incomelossfromcontinuingoperationsbeforeincometaxesminorityinterestandincomelossfromequitymethodinvestments": 27124000,
        "incometaxexpensebenefit": 9207000,
        "netincomeloss": 17917000,
        "earningspersharebasic": 0.12,
        "earningspersharediluted": 0.11,
        "weightedaveragenumberofsharesoutstandingbasic": 153265000,
        "weightedaveragenumberofdilutedsharesoutstanding": 163869000
    },
    {
        "date": "2011-06-29",
        "symbol": "FTNT",
        "period": "Q2",
        "salesrevenuegoodsnet": 46687000,
        "salesrevenueservicesnet": 52671000,
        "ratableproductandservicesrevenuenet": 3665000,
        "salesrevenuenet": 103023000,
        "costofgoodssold": 16591000,
        "costofservices": 8596000,
        "costofratableproductandservices": 1371000,
        "costofgoodsandservicessold": 26558000,
        "productgrossprofit": 30096000,
        "servicesgrossprofit": 44075000,
        "ratableproductandservicesgrossprofit": 2294000,
        "grossprofit": 76465000,
        "researchanddevelopmentexpense": 15942000,
        "sellingandmarketingexpense": 35896000,
        "generalandadministrativeexpense": 5848000,
        "operatingexpenses": 57686000,
        "operatingincomeloss": 18779000,
        "investmentincomenet": 863000,
        "nonoperatingincomeexpense": -207000,
        "incomelossfromcontinuingoperationsbeforeincometaxesminorityinterestandincomelossfromequitymethodinvestments": 19435000,
        "incometaxexpensebenefit": 4941000,
        "netincomeloss": 14494000,
        "earningspersharebasic": 0.1,
        "earningspersharediluted": 0.09,
        "weightedaveragenumberofsharesoutstandingbasic": 152267000,
        "weightedaveragenumberofdilutedsharesoutstanding": 163887000
    }
]