[
    {
        "date": "2024-09-29",
        "symbol": "GE",
        "period": "Q3",
        "revenuefromcontractwithcustomerexcludingassessedtax": 10088000000,
        "insuranceservicesrevenue": 899000000,
        "revenues": 9028000000,
        "costofgoodsandservicessold": 1829000000,
        "sellinggeneralandadministrativeexpense": 87000000,
        "restructuringandrelatedcostincurredcost": -331000000,
        "researchanddevelopmentexpense": 94000000,
        "interestandotherfinancialcharges": 247000000,
        "investmentcontractsinsurancelossesinsuranceannuitybenefitsandother": 714000000,
        "benefitcostincomenonoperating": -62000000,
        "costsandexpenses": 1650000000,
        "nonoperatingincomeexpense": 919000000,
        "incomelossfromcontinuingoperationsbeforeincometaxesextraordinaryitemsnoncontrollinginterest": 2014000000,
        "incometaxexpensebenefit": 62000000,
        "incomelossfromcontinuingoperationsincludingportionattributabletononcontrollinginterest": 1889000000,
        "incomelossfromdiscontinuedoperationsnetoftax": -45000000,
        "profitloss": -2404000000,
        "netincomelossattributabletononcontrollinginterest": -11000000,
        "netincomeloss": 1854000000,
        "netincomelossavailabletocommonstockholdersbasic": 1854000000,
        "incomelossfromcontinuingoperationsattributabletononcontrollingentity": -34000000,
        "incomelossfromcontinuingoperations": 1924000000,
        "incomelossfromcontinuingoperationsnetoftaxavailabletocommonstockholders": 1924000000,
        "incomelossfromdiscontinuedoperationsnetoftaxattributabletoreportingentity": -68000000,
        "incomelossfromcontinuingoperationsperdilutedshare": 1.7599999999999998,
        "incomelossfromcontinuingoperationsperbasicshare": 1.78,
        "earningspersharediluted": 1.7000000000000004,
        "earningspersharebasic": 1.7100000000000002,
        "othercomprehensiveincomelossforeigncurrencytransactionandtranslationadjustmentnetoftax": 73000000,
        "othercomprehensiveincomelosspensionandotherpostretirementbenefitplansadjustmentnetoftax": 140000000,
        "othercomprehensiveincomelosscashflowhedgegainlossafterreclassificationandtax": 1232000000,
        "ociliabilityforfuturepolicybenefitgainlossafterreclassificationadjustmentandtax": -1504000000,
        "othercomprehensiveincomelossnetoftaxportionattributabletononcontrollinginterest": 0,
        "othercomprehensiveincomelossnetoftaxportionattributabletoparent": -339000000,
        "comprehensiveincomenetoftaxincludingportionattributabletononcontrollinginterest": 1505000000,
        "comprehensiveincomenetoftaxattributabletononcontrollinginterest": -10000000,
        "comprehensiveincomenetoftax": 1515000000
    },
    {
        "date": "2024-06-29",
        "symbol": "GE",
        "period": "Q2",
        "revenuefromcontractwithcustomerexcludingassessedtax": 2175000000,
        "insuranceservicesrevenue": 871000000,
        "revenues": 9094000000,
        "costofgoodsandservicessold": 2302000000,
        "sellinggeneralandadministrativeexpense": 924000000,
        "restructuringandrelatedcostincurredcost": 75000000,
        "researchanddevelopmentexpense": 300000000,
        "interestandotherfinancialcharges": 248000000,
        "investmentcontractsinsurancelossesinsuranceannuitybenefitsandother": 667000000,
        "benefitcostincomenonoperating": -204000000,
        "costsandexpenses": 7584000000,
        "nonoperatingincomeexpense": -63000000,
        "incomelossfromcontinuingoperationsbeforeincometaxesextraordinaryitemsnoncontrollinginterest": 1447000000,
        "incometaxexpensebenefit": 125000000,
        "incomelossfromcontinuingoperationsincludingportionattributabletononcontrollinginterest": 1322000000,
        "incomelossfromdiscontinuedoperationsnetoftax": -54000000,
        "profitloss": 1268000000,
        "netincomelossattributabletononcontrollinginterest": 2000000,
        "netincomeloss": 1266000000,
        "netincomelossavailabletocommonstockholdersbasic": 1266000000,
        "incomelossfromcontinuingoperationsattributabletononcontrollingentity": 2000000,
        "incomelossfromcontinuingoperations": 1320000000,
        "incomelossfromcontinuingoperationsnetoftaxavailabletocommonstockholders": 1320000000,
        "incomelossfromdiscontinuedoperationsnetoftaxattributabletoreportingentity": -54000000,
        "incomelossfromcontinuingoperationsperdilutedshare": 1.2,
        "incomelossfromcontinuingoperationsperbasicshare": 1.21,
        "earningspersharediluted": 1.15,
        "earningspersharebasic": 1.16,
        "othercomprehensiveincomelossforeigncurrencytransactionandtranslationadjustmentnetoftax": 2123000000,
        "othercomprehensiveincomelosspensionandotherpostretirementbenefitplansadjustmentnetoftax": 789000000,
        "othercomprehensiveincomelosscashflowhedgegainlossafterreclassificationandtax": -304000000,
        "ociliabilityforfuturepolicybenefitgainlossafterreclassificationadjustmentandtax": 518000000,
        "othercomprehensiveincomelossnetoftaxportionattributabletononcontrollinginterest": -19000000,
        "othercomprehensiveincomelossnetoftaxportionattributabletoparent": 1568000000,
        "comprehensiveincomenetoftaxincludingportionattributabletononcontrollinginterest": 2817000000,
        "comprehensiveincomenetoftaxattributabletononcontrollinginterest": -17000000,
        "comprehensiveincomenetoftax": 2834000000
    },
    {
        "date": "2024-03-30",
        "symbol": "GE",
        "period": "Q1",
        "revenuefromcontractwithcustomerexcludingassessedtax": 5935000000,
        "insuranceservicesrevenue": 879000000,
        "revenues": 8064000000,
        "costofgoodsandservicessold": 6024000000,
        "sellinggeneralandadministrativeexpense": 2269000000,
        "restructuringandrelatedcostincurredcost": 355000000,
        "researchanddevelopmentexpense": 507000000,
        "interestandotherfinancialcharges": 267000000,
        "investmentcontractsinsurancelossesinsuranceannuitybenefitsandother": 627000000,
        "benefitcostincomenonoperating": -362000000,
        "costsandexpenses": 15295000000,
        "nonoperatingincomeexpense": 1109000000,
        "incomelossfromcontinuingoperationsbeforeincometaxesextraordinaryitemsnoncontrollinginterest": 1866000000,
        "incometaxexpensebenefit": 380000000,
        "incomelossfromcontinuingoperationsincludingportionattributabletononcontrollinginterest": 1549000000,
        "incomelossfromdiscontinuedoperationsnetoftax": 14000000,
        "profitloss": 1563000000,
        "netincomelossattributabletononcontrollinginterest": 27000000,
        "netincomeloss": 1537000000,
        "netincomelossavailabletocommonstockholdersbasic": 1537000000,
        "incomelossfromcontinuingoperationsattributabletononcontrollingentity": 27000000,
        "incomelossfromcontinuingoperations": 1522000000,
        "incomelossfromcontinuingoperationsnetoftaxavailabletocommonstockholders": 1522000000,
        "incomelossfromdiscontinuedoperationsnetoftaxattributabletoreportingentity": 14000000,
        "incomelossfromcontinuingoperationsperdilutedshare": 1.38,
        "incomelossfromcontinuingoperationsperbasicshare": 1.39,
        "earningspersharediluted": 1.39,
        "earningspersharebasic": 1.41,
        "othercomprehensiveincomelossforeigncurrencytransactionandtranslationadjustmentnetoftax": -35000000,
        "othercomprehensiveincomelosspensionandotherpostretirementbenefitplansadjustmentnetoftax": 198000000,
        "othercomprehensiveincomelosscashflowhedgegainlossafterreclassificationandtax": -453000000,
        "ociliabilityforfuturepolicybenefitgainlossafterreclassificationadjustmentandtax": 1236000000,
        "othercomprehensiveincomelossnetoftaxportionattributabletononcontrollinginterest": 2000000,
        "othercomprehensiveincomelossnetoftaxportionattributabletoparent": 547000000,
        "comprehensiveincomenetoftaxincludingportionattributabletononcontrollinginterest": 2112000000,
        "comprehensiveincomenetoftaxattributabletononcontrollinginterest": 28000000,
        "comprehensiveincomenetoftax": 2084000000
    },
    {
        "date": "2023-12-30",
        "symbol": "GE",
        "period": "Q4",
        "revenuefromcontractwithcustomerexcludingassessedtax": 7879000000,
        "insuranceservicesrevenue": 909000000,
        "revenues": 44704000000,
        "costofgoodsandservicessold": 8073000000,
        "sellinggeneralandadministrativeexpense": 2524000000,
        "restructuringandrelatedcostincurredcost": 320000000,
        "researchanddevelopmentexpense": 550000000,
        "interestandotherfinancialcharges": 332000000,
        "investmentcontractsinsurancelossesinsuranceannuitybenefitsandother": 757000000,
        "benefitcostincomenonoperating": -402000000,
        "costsandexpenses": 18442000000,
        "nonoperatingincomeexpense": 1029000000,
        "incomelossfromcontinuingoperationsbeforeincometaxesextraordinaryitemsnoncontrollinginterest": 2009000000,
        "incometaxexpensebenefit": 267000000,
        "incomelossfromcontinuingoperationsincludingportionattributabletononcontrollinginterest": 1589000000,
        "incomelossfromdiscontinuedoperationsnetoftax": 3000000,
        "profitloss": 1591000000,
        "netincomelossattributabletononcontrollinginterest": 0,
        "netincomeloss": 1592000000,
        "preferredstockdividendsandotheradjustments": 1000000,
        "netincomelossavailabletocommonstockholdersbasic": 1591000000,
        "incomelossfromcontinuingoperationsattributabletononcontrollingentity": -1000000,
        "incomelossfromcontinuingoperations": 1590000000,
        "incomelossfromcontinuingoperationsnetoftaxavailabletocommonstockholders": 1589000000,
        "incomelossfromdiscontinuedoperationsnetoftaxattributabletoreportingentity": 3000000,
        "incomelossfromcontinuingoperationsperdilutedshare": 1.4300000000000006,
        "incomelossfromcontinuingoperationsperbasicshare": 1.4700000000000006,
        "earningspersharediluted": 1.4399999999999986,
        "earningspersharebasic": 1.459999999999999,
        "othercomprehensiveincomelossforeigncurrencytransactionandtranslationadjustmentnetoftax": 188000000,
        "othercomprehensiveincomelosspensionandotherpostretirementbenefitplansadjustmentnetoftax": 2067000000,
        "othercomprehensiveincomelosscashflowhedgegainlossafterreclassificationandtax": 2115000000,
        "ociliabilityforfuturepolicybenefitgainlossafterreclassificationadjustmentandtax": -3032000000,
        "othercomprehensiveincomelossnetoftaxportionattributabletononcontrollinginterest": 6000000,
        "othercomprehensiveincomelossnetoftaxportionattributabletoparent": -2800000000,
        "comprehensiveincomenetoftaxincludingportionattributabletononcontrollinginterest": -1203000000,
        "comprehensiveincomenetoftaxattributabletononcontrollinginterest": 4000000,
        "comprehensiveincomenetoftax": -1209000000
    },
    {
        "date": "2023-09-29",
        "symbol": "GE",
        "period": "Q3",
        "revenuefromcontractwithcustomerexcludingassessedtax": 6939000000,
        "insuranceservicesrevenue": 842000000,
        "revenues": 8409000000,
        "costofgoodsandservicessold": 7065000000,
        "sellinggeneralandadministrativeexpense": 2171000000,
        "restructuringandrelatedcostincurredcost": 227000000,
        "researchanddevelopmentexpense": 471000000,
        "interestandotherfinancialcharges": 275000000,
        "investmentcontractsinsurancelossesinsuranceannuitybenefitsandother": 710000000,
        "benefitcostincomenonoperating": -396000000,
        "costsandexpenses": 16373000000,
        "nonoperatingincomeexpense": -673000000,
        "incomelossfromcontinuingoperationsbeforeincometaxesextraordinaryitemsnoncontrollinginterest": 300000000,
        "incometaxexpensebenefit": 180000000,
        "incomelossfromcontinuingoperationsincludingportionattributabletononcontrollinginterest": 161000000,
        "incomelossfromdiscontinuedoperationsnetoftax": 173000000,
        "profitloss": 335000000,
        "netincomelossattributabletononcontrollinginterest": -14000000,
        "netincomeloss": 348000000,
        "preferredstockdividendsandotheradjustments": 91000000,
        "netincomelossavailabletocommonstockholdersbasic": 258000000,
        "incomelossfromcontinuingoperationsattributabletononcontrollingentity": -14000000,
        "incomelossfromcontinuingoperations": 175000000,
        "incomelossfromcontinuingoperationsnetoftaxavailabletocommonstockholders": 84000000,
        "incomelossfromdiscontinuedoperationsnetoftaxattributabletoreportingentity": 173000000,
        "incomelossfromcontinuingoperationsperdilutedshare": 0.08,
        "incomelossfromcontinuingoperationsperbasicshare": 0.08,
        "earningspersharediluted": 0.23,
        "earningspersharebasic": 0.24,
        "othercomprehensiveincomelossforeigncurrencytransactionandtranslationadjustmentnetoftax": -396000000,
        "othercomprehensiveincomelosspensionandotherpostretirementbenefitplansadjustmentnetoftax": 188000000,
        "othercomprehensiveincomelosscashflowhedgegainlossafterreclassificationandtax": -1379000000,
        "ociliabilityforfuturepolicybenefitgainlossafterreclassificationadjustmentandtax": 2187000000,
        "othercomprehensiveincomelossnetoftaxportionattributabletononcontrollinginterest": 1000000,
        "othercomprehensiveincomelossnetoftaxportionattributabletoparent": 223000000,
        "comprehensiveincomenetoftaxincludingportionattributabletononcontrollinginterest": 559000000,
        "comprehensiveincomenetoftaxattributabletononcontrollinginterest": -12000000,
        "comprehensiveincomenetoftax": 571000000
    },
    {
        "date": "2023-06-29",
        "symbol": "GE",
        "period": "Q2",
        "revenuefromcontractwithcustomerexcludingassessedtax": 6688000000,
        "insuranceservicesrevenue": 847000000,
        "revenues": 7860000000,
        "costofgoodsandservicessold": 6940000000,
        "sellinggeneralandadministrativeexpense": 2358000000,
        "restructuringandrelatedcostincurredcost": 226000000,
        "researchanddevelopmentexpense": 455000000,
        "interestandotherfinancialcharges": 254000000,
        "investmentcontractsinsurancelossesinsuranceannuitybenefitsandother": 735000000,
        "benefitcostincomenonoperating": -402000000,
        "costsandexpenses": 16001000000,
        "nonoperatingincomeexpense": 692000000,
        "incomelossfromcontinuingoperationsbeforeincometaxesextraordinaryitemsnoncontrollinginterest": 1390000000,
        "incometaxexpensebenefit": 393000000,
        "incomelossfromcontinuingoperationsincludingportionattributabletononcontrollinginterest": 1058000000,
        "incomelossfromdiscontinuedoperationsnetoftax": -1019000000,
        "profitloss": 39000000,
        "netincomelossattributabletononcontrollinginterest": 4000000,
        "netincomeloss": 35000000,
        "preferredstockdividendsandotheradjustments": 58000000,
        "netincomelossavailabletocommonstockholdersbasic": -23000000,
        "incomelossfromcontinuingoperationsattributabletononcontrollingentity": 4000000,
        "incomelossfromcontinuingoperations": 1054000000,
        "incomelossfromcontinuingoperationsnetoftaxavailabletocommonstockholders": 996000000,
        "incomelossfromdiscontinuedoperationsnetoftaxattributabletoreportingentity": -1019000000,
        "incomelossfromcontinuingoperationsperdilutedshare": 0.91,
        "incomelossfromcontinuingoperationsperbasicshare": 0.91,
        "earningspersharediluted": -0.02,
        "earningspersharebasic": -0.02,
        "othercomprehensiveincomelossforeigncurrencytransactionandtranslationadjustmentnetoftax": 95000000,
        "othercomprehensiveincomelosspensionandotherpostretirementbenefitplansadjustmentnetoftax": 173000000,
        "othercomprehensiveincomelosscashflowhedgegainlossafterreclassificationandtax": -474000000,
        "ociliabilityforfuturepolicybenefitgainlossafterreclassificationadjustmentandtax": 267000000,
        "othercomprehensiveincomelossnetoftaxportionattributabletononcontrollinginterest": -2000000,
        "othercomprehensiveincomelossnetoftaxportionattributabletoparent": -284000000,
        "comprehensiveincomenetoftaxincludingportionattributabletononcontrollinginterest": -247000000,
        "comprehensiveincomenetoftaxattributabletononcontrollinginterest": 3000000,
        "comprehensiveincomenetoftax": -249000000
    },
    {
        "date": "2023-03-30",
        "symbol": "GE",
        "period": "Q1",
        "revenuefromcontractwithcustomerexcludingassessedtax": 5287000000,
        "insuranceservicesrevenue": 791000000,
        "revenues": 6981000000,
        "costofgoodsandservicessold": 5605000000,
        "sellinggeneralandadministrativeexpense": 2142000000,
        "restructuringandrelatedcostincurredcost": 205000000,
        "researchanddevelopmentexpense": 431000000,
        "interestandotherfinancialcharges": 257000000,
        "investmentcontractsinsurancelossesinsuranceannuitybenefitsandother": 684000000,
        "benefitcostincomenonoperating": -385000000,
        "costsandexpenses": 14075000000,
        "nonoperatingincomeexpense": 6081000000,
        "incomelossfromcontinuingoperationsbeforeincometaxesextraordinaryitemsnoncontrollinginterest": 6492000000,
        "incometaxexpensebenefit": 322000000,
        "incomelossfromcontinuingoperationsincludingportionattributabletononcontrollinginterest": 6221000000,
        "incomelossfromdiscontinuedoperationsnetoftax": 1257000000,
        "profitloss": 7478000000,
        "netincomelossattributabletononcontrollinginterest": -27000000,
        "netincomeloss": 7506000000,
        "preferredstockdividendsandotheradjustments": 145000000,
        "netincomelossavailabletocommonstockholdersbasic": 7360000000,
        "incomelossfromcontinuingoperationsattributabletononcontrollingentity": -27000000,
        "incomelossfromcontinuingoperations": 6248000000,
        "incomelossfromcontinuingoperationsnetoftaxavailabletocommonstockholders": 6103000000,
        "incomelossfromdiscontinuedoperationsnetoftaxattributabletoreportingentity": 1257000000,
        "incomelossfromcontinuingoperationsperdilutedshare": 5.56,
        "incomelossfromcontinuingoperationsperbasicshare": 5.6,
        "earningspersharediluted": 6.71,
        "earningspersharebasic": 6.76,
        "othercomprehensiveincomelossforeigncurrencytransactionandtranslationadjustmentnetoftax": 2387000000,
        "othercomprehensiveincomelosspensionandotherpostretirementbenefitplansadjustmentnetoftax": 2319000000,
        "othercomprehensiveincomelosscashflowhedgegainlossafterreclassificationandtax": 706000000,
        "ociliabilityforfuturepolicybenefitgainlossafterreclassificationadjustmentandtax": -1793000000,
        "othercomprehensiveincomelossnetoftaxportionattributabletononcontrollinginterest": -3000000,
        "othercomprehensiveincomelossnetoftaxportionattributabletoparent": -1017000000,
        "comprehensiveincomenetoftaxincludingportionattributabletononcontrollinginterest": 6458000000,
        "comprehensiveincomenetoftaxattributabletononcontrollinginterest": -30000000,
        "comprehensiveincomenetoftax": 6489000000
    },
    {
        "date": "2022-09-29",
        "symbol": "GE",
        "period": "Q3",
        "revenuefromcontractwithcustomerexcludingassessedtax": 8082000000,
        "insuranceservicesrevenue": 646000000,
        "revenues": 6705000000,
        "costofgoodsandservicessold": 8118000000,
        "sellinggeneralandadministrativeexpense": 2868000000,
        "restructuringcharges": 227000000,
        "researchanddevelopmentexpense": 686000000,
        "interestandotherfinancialcharges": 377000000,
        "investmentcontractsinsurancelossesinsuranceannuitybenefitsandother": 917000000,
        "benefitcostincomenonoperating": -125000000,
        "costsandexpenses": 19334000000,
        "nonoperatingincomeexpense": 195000000,
        "incomelossfromcontinuingoperationsbeforeincometaxesextraordinaryitemsnoncontrollinginterest": -55000000,
        "incometaxexpensebenefit": 72000000,
        "incomelossfromcontinuingoperationsincludingportionattributabletononcontrollinginterest": -76000000,
        "incomelossfromdiscontinuedoperationsnetoftax": -85000000,
        "profitloss": -160000000,
        "netincomelossattributabletononcontrollinginterest": 4000000,
        "netincomeloss": -165000000,
        "preferredstockdividendsincomestatementimpact": 73000000,
        "netincomelossavailabletocommonstockholdersbasic": -238000000,
        "incomelossfromcontinuingoperationsattributabletononcontrollingentity": 4000000,
        "incomelossfromcontinuingoperations": -80000000,
        "incomelossfromcontinuingoperationsnetoftaxavailabletocommonstockholders": -153000000,
        "incomelossfromdiscontinuedoperationsnetoftaxattributabletoreportingentity": -85000000,
        "incomelossfromcontinuingoperationsperdilutedshare": -0.14,
        "incomelossfromcontinuingoperationsperbasicshare": -0.14,
        "earningspersharediluted": -0.21,
        "earningspersharebasic": -0.21,
        "othercomprehensiveincomelossforeigncurrencytransactionandtranslationadjustmentnetoftax": -912000000,
        "othercomprehensiveincomelosspensionandotherpostretirementbenefitplansadjustmentnetoftax": -259000000,
        "othercomprehensiveincomelosscashflowhedgegainlossafterreclassificationandtax": -1904000000,
        "othercomprehensiveincomelossnetoftaxportionattributabletononcontrollinginterest": -4000000,
        "othercomprehensiveincomelossnetoftaxportionattributabletoparent": -2553000000,
        "comprehensiveincomenetoftaxincludingportionattributabletononcontrollinginterest": -2717000000,
        "comprehensiveincomenetoftax": -2718000000
    },
    {
        "date": "2022-06-29",
        "symbol": "GE",
        "period": "Q2",
        "revenuefromcontractwithcustomerexcludingassessedtax": 7603000000,
        "insuranceservicesrevenue": 765000000,
        "revenues": 6127000000,
        "costofgoodsandservicessold": 7150000000,
        "sellinggeneralandadministrativeexpense": 2720000000,
        "restructuringcharges": 207000000,
        "researchanddevelopmentexpense": 696000000,
        "interestandotherfinancialcharges": 379000000,
        "investmentcontractsinsurancelossesinsuranceannuitybenefitsandother": 553000000,
        "benefitcostincomenonoperating": -134000000,
        "costsandexpenses": 17680000000,
        "nonoperatingincomeexpense": -1210000000,
        "incomelossfromcontinuingoperationsbeforeincometaxesextraordinaryitemsnoncontrollinginterest": -244000000,
        "incometaxexpensebenefit": 378000000,
        "incomelossfromcontinuingoperationsincludingportionattributabletononcontrollinginterest": -561000000,
        "incomelossfromdiscontinuedoperationsnetoftax": -210000000,
        "profitloss": -771000000,
        "netincomelossattributabletononcontrollinginterest": 19000000,
        "netincomeloss": -790000000,
        "preferredstockdividendsincomestatementimpact": 67000000,
        "netincomelossavailabletocommonstockholdersbasic": -857000000,
        "incomelossfromcontinuingoperationsattributabletononcontrollingentity": 19000000,
        "incomelossfromcontinuingoperations": -580000000,
        "incomelossfromcontinuingoperationsnetoftaxavailabletocommonstockholders": -647000000,
        "incomelossfromdiscontinuedoperationsnetoftaxattributabletoreportingentity": -210000000,
        "incomelossfromcontinuingoperationsperdilutedshare": -0.59,
        "incomelossfromcontinuingoperationsperbasicshare": -0.59,
        "earningspersharediluted": -0.78,
        "earningspersharebasic": -0.78,
        "othercomprehensiveincomelossforeigncurrencytransactionandtranslationadjustmentnetoftax": -780000000,
        "othercomprehensiveincomelosspensionandotherpostretirementbenefitplansadjustmentnetoftax": -289000000,
        "othercomprehensiveincomelosscashflowhedgegainlossafterreclassificationandtax": -2695000000,
        "othercomprehensiveincomelossnetoftaxportionattributabletononcontrollinginterest": 6000000,
        "othercomprehensiveincomelossnetoftaxportionattributabletoparent": -3192000000,
        "comprehensiveincomenetoftaxincludingportionattributabletononcontrollinginterest": -3958000000,
        "comprehensiveincomenetoftaxattributabletononcontrollinginterest": 25000000,
        "comprehensiveincomenetoftax": -3983000000
    },
    {
        "date": "2022-03-30",
        "symbol": "GE",
        "period": "Q1",
        "revenuefromcontractwithcustomerexcludingassessedtax": 6864000000,
        "insuranceservicesrevenue": 767000000,
        "revenues": 5603000000,
        "costofgoodsandservicessold": 6749000000,
        "sellinggeneralandadministrativeexpense": 3651000000,
        "restructuringcharges": 119000000,
        "researchanddevelopmentexpense": 641000000,
        "interestandotherfinancialcharges": 390000000,
        "investmentcontractsinsurancelossesandinsuranceannuitybenefits": 504000000,
        "benefitcostincomenonoperating": -137000000,
        "costsandexpenses": 17638000000,
        "nonoperatingincomeexpense": 73000000,
        "incomelossfromcontinuingoperationsbeforeincometaxesextraordinaryitemsnoncontrollinginterest": -525000000,
        "incometaxexpensebenefit": 251000000,
        "incomelossfromcontinuingoperationsincludingportionattributabletononcontrollinginterest": -729000000,
        "incomelossfromdiscontinuedoperationsnetoftax": -286000000,
        "profitloss": -1014000000,
        "netincomelossattributabletononcontrollinginterest": 28000000,
        "netincomeloss": -1042000000,
        "preferredstockdividendsincomestatementimpact": 52000000,
        "netincomelossavailabletocommonstockholdersbasic": -1094000000,
        "incomelossfromcontinuingoperationsattributabletononcontrollingentity": 28000000,
        "incomelossfromcontinuingoperations": -757000000,
        "incomelossfromcontinuingoperationsnetoftaxavailabletocommonstockholders": -809000000,
        "incomelossfromdiscontinuedoperationsnetoftaxattributabletoreportingentity": -286000000,
        "incomelossfromcontinuingoperationsperdilutedshare": -0.74,
        "incomelossfromcontinuingoperationsperbasicshare": -0.74,
        "earningspersharediluted": -0.99,
        "earningspersharebasic": -0.99,
        "othercomprehensiveincomelossforeigncurrencytransactionandtranslationadjustmentnetoftax": -166000000,
        "othercomprehensiveincomelosspensionandotherpostretirementbenefitplansadjustmentnetoftax": -240000000,
        "othercomprehensiveincomelosscashflowhedgegainlossafterreclassificationandtax": -317000000,
        "othercomprehensiveincomelossnetoftaxportionattributabletononcontrollinginterest": -2000000,
        "othercomprehensiveincomelossnetoftaxportionattributabletoparent": -241000000,
        "comprehensiveincomenetoftaxincludingportionattributabletononcontrollinginterest": -1257000000,
        "comprehensiveincomenetoftaxattributabletononcontrollinginterest": 26000000,
        "comprehensiveincomenetoftax": -1283000000
    },
    {
        "date": "2021-12-30",
        "symbol": "GE",
        "period": "Q4",
        "revenuefromcontractwithcustomerexcludingassessedtax": 1216000000,
        "revenues": 7151000000,
        "costofgoodsandservicessold": 4507000000,
        "sellinggeneralandadministrativeexpense": 3203000000,
        "researchanddevelopmentexpense": 705000000,
        "interestandotherfinancialcharges": 1059000000,
        "investmentcontractsinsurancelossesandinsuranceannuitybenefits": 602000000,
        "benefitcostsnonoperating": 406000000,
        "othercostandexpenseoperating": 46000000,
        "costsandexpenses": 24836000000,
        "nonoperatingincomeexpense": 1000000000,
        "incomelossfromcontinuingoperationsbeforeincometaxesextraordinaryitemsnoncontrollinginterest": -3468000000,
        "incometaxexpensebenefit": -125000000,
        "incomelossfromcontinuingoperationsincludingportionattributabletononcontrollinginterest": -3504000000,
        "incomelossfromdiscontinuedoperationsnetoftax": -339000000,
        "profitloss": -3842000000,
        "netincomelossattributabletononcontrollinginterest": 0,
        "netincomeloss": -3844000000,
        "preferredstockdividendsincomestatementimpact": 56000000,
        "netincomelossavailabletocommonstockholdersbasic": -3900000000,
        "incomelossfromcontinuingoperationsattributabletononcontrollingentity": 0,
        "incomelossfromcontinuingoperations": -3504000000,
        "incomelossfromcontinuingoperationsnetoftaxavailabletocommonstockholders": -3561000000,
        "earningspersharediluted": -6.7700000000000005,
        "earningspersharebasic": -6.78,
        "othercomprehensiveincomelossforeigncurrencytransactionandtranslationadjustmentnetoftax": -256000000,
        "othercomprehensiveincomelosspensionandotherpostretirementbenefitplansadjustmentnetoftax": -6672000000,
        "othercomprehensiveincomelosscashflowhedgegainlossafterreclassificationandtax": 226000000,
        "othercomprehensiveincomelossnetoftaxportionattributabletononcontrollinginterest": 0,
        "othercomprehensiveincomelossnetoftaxportionattributabletoparent": 6659000000,
        "comprehensiveincomenetoftaxincludingportionattributabletononcontrollinginterest": 2818000000,
        "comprehensiveincomenetoftaxattributabletononcontrollinginterest": 0,
        "comprehensiveincomenetoftax": 2816000000
    },
    {
        "date": "2021-09-29",
        "symbol": "GE",
        "period": "Q3",
        "revenuefromcontractwithcustomerexcludingassessedtax": 11530000000,
        "revenues": 5398000000,
        "costofgoodsandservicessold": 9127000000,
        "sellinggeneralandadministrativeexpense": 2747000000,
        "researchanddevelopmentexpense": 627000000,
        "interestandotherfinancialcharges": 225000000,
        "gainslossesonextinguishmentofdebt": -1000000,
        "investmentcontractsinsurancelossesandinsuranceannuitybenefits": 643000000,
        "benefitcostsnonoperating": 426000000,
        "othercostandexpenseoperating": 28000000,
        "costsandexpenses": 18337000000,
        "nonoperatingincomeexpense": 491000000,
        "incomelossfromcontinuingoperationsbeforeincometaxesextraordinaryitemsnoncontrollinginterest": 584000000,
        "incometaxexpensebenefit": 81000000,
        "incomelossfromcontinuingoperationsincludingportionattributabletononcontrollinginterest": 582000000,
        "incomelossfromdiscontinuedoperationsnetoftax": 602000000,
        "profitloss": 1184000000,
        "netincomelossattributabletononcontrollinginterest": -73000000,
        "netincomeloss": 1257000000,
        "preferredstockdividendsincomestatementimpact": 52000000,
        "netincomelossavailabletocommonstockholdersbasic": 1205000000,
        "incomelossfromcontinuingoperationsattributabletononcontrollingentity": -73000000,
        "incomelossfromcontinuingoperations": 655000000,
        "incomelossfromcontinuingoperationsnetoftaxavailabletocommonstockholders": 603000000,
        "incomelossfromdiscontinuedoperationsnetoftaxattributabletoreportingentity": 602000000,
        "incomelossfromcontinuingoperationsperdilutedshare": 0.54,
        "incomelossfromcontinuingoperationsperbasicshare": 0.54,
        "earningspersharediluted": 1.08,
        "earningspersharebasic": 1.09,
        "othercomprehensiveincomelossforeigncurrencytransactionandtranslationadjustmentnetoftax": -158000000,
        "othercomprehensiveincomelosspensionandotherpostretirementbenefitplansadjustmentnetoftax": -753000000,
        "othercomprehensiveincomelosscashflowhedgegainlossafterreclassificationandtax": 2151000000,
        "othercomprehensiveincomelossnetoftaxportionattributabletononcontrollinginterest": 4000000,
        "othercomprehensiveincomelossnetoftaxportionattributabletoparent": 2742000000,
        "comprehensiveincomenetoftaxincludingportionattributabletononcontrollinginterest": 3930000000,
        "comprehensiveincomenetoftaxattributabletononcontrollinginterest": -69000000,
        "comprehensiveincomenetoftax": 3999000000
    },
    {
        "date": "2021-06-29",
        "symbol": "GE",
        "period": "Q2",
        "revenuefromcontractwithcustomerexcludingassessedtax": 11105000000,
        "revenues": 4840000000,
        "costofgoodsandservicessold": 9086000000,
        "sellinggeneralandadministrativeexpense": 2866000000,
        "researchanddevelopmentexpense": 604000000,
        "interestandotherfinancialcharges": 261000000,
        "gainslossesonextinguishmentofdebt": 645000000,
        "investmentcontractsinsurancelossesandinsuranceannuitybenefits": 483000000,
        "benefitcostsnonoperating": 517000000,
        "othercostandexpenseoperating": 30000000,
        "costsandexpenses": 20023000000,
        "nonoperatingincomeexpense": 706000000,
        "incomelossfromcontinuingoperationsbeforeincometaxesextraordinaryitemsnoncontrollinginterest": -1037000000,
        "incometaxexpensebenefit": -228000000,
        "incomelossfromcontinuingoperationsincludingportionattributabletononcontrollinginterest": -571000000,
        "incomelossfromdiscontinuedoperationsnetoftax": -564000000,
        "profitloss": -1135000000,
        "netincomelossattributabletononcontrollinginterest": -3000000,
        "netincomeloss": -1131000000,
        "preferredstockdividendsincomestatementimpact": 57000000,
        "netincomelossavailabletocommonstockholdersbasic": -1188000000,
        "incomelossfromcontinuingoperationsattributabletononcontrollingentity": -3000000,
        "incomelossfromcontinuingoperations": -568000000,
        "incomelossfromcontinuingoperationsnetoftaxavailabletocommonstockholders": -624000000,
        "incomelossfromcontinuingoperationsperdilutedshare": -0.07,
        "incomelossfromcontinuingoperationsperbasicshare": -0.07,
        "earningspersharediluted": -0.14,
        "earningspersharebasic": -0.14,
        "othercomprehensiveincomelossavailableforsalesecuritiesadjustmentnetoftax": -1000000,
        "othercomprehensiveincomelossforeigncurrencytransactionandtranslationadjustmentnetoftax": 130000000,
        "othercomprehensiveincomelosscashflowhedgegainlossafterreclassificationandtax": 27000000,
        "othercomprehensiveincomelosspensionandotherpostretirementbenefitplansadjustmentnetoftax": -914000000,
        "othercomprehensiveincomelossnetoftaxportionattributabletononcontrollinginterest": -2000000,
        "othercomprehensiveincomelossnetoftaxportionattributabletoparent": 1073000000,
        "comprehensiveincomenetoftaxincludingportionattributabletononcontrollinginterest": -64000000,
        "comprehensiveincomenetoftaxattributabletononcontrollinginterest": -5000000,
        "comprehensiveincomenetoftax": -58000000
    },
    {
        "date": "2021-03-30",
        "symbol": "GE",
        "period": "Q1",
        "revenuefromcontractwithcustomerexcludingassessedtax": 10349000000,
        "revenues": 3921000000,
        "costofgoodsandservicessold": 8679000000,
        "sellinggeneralandadministrativeexpense": 2891000000,
        "researchanddevelopmentexpense": 561000000,
        "interestandotherfinancialcharges": 268000000,
        "investmentcontractsinsurancelossesandinsuranceannuitybenefits": 555000000,
        "benefitcostsnonoperating": 433000000,
        "othercostandexpenseoperating": 32000000,
        "costsandexpenses": 17506000000,
        "nonoperatingincomeexpense": 626000000,
        "incomelossfromcontinuingoperationsbeforeincometaxesextraordinaryitemsnoncontrollinginterest": 238000000,
        "incometaxexpensebenefit": 148000000,
        "incomelossfromcontinuingoperationsincludingportionattributabletononcontrollinginterest": 97000000,
        "incomelossfromdiscontinuedoperationsnetoftax": -2894000000,
        "profitloss": -2798000000,
        "netincomelossattributabletononcontrollinginterest": 5000000,
        "netincomeloss": -2802000000,
        "preferredstockdividendsincomestatementimpact": 72000000,
        "netincomelossavailabletocommonstockholdersbasic": -2874000000,
        "incomelossfromcontinuingoperationsattributabletononcontrollingentity": 5000000,
        "incomelossfromcontinuingoperations": 92000000,
        "incomelossfromcontinuingoperationsnetoftaxavailabletocommonstockholders": 20000000,
        "earningspersharediluted": -0.33,
        "earningspersharebasic": -0.33,
        "othercomprehensiveincomelossavailableforsalesecuritiesadjustmentnetoftax": -18000000,
        "othercomprehensiveincomelossforeigncurrencytransactionandtranslationadjustmentnetoftax": 110000000,
        "othercomprehensiveincomelosscashflowhedgegainlossafterreclassificationandtax": 62000000,
        "othercomprehensiveincomelosspensionandotherpostretirementbenefitplansadjustmentnetoftax": -705000000,
        "othercomprehensiveincomelossnetoftax": 859000000,
        "othercomprehensiveincomelossnetoftaxportionattributabletononcontrollinginterest": 3000000,
        "othercomprehensiveincomelossnetoftaxportionattributabletoparent": 856000000,
        "comprehensiveincomenetoftaxincludingportionattributabletononcontrollinginterest": -1939000000,
        "comprehensiveincomenetoftaxattributabletononcontrollinginterest": 8000000,
        "comprehensiveincomenetoftax": -1947000000
    },
    {
        "date": "2020-12-30",
        "symbol": "GE",
        "period": "Q4",
        "revenuefromcontractwithcustomerexcludingassessedtax": 14050000000,
        "revenues": -5609000000,
        "costofgoodsandservicessold": 10362000000,
        "sellinggeneralandadministrativeexpense": 3250000000,
        "interestandotherfinancialcharges": 2194000000,
        "investmentcontractsinsurancelossesandinsuranceannuitybenefits": 573000000,
        "benefitcostsnonoperating": 618000000,
        "othercostandexpenseoperating": 62000000,
        "costsandexpenses": 22164000000,
        "nonoperatingincomeexpense": 2957000000,
        "incomelossfromcontinuingoperationsbeforeincometaxesextraordinaryitemsnoncontrollinginterest": 2721000000,
        "incometaxexpensebenefit": -452000000,
        "incomelossfromcontinuingoperationsincludingportionattributabletononcontrollinginterest": 2559000000,
        "incomelossfromdiscontinuedoperationsnetoftax": 81000000,
        "profitloss": 2639000000,
        "netincomelossattributabletononcontrollinginterest": 3000000,
        "netincomeloss": 2636000000,
        "preferredstockdividendsincomestatementimpact": 194000000,
        "netincomelossavailabletocommonstockholdersbasic": 2443000000,
        "incomelossfromcontinuingoperationsattributabletononcontrollingentity": 1000000,
        "incomelossfromcontinuingoperations": 2558000000,
        "incomelossfromcontinuingoperationsperdilutedshare": 0.27,
        "incomelossfromcontinuingoperationsperbasicshare": 0.27,
        "earningspersharediluted": 0.28,
        "earningspersharebasic": 0.28,
        "commonstockdividendspersharedeclared": 0.010000000000000004,
        "othercomprehensiveincomelossavailableforsalesecuritiesadjustmentnetoftax": 4000000,
        "othercomprehensiveincomelossforeigncurrencytransactionandtranslationadjustmentnetoftax": 302000000,
        "othercomprehensiveincomelosspensionandotherpostretirementbenefitplansadjustmentnetoftax": 616000000,
        "othercomprehensiveincomelossnetoftax": -252000000,
        "othercomprehensiveincomelossnetoftaxportionattributabletoparent": -250000000,
        "comprehensiveincomenetoftaxincludingportionattributabletononcontrollinginterest": 2389000000,
        "comprehensiveincomenetoftaxattributabletononcontrollinginterest": 2000000,
        "comprehensiveincomenetoftax": 2386000000
    },
    {
        "date": "2020-09-29",
        "symbol": "GE",
        "period": "Q3",
        "revenuefromcontractwithcustomerexcludingassessedtax": 12318000000,
        "revenues": 8807000000,
        "costofgoodsandservicessold": 10833000000,
        "sellinggeneralandadministrativeexpense": 3227000000,
        "interestandotherfinancialcharges": -712000000,
        "investmentcontractsinsurancelossesandinsuranceannuitybenefits": 625000000,
        "benefitcostsnonoperating": 599000000,
        "othercostandexpenseoperating": 84000000,
        "costsandexpenses": 20561000000,
        "nonoperatingincomeexpense": -517000000,
        "subsidiaryearningsfromcontinuingoperations": -52000000,
        "incomelossfromcontinuingoperationsbeforeincometaxesextraordinaryitemsnoncontrollinginterest": -1660000000,
        "incometaxexpensebenefit": 114000000,
        "incomelossfromcontinuingoperationsincludingportionattributabletononcontrollinginterest": -1159000000,
        "incomelossfromdiscontinuedoperationsnetoftax": -35000000,
        "profitloss": -1194000000,
        "netincomelossattributabletononcontrollinginterest": -50000000,
        "netincomeloss": -1144000000,
        "preferredstockdividendsincomestatementimpact": 45000000,
        "netincomelossavailabletocommonstockholdersbasic": -1190000000,
        "incomelossfromcontinuingoperationsattributabletononcontrollingentity": -51000000,
        "incomelossfromcontinuingoperations": -1110000000,
        "incomelossfromcontinuingoperationsnetoftaxavailabletocommonstockholders": -1155000000,
        "incomelossfromcontinuingoperationsperdilutedshare": -0.14,
        "incomelossfromcontinuingoperationsperbasicshare": -0.14,
        "earningspersharediluted": -0.14,
        "earningspersharebasic": -0.14,
        "commonstockdividendspersharedeclared": 0.009999999999999997,
        "othercomprehensiveincomelossavailableforsalesecuritiesadjustmentnetoftax": 9000000,
        "othercomprehensiveincomelossforeigncurrencytransactionandtranslationadjustmentnetoftax": 55000000,
        "othercomprehensiveincomelosscashflowhedgegainlossafterreclassificationandtax": 24000000,
        "othercomprehensiveincomelosspensionandotherpostretirementbenefitplansadjustmentnetoftax": -608000000,
        "othercomprehensiveincomelossnetoftax": 696000000,
        "othercomprehensiveincomelossnetoftaxportionattributabletononcontrollinginterest": 0,
        "othercomprehensiveincomelossnetoftaxportionattributabletoparent": 695000000,
        "comprehensiveincomenetoftaxincludingportionattributabletononcontrollinginterest": -500000000,
        "comprehensiveincomenetoftaxattributabletononcontrollinginterest": -50000000,
        "comprehensiveincomenetoftax": -449000000
    },
    {
        "date": "2020-06-29",
        "symbol": "GE",
        "period": "Q2",
        "profitloss": -2132000000,
        "netincomelossattributabletononcontrollinginterest": -145000000,
        "netincomeloss": -1987000000,
        "othercomprehensiveincomelossavailableforsalesecuritiesadjustmentnetoftax": 27000000,
        "othercomprehensiveincomelossforeigncurrencytransactionandtranslationadjustmentnetoftax": -57000000,
        "othercomprehensiveincomelosscashflowhedgegainlossafterreclassificationandtax": 53000000,
        "othercomprehensiveincomelosspensionandotherpostretirementbenefitplansadjustmentnetoftax": -605000000,
        "othercomprehensiveincomelossnetoftax": 627000000,
        "othercomprehensiveincomelossnetoftaxportionattributabletononcontrollinginterest": 2000000,
        "othercomprehensiveincomelossnetoftaxportionattributabletoparent": 626000000,
        "comprehensiveincomenetoftaxincludingportionattributabletononcontrollinginterest": -1505000000,
        "comprehensiveincomenetoftaxattributabletononcontrollinginterest": -143000000,
        "comprehensiveincomenetoftax": -1362000000,
        "revenuefromcontractwithcustomerexcludingassessedtax": 22266000000,
        "revenues": 1690000000,
        "costofgoodsandservicessold": 10306000000,
        "sellinggeneralandadministrativeexpense": 3079000000,
        "interestandotherfinancialcharges": 997000000,
        "investmentcontractsinsurancelossesandinsuranceannuitybenefits": 563000000,
        "benefitcostsnonoperating": 597000000,
        "othercostandexpenseoperating": 129000000,
        "costsandexpenses": 22166000000,
        "nonoperatingincomeexpense": 2078000000,
        "subsidiaryearningsfromcontinuingoperations": -1476000000,
        "incomelossfromcontinuingoperationsbeforeincometaxesextraordinaryitemsnoncontrollinginterest": -2339000000,
        "incometaxexpensebenefit": -199000000,
        "incomelossfromcontinuingoperationsincludingportionattributabletononcontrollinginterest": -2140000000,
        "incomelossfromdiscontinuedoperationsnetoftax": 7000000,
        "preferredstockdividendsincomestatementimpact": 192000000,
        "netincomelossavailabletocommonstockholdersbasic": -2179000000,
        "incomelossfromcontinuingoperationsattributabletononcontrollingentity": -144000000,
        "incomelossfromcontinuingoperations": -1994000000,
        "incomelossfromcontinuingoperationsnetoftaxavailabletocommonstockholders": -2186000000,
        "incomelossfromdiscontinuedoperationsnetoftaxattributabletononcontrollinginterest": 0,
        "incomelossfromcontinuingoperationsperdilutedshare": -0.25999999999999995,
        "incomelossfromcontinuingoperationsperbasicshare": -0.25999999999999995,
        "earningspersharediluted": -0.25999999999999995,
        "earningspersharebasic": -0.25999999999999995,
        "commonstockdividendspersharedeclared": 0.01
    },
    {
        "date": "2020-03-30",
        "symbol": "GE",
        "period": "Q1",
        "profitloss": 6233000000,
        "netincomelossattributabletononcontrollinginterest": 34000000,
        "netincomeloss": 6199000000,
        "othercomprehensiveincomelossavailableforsalesecuritiesadjustmentnetoftax": -41000000,
        "othercomprehensiveincomelossforeigncurrencytransactionandtranslationadjustmentnetoftax": 135000000,
        "othercomprehensiveincomelosscashflowhedgegainlossafterreclassificationandtax": -211000000,
        "othercomprehensiveincomelosspensionandotherpostretirementbenefitplansadjustmentnetoftax": -1035000000,
        "othercomprehensiveincomelossnetoftax": 918000000,
        "othercomprehensiveincomelossnetoftaxportionattributabletononcontrollinginterest": 5000000,
        "othercomprehensiveincomelossnetoftaxportionattributabletoparent": 913000000,
        "comprehensiveincomenetoftaxincludingportionattributabletononcontrollinginterest": 7152000000,
        "comprehensiveincomenetoftaxattributabletononcontrollinginterest": 39000000,
        "comprehensiveincomenetoftax": 7113000000,
        "revenuefromcontractwithcustomerexcludingassessedtax": 830000000,
        "revenues": 1709000000,
        "costofgoodsandservicessold": 10540000000,
        "sellinggeneralandadministrativeexpense": 3065000000,
        "interestandotherfinancialcharges": 794000000,
        "investmentcontractsinsurancelossesandinsuranceannuitybenefits": 636000000,
        "benefitcostsnonoperating": 619000000,
        "othercostandexpenseoperating": 109000000,
        "costsandexpenses": 20918000000,
        "nonoperatingincomeexpense": 6869000000,
        "subsidiaryearningsfromcontinuingoperations": -30000000,
        "incomelossfromcontinuingoperationsbeforeincometaxesextraordinaryitemsnoncontrollinginterest": 6475000000,
        "incometaxexpensebenefit": 63000000,
        "incomelossfromcontinuingoperationsincludingportionattributabletononcontrollinginterest": 6412000000,
        "incomelossfromdiscontinuedoperationsnetoftax": -178000000,
        "preferredstockdividendsincomestatementimpact": 43000000,
        "netincomelossavailabletocommonstockholdersbasic": 6156000000,
        "incomelossfromcontinuingoperationsattributabletononcontrollingentity": 36000000,
        "incomelossfromcontinuingoperations": 6375000000,
        "incomelossfromcontinuingoperationsnetoftaxavailabletocommonstockholders": 6332000000,
        "incomelossfromdiscontinuedoperationsnetoftaxattributabletononcontrollinginterest": -2000000,
        "incomelossfromcontinuingoperationsperdilutedshare": 0.72,
        "incomelossfromcontinuingoperationsperbasicshare": 0.72,
        "earningspersharediluted": 0.7,
        "earningspersharebasic": 0.7,
        "commonstockdividendspersharedeclared": 0.01
    },
    {
        "date": "2019-09-29",
        "symbol": "GE",
        "period": "Q3",
        "profitloss": -9383000000,
        "netincomelossattributabletononcontrollinginterest": 40000000,
        "netincomeloss": -9423000000,
        "othercomprehensiveincomelossavailableforsalesecuritiesadjustmentnetoftax": 18000000,
        "othercomprehensiveincomelossforeigncurrencytransactionandtranslationadjustmentnetoftax": 762000000,
        "othercomprehensiveincomelosscashflowhedgegainlossafterreclassificationandtax": -2000000,
        "othercomprehensiveincomelosspensionandotherpostretirementbenefitplansadjustmentnetoftax": -655000000,
        "othercomprehensiveincomelossnetoftax": 1433000000,
        "othercomprehensiveincomelossnetoftaxportionattributabletononcontrollinginterest": -58000000,
        "othercomprehensiveincomelossnetoftaxportionattributabletoparent": 1491000000,
        "comprehensiveincomenetoftaxincludingportionattributabletononcontrollinginterest": -7950000000,
        "comprehensiveincomenetoftaxattributabletononcontrollinginterest": -19000000,
        "comprehensiveincomenetoftax": -7931000000,
        "revenuefromcontractwithcustomerexcludingassessedtax": 14869000000,
        "revenues": 3926000000,
        "costofgoodsandservicessold": 12503000000,
        "sellinggeneralandadministrativeexpense": 3293000000,
        "interestandotherfinancialcharges": 791000000,
        "investmentcontractsinsurancelossesandinsuranceannuitybenefits": 1463000000,
        "goodwillimpairmentloss": 740000000,
        "benefitcostsnonoperating": 562000000,
        "othercostandexpenseoperating": 99000000,
        "costsandexpenses": 24767000000,
        "nonoperatingincomeexpense": 158000000,
        "subsidiaryearningsfromcontinuingoperations": -645000000,
        "incomelossfromcontinuingoperationsbeforeincometaxesextraordinaryitemsnoncontrollinginterest": -808000000,
        "incometaxexpensebenefit": 229000000,
        "incomelossfromcontinuingoperationsincludingportionattributabletononcontrollinginterest": -1290000000,
        "incomelossfromdiscontinuedoperationsnetoftax": -8093000000,
        "preferredstockdividendsincomestatementimpact": 42000000,
        "netincomelossavailabletocommonstockholdersbasic": -9465000000,
        "incomelossfromcontinuingoperationsattributabletononcontrollingentity": -7000000,
        "incomelossfromcontinuingoperations": -1283000000,
        "incomelossfromcontinuingoperationsnetoftaxavailabletocommonstockholders": -1325000000,
        "incomelossfromdiscontinuedoperationsnetoftaxattributabletononcontrollinginterest": 46000000,
        "incomelossfromcontinuingoperationsperdilutedshare": -0.15,
        "incomelossfromcontinuingoperationsperbasicshare": -0.15,
        "earningspersharediluted": -1.08,
        "earningspersharebasic": -1.08,
        "commonstockdividendspersharedeclared": 0.01
    },
    {
        "date": "2018-09-29",
        "symbol": "GE",
        "period": "Q3",
        "profitloss": -24353000000,
        "netincomelossattributabletononcontrollinginterest": -9000000,
        "netincomeloss": -22769000000,
        "othercomprehensiveincomelossavailableforsalesecuritiesadjustmentnetoftax": -57000000,
        "othercomprehensiveincomelossforeigncurrencytransactionandtranslationadjustmentnetoftax": -633000000,
        "othercomprehensiveincomelossderivativesqualifyingashedgesnetoftax": -9000000,
        "othercomprehensiveincomelosspensionandotherpostretirementbenefitplansadjustmentnetoftax": -863000000,
        "othercomprehensiveincomelossnetoftax": -39000000,
        "othercomprehensiveincomelossnetoftaxportionattributabletononcontrollinginterest": -39000000,
        "othercomprehensiveincomelossnetoftaxportionattributabletoparent": 739000000,
        "comprehensiveincomenetoftaxincludingportionattributabletononcontrollinginterest": -22695000000,
        "comprehensiveincomenetoftaxattributabletononcontrollinginterest": -129000000,
        "comprehensiveincomenetoftax": -23604000000,
        "revenuefromcontractwithcustomerincludingassessedtax": 9370000000,
        "operatingleasesincomestatementleaserevenue": -1233000000,
        "revenues": 141000000,
        "costofgoodsandservicessold": 41000000,
        "sellinggeneralandadministrativeexpense": 4660000000,
        "interestandotherfinancialcharges": 662000000,
        "investmentcontractsinsurancelossesandinsuranceannuitybenefits": 732000000,
        "goodwillimpairmentloss": 21973000000,
        "benefitcostsnonoperating": 804000000,
        "othercostandexpenseoperating": 115000000,
        "costsandexpenses": -1395000000,
        "nonoperatingincomeexpense": -9002000000,
        "subsidiaryearningsfromcontinuingoperations": 19000000,
        "incomelossfromcontinuingoperationsbeforeincometaxesextraordinaryitemsnoncontrollinginterest": -24485000000,
        "incometaxexpensebenefit": 205000000,
        "incomelossfromcontinuingoperationsincludingportionattributabletononcontrollinginterest": -24335000000,
        "incomelossfromdiscontinuedoperationsnetoftax": 39000000,
        "preferredstockdividendsincomestatementimpact": 39000000,
        "netincomelossavailabletocommonstockholdersbasic": -22808000000,
        "incomelossfromcontinuingoperationsattributabletononcontrollingentity": -132000000,
        "incomelossattributabletoparent": -22847000000,
        "incomelossfromcontinuingoperations": -22847000000,
        "incomelossfromcontinuingoperationsperdilutedshare": -2.63,
        "incomelossfromcontinuingoperationsperbasicshare": -2.63,
        "earningspersharediluted": -2.62,
        "earningspersharebasic": -2.62,
        "commonstockdividendspersharedeclared": 0.12
    },
    {
        "date": "2018-06-29",
        "symbol": "GE",
        "period": "Q2",
        "profitloss": -17550000000,
        "netincomelossattributabletononcontrollinginterest": -16000000,
        "netincomeloss": 800000000,
        "othercomprehensiveincomelossavailableforsalesecuritiesadjustmentnetoftax": 24000000,
        "othercomprehensiveincomelossforeigncurrencytransactionandtranslationadjustmentnetoftax": -1669000000,
        "othercomprehensiveincomelossderivativesqualifyingashedgesnetoftax": -81000000,
        "othercomprehensiveincomelosspensionandotherpostretirementbenefitplansadjustmentnetoftax": -941000000,
        "othercomprehensiveincomelossnetoftax": -213000000,
        "othercomprehensiveincomelossnetoftaxportionattributabletononcontrollinginterest": -213000000,
        "othercomprehensiveincomelossnetoftaxportionattributabletoparent": 2603000000,
        "comprehensiveincomenetoftaxincludingportionattributabletononcontrollinginterest": -115000000,
        "comprehensiveincomenetoftaxattributabletononcontrollinginterest": -345000000,
        "comprehensiveincomenetoftax": -14931000000,
        "revenuefromcontractwithcustomerincludingassessedtax": 10093000000,
        "operatingleasesincomestatementleaserevenue": -1141000000,
        "revenues": 164000000,
        "costofgoodsandservicessold": 60000000,
        "sellinggeneralandadministrativeexpense": 4331000000,
        "interestandotherfinancialcharges": 690000000,
        "investmentcontractsinsurancelossesandinsuranceannuitybenefits": 694000000,
        "benefitcostsnonoperating": 690000000,
        "othercostandexpenseoperating": 79000000,
        "costsandexpenses": -24523000000,
        "nonoperatingincomeexpense": -3727000000,
        "subsidiaryearningsfromcontinuingoperations": -207000000,
        "incomelossfromcontinuingoperationsbeforeincometaxesextraordinaryitemsnoncontrollinginterest": -17763000000,
        "incometaxexpensebenefit": 525000000,
        "incomelossfromcontinuingoperationsincludingportionattributabletononcontrollinginterest": -17613000000,
        "incomelossfromdiscontinuedoperationsnetoftax": -121000000,
        "preferredstockdividendsincomestatementimpact": 185000000,
        "netincomelossavailabletocommonstockholdersbasic": 615000000,
        "incomelossfromcontinuingoperationsattributabletononcontrollingentity": -133000000,
        "incomelossattributabletoparent": 736000000,
        "incomelossfromcontinuingoperations": 736000000,
        "incomelossfromcontinuingoperationsperdilutedshare": 0.08,
        "incomelossfromcontinuingoperationsperbasicshare": 0.08,
        "earningspersharediluted": 0.07,
        "earningspersharebasic": 0.07,
        "commonstockdividendspersharedeclared": 0.12
    },
    {
        "date": "2017-09-29",
        "symbol": "GE",
        "period": "Q3",
        "profitloss": -48493000000,
        "netincomelossattributabletononcontrollinginterest": -121000000,
        "netincomeloss": -48372000000,
        "othercomprehensiveincomelossavailableforsalesecuritiesadjustmentnetoftax": 21000000,
        "othercomprehensiveincomelossforeigncurrencytransactionandtranslationadjustmentnetoftax": 513000000,
        "othercomprehensiveincomelossderivativesqualifyingashedgesnetoftax": 100000000,
        "othercomprehensiveincomelosspensionandotherpostretirementbenefitplansadjustmentnetoftax": -423000000,
        "othercomprehensiveincomelossnetoftax": 21000000,
        "othercomprehensiveincomelossnetoftaxportionattributabletononcontrollinginterest": 1000000,
        "othercomprehensiveincomelossnetoftaxportionattributabletoparent": -19749000000,
        "comprehensiveincomenetoftaxincludingportionattributabletononcontrollinginterest": 2752000000,
        "comprehensiveincomenetoftaxattributabletononcontrollinginterest": -15000000,
        "comprehensiveincomenetoftax": -68121000000,
        "salesrevenuegoodsnet": 19358000000,
        "salesrevenueservicesnet": 10080000000,
        "nonoperatingincomeexpense": -21861000000,
        "subsidiaryearningsfromcontinuingoperations": 24000000,
        "financialservicesrevenue": 105000000,
        "revenues": 293000000,
        "costofgoodssold": 16796000000,
        "costofservices": 6725000000,
        "sellinggeneralandadministrativeexpense": 4717000000,
        "interestandotherfinancialcharges": -6000000,
        "investmentcontractsinsurancelossesandinsuranceannuitybenefits": 640000000,
        "othercostandexpenseoperating": 947000000,
        "costsandexpenses": 12000000,
        "incomelossfromcontinuingoperationsbeforeincometaxesextraordinaryitemsnoncontrollinginterest": 104000000,
        "incometaxexpensebenefit": 17000000,
        "incomelossfromcontinuingoperationsincludingportionattributabletononcontrollinginterest": 32000000,
        "incomelossfromdiscontinuedoperationsnetoftax": -106000000,
        "preferredstockdividendsincomestatementimpact": 36000000,
        "netincomelossavailabletocommonstockholdersbasic": 1800000000,
        "incomelossfromcontinuingoperationsattributabletononcontrollingentity": -140000000,
        "incomelossattributabletoparent": 1905000000,
        "incomelossfromcontinuingoperations": 1905000000,
        "incomelossfromdiscontinuedoperationsnetoftaxattributabletononcontrollinginterest": -1000000,
        "incomelossfromcontinuingoperationsperdilutedshare": 0.22,
        "incomelossfromcontinuingoperationsperbasicshare": 0.22,
        "earningspersharediluted": 0.21,
        "earningspersharebasic": 0.21,
        "commonstockdividendspersharedeclared": 0.24
    },
    {
        "date": "2017-06-29",
        "symbol": "GE",
        "period": "Q2",
        "profitloss": -43334000000,
        "netincomelossattributabletononcontrollinginterest": -30000000,
        "netincomeloss": -43304000000,
        "othercomprehensiveincomelossavailableforsalesecuritiesadjustmentnetoftax": 243000000,
        "othercomprehensiveincomelossforeigncurrencytransactionandtranslationadjustmentnetoftax": 525000000,
        "othercomprehensiveincomelossderivativesqualifyingashedgesnetoftax": -10000000,
        "othercomprehensiveincomelosspensionandotherpostretirementbenefitplansadjustmentnetoftax": -560000000,
        "othercomprehensiveincomelossnetoftax": 243000000,
        "othercomprehensiveincomelossnetoftaxportionattributabletononcontrollinginterest": 2000000,
        "othercomprehensiveincomelossnetoftaxportionattributabletoparent": 25505000000,
        "comprehensiveincomenetoftaxincludingportionattributabletononcontrollinginterest": 2672000000,
        "comprehensiveincomenetoftaxattributabletononcontrollinginterest": -13000000,
        "comprehensiveincomenetoftax": -17799000000,
        "salesrevenuegoodsnet": 18426000000,
        "salesrevenueservicesnet": 8867000000,
        "nonoperatingincomeexpense": -55339000000,
        "subsidiaryearningsfromcontinuingoperations": -172000000,
        "financialservicesrevenue": -33000000,
        "revenues": 256000000,
        "costofgoodssold": 15571000000,
        "costofservices": 5757000000,
        "sellinggeneralandadministrativeexpense": 3919000000,
        "interestandotherfinancialcharges": -15000000,
        "investmentcontractsinsurancelossesandinsuranceannuitybenefits": 682000000,
        "othercostandexpenseoperating": 144000000,
        "costsandexpenses": 1000000,
        "incomelossfromcontinuingoperationsbeforeincometaxesextraordinaryitemsnoncontrollinginterest": 65000000,
        "incometaxexpensebenefit": 1000000,
        "incomelossfromcontinuingoperationsincludingportionattributabletononcontrollinginterest": 48000000,
        "incomelossfromdiscontinuedoperationsnetoftax": -146000000,
        "preferredstockdividendsincomestatementimpact": 182000000,
        "netincomelossavailabletocommonstockholdersbasic": 1185000000,
        "incomelossfromcontinuingoperationsattributabletononcontrollingentity": -18000000,
        "incomelossattributabletoparent": 1338000000,
        "incomelossfromcontinuingoperations": 1338000000,
        "incomelossfromdiscontinuedoperationsnetoftaxattributabletoreportingentity": -152000000,
        "incomelossfromdiscontinuedoperationsnetoftaxattributabletononcontrollinginterest": 7000000,
        "incomelossfromcontinuingoperationsperdilutedshare": 0.15,
        "incomelossfromcontinuingoperationsperbasicshare": 0.15,
        "earningspersharediluted": 0.13,
        "earningspersharebasic": 0.14,
        "commonstockdividendspersharedeclared": 0.24
    },
    {
        "date": "2016-09-29",
        "symbol": "GE",
        "period": "Q3",
        "salesrevenuegoodsnet": 34000000,
        "salesrevenueservicesnet": 8261000000,
        "nonoperatingincomeexpense": 227000000,
        "subsidiaryearningsfromcontinuingoperations": 26000000,
        "financialservicesrevenue": 2224000000,
        "revenues": 211000000,
        "costofgoodssold": 15329000000,
        "costofservices": 547000000,
        "sellinggeneralandadministrativeexpense": 3880000000,
        "interestandotherfinancialcharges": 961000000,
        "investmentcontractsinsurancelossesandinsuranceannuitybenefits": 684000000,
        "othercostandexpenseoperating": -1000000,
        "costsandexpenses": 27191000000,
        "incomelossfromcontinuingoperationsbeforeincometaxesextraordinaryitemsnoncontrollinginterest": 2074000000,
        "incometaxexpensebenefit": -41000000,
        "incomelossfromcontinuingoperationsincludingportionattributabletononcontrollinginterest": 2056000000,
        "incomelossfromdiscontinuedoperationsnetoftax": -105000000,
        "profitloss": 1951000000,
        "netincomelossattributabletononcontrollinginterest": -76000000,
        "netincomeloss": 2027000000,
        "preferredstockdividendsincomestatementimpact": 33000000,
        "netincomelossavailabletocommonstockholdersbasic": 1994000000,
        "incomelossfromcontinuingoperationsattributabletononcontrollingentity": -76000000,
        "incomelossattributabletoparent": 2131000000,
        "incomelossfromcontinuingoperations": 2097000000,
        "incomelossfromdiscontinuedoperationsnetoftaxattributabletoreportingentity": -105000000,
        "incomelossfromdiscontinuedoperationsnetoftaxattributabletononcontrollinginterest": -2000000,
        "incomelossfromcontinuingoperationsperdilutedshare": 0.23,
        "incomelossfromcontinuingoperationsperbasicshare": 0.24,
        "earningspersharediluted": 0.22,
        "earningspersharebasic": 0.22,
        "commonstockdividendspersharedeclared": 0.23,
        "othercomprehensiveincomelossavailableforsalesecuritiesadjustmentnetoftax": 97000000,
        "othercomprehensiveincomelossforeigncurrencytransactionandtranslationadjustmentnetoftax": -194000000,
        "othercomprehensiveincomelossderivativesqualifyingashedgesnetoftax": 30000000,
        "othercomprehensiveincomelosspensionandotherpostretirementbenefitplansadjustmentnetoftax": -548000000,
        "othercomprehensiveincomelossnetoftax": -194000000,
        "othercomprehensiveincomelossnetoftaxportionattributabletononcontrollinginterest": -6000000,
        "othercomprehensiveincomelossnetoftaxportionattributabletoparent": 477000000,
        "comprehensiveincomenetoftaxincludingportionattributabletononcontrollinginterest": 2432000000,
        "comprehensiveincomenetoftaxattributabletononcontrollinginterest": -71000000,
        "comprehensiveincomenetoftax": 2504000000
    },
    {
        "date": "2016-06-29",
        "symbol": "GE",
        "period": "Q2",
        "salesrevenuegoodsnet": 29000000,
        "salesrevenueservicesnet": 9238000000,
        "nonoperatingincomeexpense": -264000000,
        "subsidiaryearningsfromcontinuingoperations": -600000000,
        "financialservicesrevenue": 53000000,
        "revenues": 439000000,
        "costofgoodssold": 15690000000,
        "costofservices": 6693000000,
        "sellinggeneralandadministrativeexpense": 4231000000,
        "interestandotherfinancialcharges": 677000000,
        "investmentcontractsinsurancelossesandinsuranceannuitybenefits": 815000000,
        "othercostandexpenseoperating": -7000000,
        "costsandexpenses": 12453000000,
        "incomelossfromcontinuingoperationsbeforeincometaxesextraordinaryitemsnoncontrollinginterest": 31111000000,
        "incometaxexpensebenefit": 9000000,
        "incomelossfromcontinuingoperationsincludingportionattributabletononcontrollinginterest": 3430000000,
        "incomelossfromdiscontinuedoperationsnetoftax": -9000000,
        "profitloss": 21000000,
        "netincomelossattributabletononcontrollinginterest": -20000000,
        "netincomeloss": -30822000000,
        "preferredstockdividendsincomestatementimpact": 152000000,
        "netincomelossavailabletocommonstockholdersbasic": 2738000000,
        "incomelossfromcontinuingoperationsattributabletononcontrollingentity": -89000000,
        "incomelossattributabletoparent": 3433000000,
        "incomelossfromcontinuingoperations": 3281000000,
        "incomelossfromdiscontinuedoperationsnetoftaxattributabletoreportingentity": -544000000,
        "incomelossfromdiscontinuedoperationsnetoftaxattributabletononcontrollinginterest": 3000000,
        "incomelossfromcontinuingoperationsperdilutedshare": 0.36,
        "incomelossfromcontinuingoperationsperbasicshare": 0.36,
        "earningspersharediluted": 0.3,
        "earningspersharebasic": 0.3,
        "commonstockdividendspersharedeclared": 0.23,
        "othercomprehensiveincomelossavailableforsalesecuritiesadjustmentnetoftax": 397000000,
        "othercomprehensiveincomelossforeigncurrencytransactionandtranslationadjustmentnetoftax": 55000000,
        "othercomprehensiveincomelossderivativesqualifyingashedgesnetoftax": -25000000,
        "othercomprehensiveincomelosspensionandotherpostretirementbenefitplansadjustmentnetoftax": -382000000,
        "othercomprehensiveincomelossnetoftax": 55000000,
        "othercomprehensiveincomelossnetoftaxportionattributabletononcontrollinginterest": -3000000,
        "othercomprehensiveincomelossnetoftaxportionattributabletoparent": 807000000,
        "comprehensiveincomenetoftaxincludingportionattributabletononcontrollinginterest": 3614000000,
        "comprehensiveincomenetoftaxattributabletononcontrollinginterest": -82000000,
        "comprehensiveincomenetoftax": 31922000000
    },
    {
        "date": "2015-09-29",
        "symbol": "GE",
        "period": "Q3",
        "salesrevenuegoodsnet": 52960000000,
        "salesrevenueservicesnet": 7479000000,
        "nonoperatingincomeexpense": 270000000,
        "subsidiaryearningsfromcontinuingoperations": 734000000,
        "financialservicesrevenue": -47000000,
        "revenues": 70546000000,
        "costofgoodssold": 42708000000,
        "costofservices": 3734000000,
        "interestandotherfinancialcharges": 2046000000,
        "investmentcontractsinsurancelossesandinsuranceannuitybenefits": 598000000,
        "provisionforloanandleaselosses": -13000000,
        "costandexpensesother": 13488000000,
        "costsandexpenses": 18411000000,
        "incomelossfromcontinuingoperationsbeforeincometaxesextraordinaryitemsnoncontrollinginterest": 3981000000,
        "incometaxexpensebenefit": 6301000000,
        "incomelossfromcontinuingoperationsincludingportionattributabletononcontrollinginterest": 6082000000,
        "incomelossfromdiscontinuedoperationsnetoftax": -2599000000,
        "profitloss": 13138000000,
        "netincomelossattributabletononcontrollinginterest": 83000000,
        "netincomeloss": 387000000,
        "netincomelossavailabletocommonstockholdersbasic": 5847000000,
        "incomelossattributabletoparent": 734000000,
        "incomelossfromcontinuingoperations": 6198000000,
        "incomelossfromdiscontinuedoperationsnetoftaxattributabletoreportingentity": -347000000,
        "incomelossfromcontinuingoperationsperdilutedshare": 0.28,
        "incomelossfromcontinuingoperationsperbasicshare": 0.28,
        "earningspersharediluted": 0.25,
        "earningspersharebasic": 0.25,
        "commonstockdividendspersharedeclared": 0.22999999999999995,
        "othercomprehensiveincomelossavailableforsalesecuritiesadjustmentnetoftax": -3000000,
        "othercomprehensiveincomelossforeigncurrencytransactionandtranslationadjustmentnetoftax": 625000000,
        "othercomprehensiveincomelossderivativesqualifyingashedgesnetoftax": -34000000,
        "othercomprehensiveincomelosspensionandotherpostretirementbenefitplansadjustmentnetoftax": -626000000,
        "othercomprehensiveincomelossnetoftax": -6756000000,
        "othercomprehensiveincomelossnetoftaxportionattributabletoparent": 1223000000,
        "comprehensiveincomenetoftaxincludingportionattributabletononcontrollinginterest": 3759000000,
        "comprehensiveincomenetoftaxattributabletononcontrollinginterest": 30000000,
        "comprehensiveincomenetoftax": 3729000000
    },
    {
        "date": "2015-06-29",
        "symbol": "GE",
        "period": "Q2",
        "salesrevenuegoodsnet": -16605000000,
        "salesrevenueservicesnet": 7592000000,
        "nonoperatingincomeexpense": 770000000,
        "subsidiaryearningsfromcontinuingoperations": 4416000000,
        "financialservicesrevenue": -1514000000,
        "revenues": -12673000000,
        "costofgoodssold": -13272000000,
        "costofservices": 5943000000,
        "interestandotherfinancialcharges": -789000000,
        "investmentcontractsinsurancelossesandinsuranceannuitybenefits": 710000000,
        "provisionforloanandleaselosses": 1753000000,
        "costandexpensesother": 1812000000,
        "costsandexpenses": -22535000000,
        "incomelossfromcontinuingoperationsbeforeincometaxesextraordinaryitemsnoncontrollinginterest": -3877000000,
        "incometaxexpensebenefit": 231000000,
        "incomelossfromcontinuingoperationsincludingportionattributabletononcontrollinginterest": 3553000000,
        "incomelossfromdiscontinuedoperationsnetoftax": -5535000000,
        "profitloss": -14234000000,
        "netincomelossattributabletononcontrollinginterest": 219000000,
        "netincomeloss": -4540000000,
        "netincomelossavailabletocommonstockholdersbasic": -4701000000,
        "incomelossattributabletoparent": 3243000000,
        "incomelossfromcontinuingoperations": 3082000000,
        "incomelossfromdiscontinuedoperationsnetoftaxattributabletoreportingentity": -7787000000,
        "incomelossfromcontinuingoperationsperdilutedshare": 0.6399999999999999,
        "incomelossfromcontinuingoperationsperbasicshare": 0.6399999999999999,
        "earningspersharediluted": -0.1299999999999999,
        "earningspersharebasic": -0.1299999999999999,
        "commonstockdividendspersharedeclared": 0.23,
        "othercomprehensiveincomelossavailableforsalesecuritiesadjustmentnetoftax": -682000000,
        "othercomprehensiveincomelossforeigncurrencytransactionandtranslationadjustmentnetoftax": 1815000000,
        "othercomprehensiveincomelossderivativesqualifyingashedgesnetoftax": 86000000,
        "othercomprehensiveincomelosspensionandotherpostretirementbenefitplansadjustmentnetoftax": -2951000000,
        "othercomprehensiveincomelossnetoftax": 2951000000,
        "othercomprehensiveincomelossnetoftaxportionattributabletononcontrollinginterest": 0,
        "othercomprehensiveincomelossnetoftaxportionattributabletoparent": 4158000000,
        "comprehensiveincomenetoftaxincludingportionattributabletononcontrollinginterest": 3035000000,
        "comprehensiveincomenetoftaxattributabletononcontrollinginterest": 237000000,
        "comprehensiveincomenetoftax": 2798000000
    },
    {
        "date": "2015-03-30",
        "symbol": "GE",
        "period": "Q1",
        "salesrevenuegoodsnet": 16648000000,
        "salesrevenueservicesnet": 7192000000,
        "nonoperatingincomeexpense": 52000000,
        "subsidiaryearningsfromcontinuingoperations": -12544000000,
        "financialservicesrevenue": 974000000,
        "revenues": 11348000000,
        "costofgoodssold": 13312000000,
        "costofservices": 5013000000,
        "interestandotherfinancialcharges": -14000000,
        "investmentcontractsinsurancelossesandinsuranceannuitybenefits": 644000000,
        "provisionforloanandleaselosses": 4000000,
        "costandexpensesother": 3825000000,
        "costsandexpenses": 22539000000,
        "incomelossfromcontinuingoperationsbeforeincometaxesextraordinaryitemsnoncontrollinginterest": -1067000000,
        "incometaxexpensebenefit": -368000000,
        "incomelossfromcontinuingoperationsincludingportionattributabletononcontrollinginterest": -11497000000,
        "incomelossfromdiscontinuedoperationsnetoftax": -2202000000,
        "profitloss": -699000000,
        "netincomelossattributabletononcontrollinginterest": -35000000,
        "netincomeloss": -13573000000,
        "netincomelossavailabletocommonstockholdersbasic": -13573000000,
        "incomelossattributabletoparent": -11371000000,
        "incomelossfromcontinuingoperations": -11371000000,
        "incomelossfromdiscontinuedoperationsnetoftaxattributabletoreportingentity": -2202000000,
        "incomelossfromcontinuingoperationsperdilutedshare": -1.13,
        "incomelossfromcontinuingoperationsperbasicshare": -1.13,
        "earningspersharediluted": -1.35,
        "earningspersharebasic": -1.35,
        "commonstockdividendspersharedeclared": 0.23,
        "othercomprehensiveincomelossavailableforsalesecuritiesadjustmentnetoftax": 233000000,
        "othercomprehensiveincomelossforeigncurrencytransactionandtranslationadjustmentnetoftax": -5336000000,
        "othercomprehensiveincomelossderivativesqualifyingashedgesnetoftax": -46000000,
        "othercomprehensiveincomelosspensionandotherpostretirementbenefitplansadjustmentnetoftax": -909000000,
        "othercomprehensiveincomelossnetoftax": 909000000,
        "othercomprehensiveincomelossnetoftaxportionattributabletononcontrollinginterest": -2000000,
        "othercomprehensiveincomelossnetoftaxportionattributabletoparent": -4192000000,
        "comprehensiveincomenetoftaxincludingportionattributabletononcontrollinginterest": -17848000000,
        "comprehensiveincomenetoftaxattributabletononcontrollinginterest": -83000000,
        "comprehensiveincomenetoftax": -17765000000
    },
    {
        "date": "2013-03-30",
        "symbol": "GE",
        "period": "Q1",
        "salesrevenuegoodsnet": 26000000,
        "salesrevenueservicesnet": 6626000000,
        "nonoperatingincomeexpense": 1620000000,
        "subsidiaryearningsfromcontinuingoperations": 1927000000,
        "financialservicesrevenue": -301000000,
        "revenues": 11535000000,
        "costofgoodssold": 21000000,
        "costofservices": 4562000000,
        "interestandotherfinancialcharges": -18000000,
        "investmentcontractsinsurancelossesandinsuranceannuitybenefits": 689000000,
        "provisionforloanandleaselosses": 1488000000,
        "costandexpensesother": 4917000000,
        "costsandexpenses": 9515000000,
        "incomelossfromcontinuingoperationsbeforeincometaxesminorityinterestandincomelossfromequitymethodinvestments": 2020000000,
        "incometaxexpensebenefit": 406000000,
        "incomelossfromcontinuingoperationsincludingportionattributabletononcontrollinginterest": -1176000000,
        "incomelossfromdiscontinuedoperationsnetoftax": -109000000,
        "profitloss": 1829000000,
        "netincomelossattributabletononcontrollinginterest": 11000000,
        "netincomeloss": 1818000000,
        "netincomelossavailabletocommonstockholdersbasic": -1091000000,
        "incomelossfromcontinuingoperations": 1927000000,
        "incomelossfromdiscontinuedoperationsnetoftaxattributabletoreportingentity": -109000000,
        "incomelossfromcontinuingoperationsperdilutedshare": 0.35,
        "incomelossfromcontinuingoperationsperbasicshare": 0.35,
        "earningspersharediluted": 0.34,
        "earningspersharebasic": 0.34,
        "commonstockdividendspersharedeclared": 0.19,
        "othercomprehensiveincomelossavailableforsalesecuritiesadjustmentnetoftax": 68000000,
        "othercomprehensiveincomelossforeigncurrencytransactionandtranslationadjustmentnetoftax": -459000000,
        "othercomprehensiveincomelossderivativesqualifyingashedgesnetoftax": 102000000,
        "othercomprehensiveincomelosspensionandotherpostretirementbenefitplansadjustmentnetoftax": -853000000,
        "othercomprehensiveincomelossnetoftax": 853000000,
        "othercomprehensiveincomelossnetoftaxportionattributabletononcontrollinginterest": 1000000,
        "othercomprehensiveincomelossnetoftaxportionattributabletoparent": 566000000,
        "comprehensiveincomenetoftaxincludingportionattributabletononcontrollinginterest": 4075000000,
        "comprehensiveincomenetoftaxattributabletononcontrollinginterest": -18000000,
        "comprehensiveincomenetoftax": 4093000000
    },
    {
        "date": "2012-12-30",
        "symbol": "GE",
        "period": "Q4",
        "salesrevenuegoodsnet": 73214000000,
        "salesrevenueservicesnet": 7429000000,
        "nonoperatingincomeexpense": 830000000,
        "subsidiaryearningsfromcontinuingoperations": 1808000000,
        "financialservicesrevenue": 11741000000,
        "revenues": 96207000000,
        "costofgoodssold": 57043000000,
        "costofservices": 4735000000,
        "interestandotherfinancialcharges": -1699000000,
        "investmentcontractsinsurancelossesandinsuranceannuitybenefits": 713000000,
        "provisionforloanandleaselosses": 2399000000,
        "costandexpensesother": 3472000000,
        "costsandexpenses": 65818000000,
        "incomelossfromcontinuingoperationsbeforeincometaxesminorityinterestandincomelossfromequitymethodinvestments": 10846000000,
        "incometaxexpensebenefit": 1992000000,
        "incomelossfromcontinuingoperationsincludingportionattributabletononcontrollinginterest": 9200000000,
        "incomelossfromdiscontinuedoperationsnetoftax": -386000000,
        "profitloss": 9043000000,
        "netincomelossattributabletononcontrollinginterest": 114000000,
        "netincomeloss": 8929000000,
        "netincomelossavailabletocommonstockholdersbasic": 8929000000,
        "incomelossfromcontinuingoperations": 9086000000,
        "incomelossfromdiscontinuedoperationsnetoftaxattributabletoreportingentity": -305000000,
        "incomelossfromcontinuingoperationsperdilutedshare": 0.40999999999999975,
        "incomelossfromcontinuingoperationsperbasicshare": 0.39999999999999986,
        "earningspersharediluted": 0.37999999999999995,
        "earningspersharebasic": 0.37999999999999995,
        "commonstockdividendspersharedeclared": 0.18999999999999986,
        "othercomprehensiveincomelossnetoftaxportionattributabletononcontrollinginterest": -2000000,
        "othercomprehensiveincomelossnetoftaxportionattributabletoparent": 91000000,
        "comprehensiveincomenetoftaxincludingportionattributabletononcontrollinginterest": 4253000000,
        "comprehensiveincomenetoftaxattributabletononcontrollinginterest": 151000000,
        "comprehensiveincomenetoftax": 4102000000
    },
    {
        "date": "2012-09-29",
        "symbol": "GE",
        "period": "Q3",
        "salesrevenuegoodsnet": 34000000,
        "salesrevenueservicesnet": 6889000000,
        "nonoperatingincomeexpense": 818000000,
        "subsidiaryearningsfromcontinuingoperations": 1679000000,
        "financialservicesrevenue": 11335000000,
        "revenues": 11369000000,
        "costofgoodssold": 27000000,
        "costofservices": 4174000000,
        "interestandotherfinancialcharges": 2805000000,
        "investmentcontractsinsurancelossesandinsuranceannuitybenefits": 798000000,
        "provisionforloanandleaselosses": 1122000000,
        "costandexpensesother": 4840000000,
        "costsandexpenses": 9592000000,
        "incomelossfromcontinuingoperationsbeforeincometaxesminorityinterestandincomelossfromequitymethodinvestments": 1777000000,
        "incometaxexpensebenefit": 148000000,
        "incomelossfromcontinuingoperationsincludingportionattributabletononcontrollinginterest": 1699000000,
        "incomelossfromdiscontinuedoperationsnetoftax": 37000000,
        "profitloss": 1588000000,
        "netincomelossattributabletononcontrollinginterest": 20000000,
        "netincomeloss": 1568000000,
        "netincomelossavailabletocommonstockholdersbasic": 1568000000,
        "incomelossfromcontinuingoperations": 1679000000,
        "incomelossfromdiscontinuedoperationsnetoftaxattributabletoreportingentity": 37000000,
        "incomelossfromcontinuingoperationsperdilutedshare": 0.33,
        "incomelossfromcontinuingoperationsperbasicshare": 0.33,
        "earningspersharediluted": 0.33,
        "earningspersharebasic": 0.33,
        "commonstockdividendspersharedeclared": 0.17,
        "othercomprehensiveincomelossavailableforsalesecuritiesadjustmentnetoftax": 118000000,
        "othercomprehensiveincomelossforeigncurrencytransactionandtranslationadjustmentnetoftax": 1286000000,
        "othercomprehensiveincomelossderivativesqualifyingashedgesnetoftax": 67000000,
        "othercomprehensiveincomelosspensionandotherpostretirementbenefitplansadjustmentnetoftax": -926000000,
        "othercomprehensiveincomelossnetoftax": 2397000000,
        "othercomprehensiveincomelossnetoftaxportionattributabletononcontrollinginterest": -5000000,
        "othercomprehensiveincomelossnetoftaxportionattributabletoparent": 2402000000,
        "comprehensiveincomenetoftaxincludingportionattributabletononcontrollinginterest": 5905000000,
        "comprehensiveincomenetoftaxattributabletononcontrollinginterest": 12000000,
        "comprehensiveincomenetoftax": 5893000000
    },
    {
        "date": "2012-06-29",
        "symbol": "GE",
        "period": "Q2",
        "salesrevenuegoodsnet": 26000000,
        "salesrevenueservicesnet": 6923000000,
        "nonoperatingincomeexpense": 409000000,
        "subsidiaryearningsfromcontinuingoperations": 2122000000,
        "financialservicesrevenue": 11432000000,
        "revenues": 1770000000,
        "costofgoodssold": 23000000,
        "costofservices": 4507000000,
        "interestandotherfinancialcharges": 114000000,
        "investmentcontractsinsurancelossesandinsuranceannuitybenefits": 702000000,
        "provisionforloanandleaselosses": 170000000,
        "costandexpensesother": 4764000000,
        "costsandexpenses": 9220000000,
        "incomelossfromcontinuingoperationsbeforeincometaxesminorityinterestandincomelossfromequitymethodinvestments": 2238000000,
        "incometaxexpensebenefit": -121000000,
        "incomelossfromcontinuingoperationsincludingportionattributabletononcontrollinginterest": 2136000000,
        "incomelossfromdiscontinuedoperationsnetoftax": -327000000,
        "profitloss": 1583000000,
        "netincomelossattributabletononcontrollinginterest": 14000000,
        "netincomeloss": 1569000000,
        "netincomelossavailabletocommonstockholdersbasic": 1569000000,
        "incomelossfromcontinuingoperations": 2122000000,
        "incomelossfromdiscontinuedoperationsnetoftaxattributabletoreportingentity": -551000000,
        "incomelossfromcontinuingoperationsperdilutedshare": 0.34,
        "incomelossfromcontinuingoperationsperbasicshare": 0.35,
        "earningspersharediluted": 0.29,
        "earningspersharebasic": 0.29,
        "commonstockdividendspersharedeclared": 0.17,
        "othercomprehensiveincomeavailableforsalesecuritiesadjustmentnetoftaxperiodincreasedecrease": 169000000,
        "othercomprehensiveincomeforeigncurrencytransactionandtranslationadjustmentnetoftaxperiodincreasedecrease": -1330000000,
        "othercomprehensiveincomederivativesqualifyingashedgesnetoftaxperiodincreasedecrease": 21000000,
        "othercomprehensiveincomedefinedbenefitplansadjustmentnetoftaxperiodincreasedecrease": 560000000,
        "othercomprehensiveincomelossnetoftaxperiodincreasedecrease": -580000000,
        "othercomprehensiveincomelossnetoftaxportionattributabletononcontrollinginterest": 10000000,
        "othercomprehensiveincomelossnetoftaxportionattributabletoparent": -590000000,
        "comprehensiveincomenetoftaxincludingportionattributabletononcontrollinginterest": 2558000000,
        "comprehensiveincomenetoftaxattributabletononcontrollinginterest": 43000000,
        "comprehensiveincomenetoftax": 2515000000
    },
    {
        "date": "2012-03-30",
        "symbol": "GE",
        "period": "Q1",
        "salesrevenuegoodsnet": 30000000,
        "salesrevenueservicesnet": 6330000000,
        "nonoperatingincomeexpense": 600000000,
        "subsidiaryearningsfromcontinuingoperations": 1792000000,
        "financialservicesrevenue": 11412000000,
        "revenues": 1587000000,
        "costofgoodssold": 25000000,
        "costofservices": 4522000000,
        "interestandotherfinancialcharges": 133000000,
        "investmentcontractsinsurancelossesandinsuranceannuitybenefits": 771000000,
        "provisionforloanandleaselosses": 200000000,
        "costandexpensesother": 4596000000,
        "costsandexpenses": 9451000000,
        "incomelossfromcontinuingoperationsbeforeincometaxesminorityinterestandincomelossfromequitymethodinvestments": 1991000000,
        "incometaxexpensebenefit": -6000000,
        "incomelossfromcontinuingoperationsincludingportionattributabletononcontrollinginterest": 1804000000,
        "incomelossfromdiscontinuedoperationsnetoftax": 27000000,
        "profitloss": 1587000000,
        "netincomelossattributabletononcontrollinginterest": 12000000,
        "netincomeloss": 1575000000,
        "netincomelossavailabletocommonstockholdersbasic": 1575000000,
        "incomelossfromcontinuingoperations": 1792000000,
        "incomelossfromdiscontinuedoperationsnetoftaxattributabletoreportingentity": -217000000,
        "incomelossfromcontinuingoperationsperdilutedshare": 0.31,
        "incomelossfromcontinuingoperationsperbasicshare": 0.31,
        "earningspersharediluted": 0.29,
        "earningspersharebasic": 0.29,
        "commonstockdividendspersharedeclared": 0.17,
        "othercomprehensiveincomeavailableforsalesecuritiesadjustmentnetoftaxperiodincreasedecrease": 337000000,
        "othercomprehensiveincomeforeigncurrencytransactionandtranslationadjustmentnetoftaxperiodincreasedecrease": 332000000,
        "othercomprehensiveincomederivativesqualifyingashedgesnetoftaxperiodincreasedecrease": 124000000,
        "othercomprehensiveincomedefinedbenefitplansadjustmentnetoftaxperiodincreasedecrease": 1040000000,
        "othercomprehensiveincomelossnetoftaxperiodincreasedecrease": 1833000000,
        "othercomprehensiveincomelossnetoftaxportionattributabletononcontrollinginterest": -8000000,
        "othercomprehensiveincomelossnetoftaxportionattributabletoparent": 1841000000,
        "comprehensiveincomenetoftaxincludingportionattributabletononcontrollinginterest": 4905000000,
        "comprehensiveincomenetoftaxattributabletononcontrollinginterest": 30000000,
        "comprehensiveincomenetoftax": 4875000000
    },
    {
        "date": "2011-09-29",
        "symbol": "GE",
        "period": "Q3",
        "salesrevenuegoodsnet": 32000000,
        "salesrevenueservicesnet": 6361000000,
        "nonoperatingincomeexpense": 621000000,
        "subsidiaryearningsfromcontinuingoperations": 1453000000,
        "financialservicesrevenue": 11986000000,
        "revenues": 1528000000,
        "costofgoodssold": 30000000,
        "costofservices": 3695000000,
        "interestandotherfinancialcharges": 144000000,
        "investmentcontractsinsurancelossesandinsuranceannuitybenefits": 755000000,
        "provisionforloanandleaselosses": 332000000,
        "costandexpensesother": 5105000000,
        "costsandexpenses": 10470000000,
        "incomelossfromcontinuingoperationsbeforeincometaxesminorityinterestandincomelossfromequitymethodinvestments": 1548000000,
        "incometaxexpensebenefit": -21000000,
        "incomelossfromcontinuingoperationsincludingportionattributabletononcontrollinginterest": 1491000000,
        "incomelossfromdiscontinuedoperationsnetoftax": 2000000,
        "profitloss": 1493000000,
        "netincomelossattributabletononcontrollinginterest": 38000000,
        "netincomeloss": 1455000000,
        "dividendspreferredstock": 806000000,
        "netincomelossavailabletocommonstockholdersbasic": 1455000000,
        "incomelossfromcontinuingoperations": 1453000000,
        "incomelossfromdiscontinuedoperationsnetoftaxattributabletoreportingentity": 1000000,
        "incomelossfromcontinuingoperationsperdilutedshare": 0.22,
        "incomelossfromcontinuingoperationsperbasicshare": 0.22,
        "earningspersharediluted": 0.22,
        "earningspersharebasic": 0.22,
        "commonstockdividendspersharedeclared": 0.15
    },
    {
        "date": "2011-06-29",
        "symbol": "GE",
        "period": "Q2",
        "salesrevenuegoodsnet": 42000000,
        "salesrevenueservicesnet": 6780000000,
        "nonoperatingincomeexpense": 675000000,
        "subsidiaryearningsfromcontinuingoperations": 1593000000,
        "financialservicesrevenue": 12401000000,
        "revenues": 1442000000,
        "costofgoodssold": 38000000,
        "costofservices": 4500000000,
        "interestandotherfinancialcharges": 151000000,
        "investmentcontractsinsurancelossesandinsuranceannuitybenefits": 790000000,
        "provisionforloanandleaselosses": 188000000,
        "costandexpensesother": 5246000000,
        "costsandexpenses": 10486000000,
        "incomelossfromcontinuingoperationsbeforeincometaxesminorityinterestandincomelossfromequitymethodinvestments": 1957000000,
        "incometaxexpensebenefit": -35000000,
        "incomelossfromcontinuingoperationsincludingportionattributabletononcontrollinginterest": 1613000000,
        "incomelossfromdiscontinuedoperationsnetoftax": 217000000,
        "profitloss": 1830000000,
        "netincomelossattributabletononcontrollinginterest": 20000000,
        "netincomeloss": 1810000000,
        "dividendspreferredstock": 75000000,
        "netincomelossavailabletocommonstockholdersbasic": 1810000000,
        "incomelossfromcontinuingoperations": 1593000000,
        "incomelossfromdiscontinuedoperationsnetoftaxattributabletoreportingentity": 216000000,
        "incomelossfromcontinuingoperationsperdilutedshare": 0.33,
        "incomelossfromcontinuingoperationsperbasicshare": 0.33,
        "earningspersharediluted": 0.35,
        "earningspersharebasic": 0.35,
        "commonstockdividendspersharedeclared": 0.15
    },
    {
        "date": "2011-03-30",
        "symbol": "GE",
        "period": "Q1",
        "salesrevenuegoodsnet": 42000000,
        "salesrevenueservicesnet": 7613000000,
        "nonoperatingincomeexpense": 3665000000,
        "gecsearningsfromcontinuingoperations": 1806000000,
        "financialservicesrevenue": 13112000000,
        "revenues": 13154000000,
        "costofgoodssold": 40000000,
        "costofservices": 4994000000,
        "interestandotherfinancialcharges": 3667000000,
        "investmentcontractsinsurancelossesandinsuranceannuitybenefits": 769000000,
        "provisionforloanandleaselosses": 1163000000,
        "costsandexpenses": 5264000000,
        "costandexpensesall": 10903000000,
        "incomelossfromcontinuingoperationsbeforeincometaxesminorityinterestandincomelossfromequitymethodinvestments": 2251000000,
        "incometaxexpensebenefit": 414000000,
        "incomelossfromcontinuingoperationsincludingportionattributabletononcontrollinginterest": 1837000000,
        "incomelossfromdiscontinuedoperationsnetoftax": -1000000,
        "profitloss": 1856000000,
        "netincomelossattributabletononcontrollinginterest": 31000000,
        "netincomeloss": 1825000000,
        "preferredstockdividends": 75000000,
        "netincomelossavailabletocommonstockholdersbasic": 1825000000,
        "incomelossfromcontinuingoperations": 1806000000,
        "incomelossfromdiscontinuedoperationsnetoftaxattributabletoreportingentity": 19000000,
        "incomelossfromcontinuingoperationsperdilutedshare": 0.31,
        "incomelossfromcontinuingoperationsperbasicshare": 0.31,
        "earningspersharediluted": 0.31,
        "earningspersharebasic": 0.32,
        "commonstockdividendspersharedeclared": 0.14
    },
    {
        "date": "2010-03-30",
        "symbol": "GE",
        "period": "Q1",
        "salesrevenuegoodsnet": 281000000,
        "salesrevenueservicesnet": 10020000000,
        "nonoperatingincomeexpense": 376000000,
        "incomelossfromcontinuingoperationsgecs": 539000000,
        "financialservicesrevenue": 12890000000,
        "revenues": 13171000000,
        "costofgoodssold": 265000000,
        "costofservices": 7052000000,
        "interestandotherfinancialcharges": 3938000000,
        "investmentcontractsinsurancelossesandinsuranceannuitybenefits": 787000000,
        "provisionforloanandleaselosses": 2263000000,
        "costsandexpenses": 5733000000,
        "costandexpensesall": 12986000000,
        "incomelossfromcontinuingoperationsbeforeincometaxesminorityinterestandincomelossfromequitymethodinvestments": 185000000,
        "incometaxexpensebenefit": -357000000,
        "incomelossfromcontinuingoperationsincludingportionattributabletononcontrollinginterest": 542000000,
        "incomelossfromdiscontinuedoperationsnetoftax": -387000000,
        "profitloss": 155000000,
        "netincomelossattributabletononcontrollinginterest": 3000000,
        "netincomeloss": 152000000,
        "preferredstockdividends": 75000000,
        "netincomelossavailabletocommonstockholdersbasic": 152000000,
        "incomelossfromcontinuingoperations": 539000000,
        "incomelossfromdiscontinuedoperationsnetoftaxattributabletoreportingentity": -387000000,
        "incomelossfromcontinuingoperationsperdilutedshare": 0.21,
        "incomelossfromcontinuingoperationsperbasicshare": 0.21,
        "earningspersharediluted": 0.17,
        "earningspersharebasic": 0.17,
        "commonstockdividendspersharedeclared": 0.1
    },
    {
        "date": "2009-09-29",
        "symbol": "GE",
        "period": "Q3",
        "salesrevenuegoodsnet": 213000000,
        "salesrevenueservicesnet": 10639000000,
        "nonoperatingincomeexpense": 476000000,
        "incomelossfromcontinuingoperationsgecs": 133000000,
        "financialservicesrevenue": 12533000000,
        "revenues": 12746000000,
        "costofgoodssold": 181000000,
        "costofservices": 6897000000,
        "interestandotherfinancialcharges": 4128000000,
        "investmentcontractsinsurancelossesandinsuranceannuitybenefits": 785000000,
        "provisionforloanandleaselosses": 2868000000,
        "costsandexpenses": 5781000000,
        "costandexpensesall": 13743000000,
        "incomelossfromcontinuingoperationsbeforeincometaxesminorityinterestandincomelossfromequitymethodinvestments": -997000000,
        "incometaxexpensebenefit": -1138000000,
        "incomelossfromcontinuingoperationsincludingportionattributabletononcontrollinginterest": 141000000,
        "incomelossfromdiscontinuedoperationsnetoftax": 40000000,
        "profitloss": 181000000,
        "netincomelossattributabletononcontrollinginterest": 8000000,
        "netincomeloss": 173000000,
        "preferredstockdividends": 75000000,
        "netincomelossavailabletocommonstockholdersbasic": 173000000,
        "incomelossfromcontinuingoperations": 133000000,
        "incomelossfromdiscontinuedoperationsnetoftaxattributabletoreportingentity": 40000000,
        "incomelossfromcontinuingoperationsperdilutedshare": 0.22,
        "incomelossfromcontinuingoperationsperbasicshare": 0.22,
        "earningspersharediluted": 0.23,
        "earningspersharebasic": 0.23,
        "commonstockdividendspersharedeclared": 0.1
    },
    {
        "date": "2009-06-29",
        "symbol": "GE",
        "period": "Q2",
        "salesrevenuegoodsnet": 205000000,
        "salesrevenueservicesnet": 10311000000,
        "nonoperatingincomeexpense": 80000000,
        "incomelossfromcontinuingoperationsgecs": 349000000,
        "financialservicesrevenue": 13226000000,
        "revenues": 13431000000,
        "costofgoodssold": 164000000,
        "costofservices": 6493000000,
        "interestandotherfinancialcharges": 4468000000,
        "investmentcontractsinsurancelossesandinsuranceannuitybenefits": 823000000,
        "provisionforloanandleaselosses": 2817000000,
        "costsandexpenses": 5471000000,
        "costandexpensesall": 13743000000,
        "incomelossfromcontinuingoperationsbeforeincometaxesminorityinterestandincomelossfromequitymethodinvestments": -312000000,
        "incometaxexpensebenefit": -678000000,
        "incomelossfromcontinuingoperationsincludingportionattributabletononcontrollinginterest": 366000000,
        "incomelossfromdiscontinuedoperationsnetoftax": -193000000,
        "profitloss": 173000000,
        "netincomelossattributabletononcontrollinginterest": 17000000,
        "netincomeloss": 156000000,
        "preferredstockdividends": 75000000,
        "netincomelossavailabletocommonstockholdersbasic": 156000000,
        "incomelossfromcontinuingoperations": 349000000,
        "incomelossfromdiscontinuedoperationsnetoftaxattributabletoreportingentity": -193000000,
        "incomelossfromcontinuingoperationsperdilutedshare": 0.26,
        "incomelossfromcontinuingoperationsperbasicshare": 0.26,
        "earningspersharediluted": 0.24,
        "earningspersharebasic": 0.24,
        "commonstockdividendspersharedeclared": 0.1
    }
]