[
    {
        "date": "2024-09-29",
        "symbol": "LYV",
        "period": "Q3",
        "revenues": -13557000,
        "directoperatingcosts": 5780188000,
        "sellinggeneralandadministrativeexpense": 1005418000,
        "depreciationandamortization": 137001000,
        "gainlossonsaleofotherassets": 3968000,
        "othergeneralexpense": 92923000,
        "operatingincomeloss": 639525000,
        "interestexpense": 87961000,
        "investmentincomeinterest": 36067000,
        "incomelossfromequitymethodinvestments": -13987000,
        "othernonoperatingincomeexpense": 12268000,
        "incomelossfromcontinuingoperationsbeforeincometaxesextraordinaryitemsnoncontrollinginterest": 585912000,
        "incometaxexpensebenefit": 70229000,
        "profitloss": 515683000,
        "netincomelossattributabletononcontrollinginterest": 63878000,
        "netincomeloss": 451805000,
        "earningspersharebasic": 1.72,
        "earningspersharediluted": 1.66,
        "weightedaveragenumberofsharesoutstandingbasic": 230374307,
        "weightedaveragenumberofdilutedsharesoutstanding": 245319968,
        "temporaryequityaccretiontoredemptionvalueadjustment": 54536000,
        "netincomelossavailabletocommonstockholdersbasic": 397269000,
        "interestonconvertibledebtnetoftax": 10790000,
        "netincomelossavailabletocommonstockholdersdiluted": 408059000,
        "othercomprehensiveincomelosscashflowhedgegainlossbeforereclassificationaftertax": -8062000,
        "othercomprehensiveincomelosscashflowhedgegainlossreclassificationaftertax": 4878000,
        "othercomprehensiveincomelossforeigncurrencytransactionandtranslationadjustmentnetoftax": -38915000,
        "comprehensiveincomenetoftaxincludingportionattributabletononcontrollinginterest": 463828000,
        "comprehensiveincomenetoftaxattributabletononcontrollinginterest": 63878000,
        "comprehensiveincomenetoftax": 399950000
    },
    {
        "date": "2024-06-29",
        "symbol": "LYV",
        "period": "Q2",
        "revenues": 6023416000,
        "directoperatingcosts": 4408209000,
        "sellinggeneralandadministrativeexpense": 926222000,
        "depreciationandamortization": 137729000,
        "gainlossonsaleofotherassets": 779000,
        "othergeneralexpense": 86216000,
        "operatingincomeloss": 465819000,
        "interestexpense": 79970000,
        "investmentincomeinterest": 44425000,
        "incomelossfromequitymethodinvestments": 5376000,
        "othernonoperatingincomeexpense": 20742000,
        "incomelossfromcontinuingoperationsbeforeincometaxesextraordinaryitemsnoncontrollinginterest": 456392000,
        "incometaxexpensebenefit": 80164000,
        "profitloss": 376228000,
        "netincomelossattributabletononcontrollinginterest": 78258000,
        "netincomeloss": 297970000,
        "earningspersharebasic": 1.05,
        "earningspersharediluted": 1.03,
        "weightedaveragenumberofsharesoutstandingbasic": 229921527,
        "weightedaveragenumberofdilutedsharesoutstanding": 245002995,
        "temporaryequityaccretiontoredemptionvalueadjustment": 57325000,
        "netincomelossavailabletocommonstockholdersbasic": 240645000,
        "interestonconvertibledebtnetoftax": 10790000,
        "netincomelossavailabletocommonstockholdersdiluted": 251435000,
        "othercomprehensiveincomelosscashflowhedgegainlossbeforereclassificationaftertax": 3013000,
        "othercomprehensiveincomelosscashflowhedgegainlossreclassificationaftertax": 4762000,
        "othercomprehensiveincomelossforeigncurrencytransactionandtranslationadjustmentnetoftax": -156825000,
        "comprehensiveincomenetoftaxincludingportionattributabletononcontrollinginterest": 217654000,
        "comprehensiveincomenetoftaxattributabletononcontrollinginterest": 78258000,
        "comprehensiveincomenetoftax": 139396000
    },
    {
        "date": "2024-03-30",
        "symbol": "LYV",
        "period": "Q1",
        "revenues": 3799529000,
        "directoperatingcosts": 2646457000,
        "sellinggeneralandadministrativeexpense": 981559000,
        "depreciationandamortization": 132594000,
        "gainlossonsaleofotherassets": 651000,
        "othergeneralexpense": 76077000,
        "operatingincomeloss": -36507000,
        "interestexpense": 80691000,
        "investmentincomeinterest": 43257000,
        "incomelossfromequitymethodinvestments": 84000,
        "othernonoperatingincomeexpense": 77054000,
        "incomelossfromcontinuingoperationsbeforeincometaxesextraordinaryitemsnoncontrollinginterest": 3197000,
        "incometaxexpensebenefit": 35414000,
        "profitloss": -32217000,
        "netincomelossattributabletononcontrollinginterest": 14516000,
        "netincomeloss": -46733000,
        "earningspersharebasic": -0.53,
        "earningspersharediluted": -0.53,
        "weightedaveragenumberofsharesoutstandingbasic": 229471184,
        "weightedaveragenumberofdilutedsharesoutstanding": 229471184,
        "temporaryequityaccretiontoredemptionvalueadjustment": 75109000,
        "netincomelossavailabletocommonstockholdersbasic": -121842000,
        "netincomelossavailabletocommonstockholdersdiluted": -121842000,
        "othercomprehensiveincomelosscashflowhedgegainlossbeforereclassificationaftertax": 8369000,
        "othercomprehensiveincomelosscashflowhedgegainlossreclassificationaftertax": 4730000,
        "othercomprehensiveincomelossforeigncurrencytransactionandtranslationadjustmentnetoftax": 4729000,
        "comprehensiveincomenetoftaxincludingportionattributabletononcontrollinginterest": -23849000,
        "comprehensiveincomenetoftaxattributabletononcontrollinginterest": 14516000,
        "comprehensiveincomenetoftax": -38365000
    },
    {
        "date": "2023-12-30",
        "symbol": "LYV",
        "period": "Q4",
        "revenues": 5838941000,
        "directoperatingcosts": 4681184000,
        "sellinggeneralandadministrativeexpense": 1024101000,
        "depreciationandamortization": 134445000,
        "othergeneralexpense": 86522000,
        "operatingincomeloss": -81476000,
        "interestexpense": 92819000,
        "investmentincomeinterest": 62946000,
        "incomelossfromequitymethodinvestments": -20502000,
        "incomelossfromcontinuingoperationsbeforeincometaxesextraordinaryitemsnoncontrollinginterest": -143028000,
        "incometaxexpensebenefit": 38865000,
        "profitloss": -181893000,
        "netincomelossattributabletononcontrollinginterest": 28835000,
        "netincomeloss": -210728000,
        "earningspersharebasic": -1.25,
        "earningspersharediluted": -1.2199999999999998,
        "weightedaveragenumberofsharesoutstandingbasic": 228628390,
        "temporaryequityaccretiontoredemptionvalueadjustment": 75002000,
        "netincomelossavailabletocommonstockholdersbasic": -285730000,
        "othercomprehensiveincomelosscashflowhedgegainlossbeforereclassificationaftertax": -8777000,
        "othercomprehensiveincomelosscashflowhedgegainlossreclassificationaftertax": 4722000,
        "othercomprehensiveincomelossforeigncurrencytransactionandtranslationadjustmentnetoftax": 28707000,
        "comprehensiveincomenetoftaxincludingportionattributabletononcontrollinginterest": -166685000,
        "comprehensiveincomenetoftaxattributabletononcontrollinginterest": 28835000,
        "comprehensiveincomenetoftax": -195520000
    },
    {
        "date": "2023-09-29",
        "symbol": "LYV",
        "period": "Q3",
        "revenues": 8152019000,
        "directoperatingcosts": 6330465000,
        "sellinggeneralandadministrativeexpense": 974150000,
        "depreciationandamortization": 130653000,
        "gainlossonsaleofotherassets": 1583000,
        "othergeneralexpense": 99802000,
        "operatingincomeloss": 618532000,
        "interestexpense": 86215000,
        "investmentincomeinterest": 78107000,
        "incomelossfromequitymethodinvestments": 5382000,
        "incomelossfromcontinuingoperationsbeforeincometaxesextraordinaryitemsnoncontrollinginterest": 596555000,
        "incometaxexpensebenefit": 55874000,
        "profitloss": 540681000,
        "netincomelossattributabletononcontrollinginterest": 57186000,
        "netincomeloss": 483495000,
        "earningspersharebasic": 1.8399999999999999,
        "earningspersharediluted": 1.8199999999999998,
        "weightedaveragenumberofsharesoutstandingbasic": -228201298,
        "temporaryequityaccretiontoredemptionvalueadjustment": 60882000,
        "netincomelossavailabletocommonstockholdersbasic": 422613000,
        "othercomprehensiveincomelosscashflowhedgegainlossbeforereclassificationaftertax": 6293000,
        "othercomprehensiveincomelosscashflowhedgegainlossreclassificationaftertax": 4632000,
        "othercomprehensiveincomelossforeigncurrencytransactionandtranslationadjustmentnetoftax": -48672000,
        "comprehensiveincomenetoftaxincludingportionattributabletononcontrollinginterest": 493670000,
        "comprehensiveincomenetoftaxattributabletononcontrollinginterest": 57186000,
        "comprehensiveincomenetoftax": 436484000
    },
    {
        "date": "2023-06-29",
        "symbol": "LYV",
        "period": "Q2",
        "revenues": 5630723000,
        "directoperatingcosts": 4164778000,
        "sellinggeneralandadministrativeexpense": 868595000,
        "depreciationandamortization": 136514000,
        "gainlossonsaleofotherassets": 7013000,
        "othergeneralexpense": 81478000,
        "operatingincomeloss": 386371000,
        "interestexpense": 81995000,
        "investmentincomeinterest": 56452000,
        "incomelossfromequitymethodinvestments": 5558000,
        "othernonoperatingincomeexpense": 6599000,
        "incomelossfromcontinuingoperationsbeforeincometaxesextraordinaryitemsnoncontrollinginterest": 372985000,
        "incometaxexpensebenefit": 41648000,
        "profitloss": 331337000,
        "netincomelossattributabletononcontrollinginterest": 37655000,
        "netincomeloss": 293682000,
        "earningspersharebasic": 1.04,
        "earningspersharediluted": 1.02,
        "weightedaveragenumberofsharesoutstandingbasic": 228536179,
        "weightedaveragenumberofdilutedsharesoutstanding": 243660186,
        "temporaryequityaccretiontoredemptionvalueadjustment": 56621000,
        "netincomelossavailabletocommonstockholdersbasic": 237061000,
        "interestonconvertibledebtnetoftax": 10804000,
        "netincomelossavailabletocommonstockholdersdiluted": 247865000,
        "othercomprehensiveincomelosscashflowhedgegainlossbeforereclassificationaftertax": 11658000,
        "othercomprehensiveincomelosscashflowhedgegainlossreclassificationaftertax": 4256000,
        "othercomprehensiveincomelossforeigncurrencytransactionandtranslationadjustmentnetoftax": 69276000,
        "comprehensiveincomenetoftaxincludingportionattributabletononcontrollinginterest": 408015000,
        "comprehensiveincomenetoftaxattributabletononcontrollinginterest": 37655000,
        "comprehensiveincomenetoftax": 370360000
    },
    {
        "date": "2023-03-30",
        "symbol": "LYV",
        "period": "Q1",
        "revenues": 3127390000,
        "directoperatingcosts": 2115589000,
        "sellinggeneralandadministrativeexpense": 690321000,
        "depreciationandamortization": 115185000,
        "gainlossonsaleofotherassets": -504000,
        "othergeneralexpense": 63015000,
        "operatingincomeloss": 142776000,
        "interestexpense": 89215000,
        "gainlossonrepurchaseofdebtinstrument": -18366000,
        "investmentincomeinterest": 40313000,
        "incomelossfromequitymethodinvestments": 4107000,
        "othernonoperatingexpense": 11583000,
        "incomelossfromcontinuingoperationsbeforeincometaxesextraordinaryitemsnoncontrollinginterest": 68032000,
        "incometaxexpensebenefit": 23840000,
        "profitloss": 44192000,
        "netincomelossattributabletononcontrollinginterest": 47361000,
        "netincomeloss": -3169000,
        "earningspersharebasic": -0.25,
        "earningspersharediluted": -0.25,
        "weightedaveragenumberofsharesoutstandingbasic": 228162831,
        "temporaryequityaccretiontoredemptionvalueadjustment": 54933000,
        "netincomelossavailabletocommonstockholdersbasic": -58102000,
        "othercomprehensiveincomelosscashflowhedgegainlossbeforereclassificationaftertax": -3949000,
        "othercomprehensiveincomelosscashflowhedgegainlossreclassificationaftertax": 3548000,
        "othercomprehensiveincomelossforeigncurrencytransactionandtranslationadjustmentnetoftax": 80148000,
        "comprehensiveincomenetoftaxincludingportionattributabletononcontrollinginterest": 116843000,
        "comprehensiveincomenetoftaxattributabletononcontrollinginterest": 47361000,
        "comprehensiveincomenetoftax": 69482000
    },
    {
        "date": "2022-12-30",
        "symbol": "LYV",
        "period": "Q4",
        "revenues": 11065786000,
        "directoperatingcosts": 3291631000,
        "sellinggeneralandadministrativeexpense": 907579000,
        "depreciationandamortization": 131487000,
        "gainlossondispositionofassets": -473000,
        "othergeneralexpense": 79457000,
        "operatingincomeloss": -119890000,
        "interestexpense": 72761000,
        "investmentincomeinterest": 31055000,
        "incomelossfromequitymethodinvestments": 18611000,
        "othernonoperatingincomeexpense": -13981000,
        "incomelossfromcontinuingoperationsbeforeincometaxesextraordinaryitemsnoncontrollinginterest": -156966000,
        "incometaxexpensebenefit": 10665000,
        "profitloss": -167631000,
        "netincomelossattributabletononcontrollinginterest": 35403000,
        "netincomeloss": -203034000,
        "earningspersharebasic": -1.13,
        "earningspersharediluted": -1.0899999999999999,
        "weightedaveragenumberofsharesoutstandingbasic": 686428,
        "weightedaveragenumberofdilutedsharesoutstanding": -8061054,
        "temporaryequityaccretiontoredemptionvalueadjustment": 49047000,
        "netincomelossavailabletocommonstockholdersbasic": -252081000,
        "othercomprehensiveincomelosscashflowhedgegainlossbeforereclassificationaftertax": -678000,
        "othercomprehensiveincomelosscashflowhedgegainlossreclassificationaftertax": 2322000,
        "othercomprehensiveincomelossforeigncurrencytransactionandtranslationadjustmentnetoftax": 8198000,
        "comprehensiveincomenetoftaxincludingportionattributabletononcontrollinginterest": -103824000,
        "comprehensiveincomenetoftaxattributabletononcontrollinginterest": 35403000,
        "comprehensiveincomenetoftax": -139227000
    },
    {
        "date": "2022-09-29",
        "symbol": "LYV",
        "period": "Q3",
        "revenues": 6153535000,
        "directoperatingcosts": 4707848000,
        "sellinggeneralandadministrativeexpense": 805910000,
        "depreciationandamortization": 102093000,
        "gainlossondispositionofassets": 35285000,
        "othergeneralexpense": 66720000,
        "operatingincomeloss": 506249000,
        "interestexpense": 70514000,
        "investmentincomeinterest": 25809000,
        "incomelossfromequitymethodinvestments": -14283000,
        "gainlossoninvestments": 0,
        "othernonoperatingincomeexpense": -7960000,
        "incomelossfromcontinuingoperationsbeforeincometaxesextraordinaryitemsnoncontrollinginterest": 439301000,
        "incometaxexpensebenefit": 41898000,
        "profitloss": 397403000,
        "netincomelossattributabletononcontrollinginterest": 36001000,
        "netincomeloss": 361402000,
        "earningspersharebasic": 1.4900000000000002,
        "earningspersharediluted": 1.46,
        "weightedaveragenumberofsharesoutstandingbasic": -222441942,
        "weightedaveragenumberofdilutedsharesoutstanding": -225907469,
        "temporaryequityaccretiontoredemptionvalueadjustment": 29449000,
        "netincomelossavailabletocommonstockholdersbasic": 331953000,
        "othercomprehensiveincomelosscashflowhedgegainlossbeforereclassificationaftertax": 18522000,
        "othercomprehensiveincomelosscashflowhedgegainlossreclassificationaftertax": 515000,
        "othercomprehensiveincomelossforeigncurrencytransactionandtranslationadjustmentnetoftax": -42319000,
        "comprehensiveincomenetoftaxincludingportionattributabletononcontrollinginterest": 373091000,
        "comprehensiveincomenetoftaxattributabletononcontrollinginterest": 36001000,
        "comprehensiveincomenetoftax": 337090000
    },
    {
        "date": "2022-06-29",
        "symbol": "LYV",
        "period": "Q2",
        "revenues": 4434174000,
        "directoperatingcosts": 3267023000,
        "sellinggeneralandadministrativeexpense": 672213000,
        "depreciationandamortization": 115927000,
        "gainlossondispositionofassets": -1065000,
        "othergeneralexpense": 59247000,
        "operatingincomeloss": 318699000,
        "interestexpense": 68435000,
        "investmentincomeinterest": 13192000,
        "incomelossfromequitymethodinvestments": 1955000,
        "gainlossoninvestments": 580000,
        "othernonoperatingincomeexpense": -5619000,
        "incomelossfromcontinuingoperationsbeforeincometaxesextraordinaryitemsnoncontrollinginterest": 260372000,
        "incometaxexpensebenefit": 31995000,
        "profitloss": 228377000,
        "netincomelossattributabletononcontrollinginterest": 40577000,
        "netincomeloss": 187800000,
        "earningspersharebasic": 0.69,
        "earningspersharediluted": 0.66,
        "weightedaveragenumberofsharesoutstandingbasic": 224674447,
        "weightedaveragenumberofdilutedsharesoutstanding": 243634764,
        "temporaryequityaccretiontoredemptionvalueadjustment": 32560000,
        "netincomelossavailabletocommonstockholdersbasic": 155240000,
        "interestonconvertibledebtnetoftax": 6365000,
        "netincomelossavailabletocommonstockholdersdiluted": 161605000,
        "othercomprehensiveincomelosscashflowhedgegainlossbeforereclassificationaftertax": 7687000,
        "othercomprehensiveincomelosscashflowhedgegainlossreclassificationaftertax": -1247000,
        "othercomprehensiveincomelossforeigncurrencytransactionandtranslationadjustmentnetoftax": -54164000,
        "comprehensiveincomenetoftaxincludingportionattributabletononcontrollinginterest": 183147000,
        "comprehensiveincomenetoftaxattributabletononcontrollinginterest": 40577000,
        "comprehensiveincomenetoftax": 142570000
    },
    {
        "date": "2022-03-30",
        "symbol": "LYV",
        "period": "Q1",
        "revenues": 1802808000,
        "directoperatingcosts": 1071022000,
        "sellinggeneralandadministrativeexpense": 570182000,
        "depreciationandamortization": 100469000,
        "gainlossondispositionofassets": -1665000,
        "othergeneralexpense": 32410000,
        "operatingincomeloss": 27060000,
        "interestexpense": 66773000,
        "investmentincomeinterest": 7564000,
        "incomelossfromequitymethodinvestments": 4288000,
        "gainlossoninvestments": -132000,
        "othernonoperatingincomeexpense": -9267000,
        "incomelossfromcontinuingoperationsbeforeincometaxesextraordinaryitemsnoncontrollinginterest": -37260000,
        "incometaxexpensebenefit": 11696000,
        "profitloss": -48956000,
        "netincomelossattributabletononcontrollinginterest": 1226000,
        "netincomeloss": -50182000,
        "earningspersharebasic": -0.39,
        "earningspersharediluted": -0.39,
        "weightedaveragenumberofsharesoutstandingbasic": 221890625,
        "weightedaveragenumberofdilutedsharesoutstanding": 221890625,
        "temporaryequityaccretiontoredemptionvalueadjustment": 35714000,
        "netincomelossavailabletocommonstockholdersbasic": -85896000,
        "othercomprehensiveincomelosscashflowhedgegainlossbeforereclassificationaftertax": 23969000,
        "othercomprehensiveincomelosscashflowhedgegainlossreclassificationaftertax": -1902000,
        "othercomprehensiveincomelossforeigncurrencytransactionandtranslationadjustmentnetoftax": 37752000,
        "comprehensiveincomenetoftaxincludingportionattributabletononcontrollinginterest": 14667000,
        "comprehensiveincomenetoftaxattributabletononcontrollinginterest": 1226000,
        "comprehensiveincomenetoftax": 13441000
    },
    {
        "date": "2021-12-30",
        "symbol": "LYV",
        "period": "Q4",
        "revenues": 5053432000,
        "directoperatingcosts": 311000,
        "sellinggeneralandadministrativeexpense": -2394000,
        "depreciationandamortization": 4020000,
        "gainlossondispositionofassets": 108000,
        "othergeneralexpense": 60233000,
        "operatingincomeloss": -64255000,
        "interestexpense": 72294000,
        "investmentincomeinterest": 2672000,
        "incomelossfromequitymethodinvestments": -2088000,
        "gainlossoninvestments": -1995000,
        "othernonoperatingincomeexpense": 18204000,
        "incomelossfromcontinuingoperationsbeforeincometaxesextraordinaryitemsnoncontrollinginterest": -180047000,
        "incometaxexpensebenefit": -17576000,
        "profitloss": -162471000,
        "netincomelossattributabletononcontrollinginterest": 32453000,
        "netincomeloss": -194924000,
        "temporaryequityaccretiontoredemptionvalueadjustment": 15561000,
        "netincomelossavailabletocommonstockholdersbasic": -210485000,
        "othercomprehensiveincomelosscashflowhedgegainlossbeforereclassificationaftertax": 5040000,
        "othercomprehensiveincomelosscashflowhedgegainlossreclassificationaftertax": -1972000,
        "othercomprehensiveincomelossforeigncurrencytransactionandtranslationadjustmentnetoftax": 16017000,
        "comprehensiveincomenetoftaxincludingportionattributabletononcontrollinginterest": -139438000,
        "comprehensiveincomenetoftaxattributabletononcontrollinginterest": 32453000,
        "comprehensiveincomenetoftax": -171891000
    },
    {
        "date": "2021-09-29",
        "symbol": "LYV",
        "period": "Q3",
        "revenues": 2698722000,
        "directoperatingcosts": 1969912000,
        "sellinggeneralandadministrativeexpense": 446929000,
        "depreciationandamortization": 101235000,
        "gainlossondispositionofassets": 1148000,
        "othergeneralexpense": 44649000,
        "operatingincomeloss": 137145000,
        "interestexpense": 70407000,
        "investmentincomeinterest": 1333000,
        "incomelossfromequitymethodinvestments": 7025000,
        "gainlossoninvestments": 30633000,
        "othernonoperatingincomeexpense": -12441000,
        "incomelossfromcontinuingoperationsbeforeincometaxesextraordinaryitemsnoncontrollinginterest": 93288000,
        "incometaxexpensebenefit": 6421000,
        "profitloss": 86867000,
        "netincomelossattributabletononcontrollinginterest": 39989000,
        "netincomeloss": 46878000,
        "earningspersharebasic": 0.2,
        "earningspersharediluted": 0.19,
        "weightedaveragenumberofsharesoutstandingbasic": 216888355,
        "weightedaveragenumberofdilutedsharesoutstanding": 223800400,
        "temporaryequityaccretiontoredemptionvalueadjustment": 4245000,
        "netincomelossavailabletocommonstockholdersbasic": 42633000,
        "othercomprehensiveincomelosscashflowhedgegainlossbeforereclassificationaftertax": 852000,
        "othercomprehensiveincomelosscashflowhedgegainlossreclassificationaftertax": -1991000,
        "othercomprehensiveincomelossforeigncurrencytransactionandtranslationadjustmentnetoftax": -12008000,
        "comprehensiveincomenetoftaxincludingportionattributabletononcontrollinginterest": 77702000,
        "comprehensiveincomenetoftaxattributabletononcontrollinginterest": 39989000,
        "comprehensiveincomenetoftax": 37713000
    },
    {
        "date": "2021-06-29",
        "symbol": "LYV",
        "period": "Q2",
        "revenues": 575946000,
        "directoperatingcosts": 243120000,
        "sellinggeneralandadministrativeexpense": 328894000,
        "depreciationandamortization": 103647000,
        "gainlossondispositionofassets": 28000,
        "othergeneralexpense": 27598000,
        "operatingincomeloss": -127285000,
        "interestexpense": 68909000,
        "investmentincomeinterest": 1471000,
        "incomelossfromequitymethodinvestments": -2998000,
        "gainlossoninvestments": -993000,
        "othernonoperatingincomeexpense": -9461000,
        "incomelossfromcontinuingoperationsbeforeincometaxesextraordinaryitemsnoncontrollinginterest": -208175000,
        "incometaxexpensebenefit": 2285000,
        "profitloss": -210460000,
        "netincomelossattributabletononcontrollinginterest": -14795000,
        "netincomeloss": -195665000,
        "earningspersharebasic": -0.9,
        "weightedaveragenumberofshareoutstandingbasicanddiluted": 215702508,
        "temporaryequityaccretiontoredemptionvalueadjustment": -951000,
        "netincomelossavailabletocommonstockholdersbasic": -194714000,
        "othercomprehensiveincomelosscashflowhedgegainlossbeforereclassificationaftertax": -5788000,
        "othercomprehensiveincomelosscashflowhedgegainlossreclassificationaftertax": -1946000,
        "othercomprehensiveincomelossforeigncurrencytransactionandtranslationadjustmentnetoftax": 15226000,
        "comprehensiveincomenetoftaxincludingportionattributabletononcontrollinginterest": -199076000,
        "comprehensiveincomenetoftaxattributabletononcontrollinginterest": -14795000,
        "comprehensiveincomenetoftax": -184281000
    },
    {
        "date": "2021-03-30",
        "symbol": "LYV",
        "period": "Q1",
        "revenues": 290609000,
        "directoperatingcosts": 133966000,
        "sellinggeneralandadministrativeexpense": 322853000,
        "depreciationandamortization": 108876000,
        "gainlossondispositionofassets": -138000,
        "othergeneralexpense": 27948000,
        "operatingincomeloss": -303172000,
        "interestexpense": 70830000,
        "investmentincomeinterest": 1149000,
        "incomelossfromequitymethodinvestments": 581000,
        "gainlossoninvestments": 55933000,
        "othernonoperatingincomeexpense": 6000,
        "incomelossfromcontinuingoperationsbeforeincometaxesextraordinaryitemsnoncontrollinginterest": -316333000,
        "incometaxexpensebenefit": 6389000,
        "profitloss": -322722000,
        "netincomelossattributabletononcontrollinginterest": -15529000,
        "netincomeloss": -307193000,
        "earningspersharebasic": -1.44,
        "weightedaveragenumberofshareoutstandingbasicanddiluted": 214531958,
        "temporaryequityaccretiontoredemptionvalueadjustment": 916000,
        "netincomelossavailabletocommonstockholdersbasic": -308109000,
        "othercomprehensiveincomelosscashflowhedgegainlossbeforereclassificationaftertax": 15096000,
        "othercomprehensiveincomelosscashflowhedgegainlossreclassificationaftertax": -1916000,
        "othercomprehensiveincomelossforeigncurrencytransactionandtranslationadjustmentnetoftax": -13219000,
        "comprehensiveincomenetoftaxincludingportionattributabletononcontrollinginterest": -318929000,
        "comprehensiveincomenetoftaxattributabletononcontrollinginterest": -15529000,
        "comprehensiveincomenetoftax": -303400000
    },
    {
        "date": "2020-12-30",
        "symbol": "LYV",
        "period": "Q4",
        "revenues": 237383000,
        "directoperatingcosts": 203274000,
        "sellinggeneralandadministrativeexpense": 281035000,
        "depreciationandamortization": 120240000,
        "gainlossondispositionofassets": 394000,
        "othergeneralexpense": 21242000,
        "operatingincomeloss": -388014000,
        "interestexpense": 64051000,
        "investmentincomeinterest": 2025000,
        "incomelossfromequitymethodinvestments": 1198000,
        "othernonoperatingincomeexpense": 5558000,
        "incomelossfromcontinuingoperationsbeforeincometaxesextraordinaryitemsnoncontrollinginterest": -443284000,
        "incometaxexpensebenefit": 20542000,
        "profitloss": -463826000,
        "netincomelossattributabletononcontrollinginterest": -20494000,
        "netincomeloss": -443332000,
        "temporaryequityaccretiontoredemptionvalueadjustment": -7135000,
        "netincomelossavailabletocommonstockholdersbasic": -436197000,
        "othercomprehensiveincomelosscashflowhedgegainlossbeforereclassificationaftertax": 2156000,
        "othercomprehensiveincomelossforeigncurrencytransactionandtranslationadjustmentnetoftax": 41157000,
        "comprehensiveincomenetoftaxincludingportionattributabletononcontrollinginterest": -418618000,
        "comprehensiveincomenetoftaxattributabletononcontrollinginterest": -20494000,
        "comprehensiveincomenetoftax": -398124000
    },
    {
        "date": "2020-09-29",
        "symbol": "LYV",
        "period": "Q3",
        "revenues": 184018000,
        "directoperatingcosts": 130749000,
        "sellinggeneralandadministrativeexpense": 405934000,
        "depreciationandamortization": 119938000,
        "gainlossondispositionofassets": -208000,
        "othergeneralexpense": 31630000,
        "operatingincomeloss": -504441000,
        "interestexpense": 66093000,
        "investmentincomeinterest": 2810000,
        "incomelossfromequitymethodinvestments": -2615000,
        "othernonoperatingincomeexpense": 10977000,
        "incomelossfromcontinuingoperationsbeforeincometaxesextraordinaryitemsnoncontrollinginterest": -559362000,
        "incometaxexpensebenefit": -16904000,
        "profitloss": -542458000,
        "netincomelossattributabletononcontrollinginterest": -13556000,
        "netincomeloss": -528902000,
        "earningspersharebasic": -2.45,
        "earningspersharediluted": -2.45,
        "weightedaveragenumberofsharesoutstandingbasic": 212593719,
        "weightedaveragenumberofdilutedsharesoutstanding": 212593719,
        "temporaryequityaccretiontoredemptionvalueadjustment": -6990000,
        "netincomelossavailabletocommonstockholdersbasic": -521912000,
        "netincomelossavailabletocommonstockholdersdiluted": -521912000,
        "othercomprehensiveincomelosscashflowhedgegainlossbeforereclassificationaftertax": -2249000,
        "othercomprehensiveincomelosscashflowhedgegainlossreclassificationaftertax": -1854000,
        "othercomprehensiveincomelossforeigncurrencytransactionandtranslationadjustmentnetoftax": 21983000,
        "comprehensiveincomenetoftaxincludingportionattributabletononcontrollinginterest": -520870000,
        "comprehensiveincomenetoftaxattributabletononcontrollinginterest": -13556000,
        "comprehensiveincomenetoftax": -507314000
    },
    {
        "date": "2020-06-29",
        "symbol": "LYV",
        "period": "Q2",
        "revenues": 74084000,
        "directoperatingcosts": 194557000,
        "sellinggeneralandadministrativeexpense": 323352000,
        "depreciationandamortization": 122767000,
        "gainlossondispositionofassets": -559000,
        "othergeneralexpense": 20916000,
        "operatingincomeloss": -588067000,
        "interestexpense": 52689000,
        "investmentincomeinterest": 2429000,
        "incomelossfromequitymethodinvestments": -6613000,
        "othernonoperatingincomeexpense": 5173000,
        "incomelossfromcontinuingoperationsbeforeincometaxesextraordinaryitemsnoncontrollinginterest": -639767000,
        "incometaxexpensebenefit": -29183000,
        "profitloss": -610584000,
        "netincomelossattributabletononcontrollinginterest": -43067000,
        "netincomeloss": -567517000,
        "earningspersharebasic": -2.67,
        "earningspersharediluted": -2.67,
        "weightedaveragenumberofsharesoutstandingbasic": 211693923,
        "weightedaveragenumberofdilutedsharesoutstanding": 211693923,
        "temporaryequityaccretiontoredemptionvalueadjustment": -1595000,
        "netincomelossavailabletocommonstockholdersbasic": -565922000,
        "netincomelossavailabletocommonstockholdersdiluted": -565922000,
        "othercomprehensiveincomelosscashflowhedgegainlossbeforereclassificationaftertax": -5765000,
        "othercomprehensiveincomelosscashflowhedgegainlossreclassificationaftertax": -1353000,
        "othercomprehensiveincomelossforeigncurrencytransactionandtranslationadjustmentnetoftax": 19933000,
        "comprehensiveincomenetoftaxincludingportionattributabletononcontrollinginterest": -595063000,
        "comprehensiveincomenetoftaxattributabletononcontrollinginterest": -43067000,
        "comprehensiveincomenetoftax": -551996000
    },
    {
        "date": "2020-03-30",
        "symbol": "LYV",
        "period": "Q1",
        "revenues": 1365693000,
        "directoperatingcosts": 873820000,
        "sellinggeneralandadministrativeexpense": 514021000,
        "depreciationandamortization": 122080000,
        "gainlossondispositionofassets": -130000,
        "othergeneralexpense": 28312000,
        "operatingincomeloss": -172670000,
        "interestexpense": 43999000,
        "investmentincomeinterest": 4473000,
        "incomelossfromequitymethodinvestments": 2572000,
        "othernonoperatingincomeexpense": -4628000,
        "incomelossfromcontinuingoperationsbeforeincometaxesextraordinaryitemsnoncontrollinginterest": -214252000,
        "incometaxexpensebenefit": -3330000,
        "profitloss": -210922000,
        "netincomelossattributabletononcontrollinginterest": -26138000,
        "netincomeloss": -184784000,
        "earningspersharebasic": -0.94,
        "weightedaveragenumberofshareoutstandingbasicanddiluted": 211048294,
        "temporaryequityaccretiontoredemptionvalueadjustment": 14540000,
        "netincomelossavailabletocommonstockholdersbasic": -199324000,
        "othercomprehensiveincomelosscashflowhedgegainlossbeforereclassificationaftertax": -30831000,
        "othercomprehensiveincomelossforeigncurrencytransactionandtranslationadjustmentnetoftax": -82782000,
        "comprehensiveincomenetoftaxincludingportionattributabletononcontrollinginterest": -324535000,
        "comprehensiveincomenetoftaxattributabletononcontrollinginterest": -26138000,
        "comprehensiveincomenetoftax": -298397000
    },
    {
        "date": "2019-12-30",
        "symbol": "LYV",
        "period": "Q4",
        "revenues": 2889448000,
        "directoperatingcosts": 2187735000,
        "sellinggeneralandadministrativeexpense": 624576000,
        "depreciationandamortization": 114947000,
        "gainlossondispositionofassets": 1820000,
        "othergeneralexpense": 46930000,
        "operatingincomeloss": -82920000,
        "interestexpense": 47627000,
        "investmentincomeinterest": 2177000,
        "incomelossfromequitymethodinvestments": -834000,
        "othernonoperatingincomeexpense": -531000,
        "incomelossfromcontinuingoperationsbeforeincometaxesextraordinaryitemsnoncontrollinginterest": -129735000,
        "incometaxexpensebenefit": 6904000,
        "profitloss": -136639000,
        "netincomelossattributabletononcontrollinginterest": 23308000,
        "netincomeloss": -159947000,
        "temporaryequityaccretiontoredemptionvalueadjustment": 25364000,
        "netincomelossavailabletocommonstockholdersbasic": -185311000,
        "othercomprehensiveincomelossforeigncurrencytransactionandtranslationadjustmentnetoftax": 35334000,
        "comprehensiveincomenetoftaxincludingportionattributabletononcontrollinginterest": -101305000,
        "comprehensiveincomenetoftaxattributabletononcontrollinginterest": 23308000,
        "comprehensiveincomenetoftax": -124613000
    },
    {
        "date": "2019-09-29",
        "symbol": "LYV",
        "period": "Q3",
        "revenues": 5500721000,
        "directoperatingcosts": 3840284000,
        "sellinggeneralandadministrativeexpense": 1006639000,
        "depreciationandamortization": 222252000,
        "gainlossondispositionofassets": 450000,
        "othergeneralexpense": 44666000,
        "operatingincomeloss": 275600000,
        "interestexpense": 36587000,
        "investmentincomeinterest": 5863000,
        "incomelossfromequitymethodinvestments": -2681000,
        "othernonoperatingincomeexpense": -5384000,
        "incomelossfromcontinuingoperationsbeforeincometaxesextraordinaryitemsnoncontrollinginterest": 221252000,
        "incometaxexpensebenefit": 27280000,
        "profitloss": 193972000,
        "netincomelossattributabletononcontrollinginterest": 15047000,
        "netincomeloss": 178925000,
        "temporaryequityaccretiontoredemptionvalueadjustment": 23580000,
        "netincomelossavailabletocommonstockholdersbasic": 155345000,
        "othercomprehensiveincomelossforeigncurrencytransactionandtranslationadjustmentnetoftax": -32256000,
        "comprehensiveincomenetoftaxincludingportionattributabletononcontrollinginterest": 161716000,
        "comprehensiveincomenetoftaxattributabletononcontrollinginterest": 15047000,
        "comprehensiveincomenetoftax": 146669000
    },
    {
        "date": "2019-06-29",
        "symbol": "LYV",
        "period": "Q2",
        "profitloss": 116120000,
        "othercomprehensiveincomelossforeigncurrencytransactionandtranslationadjustmentnetoftax": -671000,
        "comprehensiveincomenetoftaxincludingportionattributabletononcontrollinginterest": 115449000,
        "comprehensiveincomenetoftaxattributabletononcontrollinginterest": 12765000,
        "comprehensiveincomenetoftax": 102684000,
        "revenues": 3157009000,
        "directoperatingcosts": 2327414000,
        "sellinggeneralandadministrativeexpense": 513497000,
        "depreciationandamortization": 103826000,
        "gainlossondispositionofassets": 101000,
        "othergeneralexpense": 40787000,
        "operatingincomeloss": 171586000,
        "interestexpense": 36792000,
        "investmentincomeinterest": 3818000,
        "incomelossfromequitymethodinvestments": 5828000,
        "othernonoperatingincomeexpense": 430000,
        "incomelossfromcontinuingoperationsbeforeincometaxesextraordinaryitemsnoncontrollinginterest": 144870000,
        "incometaxexpensebenefit": 28750000,
        "netincomelossattributabletononcontrollinginterest": 12765000,
        "netincomeloss": 103355000,
        "earningspersharebasic": 0.43,
        "earningspersharediluted": 0.41,
        "weightedaveragenumberofshareoutstandingbasicanddiluted": 209998048,
        "weightedaveragenumberofdilutedsharesoutstanding": 219977612,
        "temporaryequityaccretiontoredemptionvalueadjustment": 13515000,
        "netincomelossavailabletocommonstockholdersbasic": 89840000,
        "interestonconvertibledebtnetoftax": 86000,
        "netincomelossavailabletocommonstockholdersdiluted": 89926000
    },
    {
        "date": "2019-03-30",
        "symbol": "LYV",
        "period": "Q1",
        "profitloss": -55241000,
        "othercomprehensiveincomelossforeigncurrencytransactionandtranslationadjustmentnetoftax": -2889000,
        "comprehensiveincomenetoftaxincludingportionattributabletononcontrollinginterest": -58130000,
        "comprehensiveincomenetoftaxattributabletononcontrollinginterest": -2797000,
        "comprehensiveincomenetoftax": -55333000,
        "revenues": 791000,
        "directoperatingcosts": 111749000,
        "sellinggeneralandadministrativeexpense": 774000,
        "depreciationandamortization": 2966000,
        "gainlossondispositionofassets": 2000,
        "othergeneralexpense": 36456000,
        "operatingincomeloss": -39422000,
        "interestexpense": 36515000,
        "investmentincomeinterest": 2548000,
        "incomelossfromequitymethodinvestments": 3144000,
        "othernonoperatingincomeexpense": 3403000,
        "incomelossfromcontinuingoperationsbeforeincometaxesextraordinaryitemsnoncontrollinginterest": -51283000,
        "incometaxexpensebenefit": 3958000,
        "netincomelossattributabletononcontrollinginterest": -2797000,
        "netincomeloss": -52444000,
        "earningspersharebasicanddiluted": -0.31,
        "weightedaveragenumberofshareoutstandingbasicanddiluted": 208908323,
        "temporaryequityaccretiontoredemptionvalueadjustment": 12312000,
        "netincomelossavailabletocommonstockholdersbasic": -64756000
    },
    {
        "date": "2018-12-30",
        "symbol": "LYV",
        "period": "Q4",
        "profitloss": -135185000,
        "othercomprehensiveincomelossforeigncurrencytransactionandtranslationadjustmentnetoftax": -10313000,
        "comprehensiveincomenetoftaxincludingportionattributabletononcontrollinginterest": -145498000,
        "comprehensiveincomenetoftaxattributabletononcontrollinginterest": 12702000,
        "comprehensiveincomenetoftax": -158200000,
        "revenues": 3658336000,
        "directoperatingcosts": 1580000,
        "sellinggeneralandadministrativeexpense": 3501000,
        "depreciationandamortization": 1317000,
        "gainlossondispositionofassets": 11000,
        "othergeneralexpense": 45351000,
        "operatingincomeloss": -46668000,
        "interestexpense": 36779000,
        "investmentincomeinterest": 2813000,
        "incomelossfromequitymethodinvestments": -659000,
        "othernonoperatingincomeexpense": -5130000,
        "incomelossfromcontinuingoperationsbeforeincometaxesextraordinaryitemsnoncontrollinginterest": -130134000,
        "incometaxexpensebenefit": 5051000,
        "netincomelossattributabletononcontrollinginterest": 12702000,
        "netincomeloss": -147887000,
        "temporaryequityaccretiontoredemptionvalueadjustment": 23554000
    },
    {
        "date": "2018-09-29",
        "symbol": "LYV",
        "period": "Q3",
        "profitloss": 183197000,
        "othercomprehensiveincomelossforeigncurrencytransactionandtranslationadjustmentnetoftax": -9081000,
        "comprehensiveincomenetoftaxincludingportionattributabletononcontrollinginterest": 174116000,
        "comprehensiveincomenetoftaxattributabletononcontrollinginterest": 10514000,
        "comprehensiveincomenetoftax": 163602000,
        "revenues": 932000,
        "directoperatingcosts": 2599000,
        "sellinggeneralandadministrativeexpense": 5015000,
        "depreciationandamortization": 1442000,
        "gainlossondispositionofassets": 1000,
        "othergeneralexpense": 42093000,
        "operatingincomeloss": -43534000,
        "interestexpense": 35993000,
        "investmentincomeinterest": 2260000,
        "incomelossfromequitymethodinvestments": 4000,
        "othernonoperatingincomeexpense": -262000,
        "incomelossfromcontinuingoperationsbeforeincometaxesextraordinaryitemsnoncontrollinginterest": 200228000,
        "incometaxexpensebenefit": 17031000,
        "netincomelossattributabletononcontrollinginterest": 10514000,
        "netincomeloss": 172683000,
        "earningspersharebasic": 0.73,
        "earningspersharediluted": 0.7,
        "weightedaveragenumberofsharesoutstandingbasic": 207614413,
        "weightedaveragenumberofdilutedsharesoutstanding": 216788983,
        "temporaryequityaccretiontoredemptionvalueadjustment": 20789000,
        "netincomelossavailabletocommonstockholdersbasic": 151894000,
        "interestonconvertibledebtnetoftax": 319000,
        "netincomelossavailabletocommonstockholdersdiluted": 152213000
    },
    {
        "date": "2018-06-29",
        "symbol": "LYV",
        "period": "Q2",
        "profitloss": 83356000,
        "othercomprehensiveincomelossforeigncurrencytransactionandtranslationadjustmentnetoftax": -33557000,
        "comprehensiveincomenetoftaxincludingportionattributabletononcontrollinginterest": 49799000,
        "comprehensiveincomenetoftaxattributabletononcontrollinginterest": 13997000,
        "comprehensiveincomenetoftax": 35802000,
        "revenues": 1177000,
        "directoperatingcosts": 597000,
        "sellinggeneralandadministrativeexpense": 3955000,
        "depreciationandamortization": 967000,
        "gainlossondispositionofassets": 6000,
        "othergeneralexpense": 32152000,
        "operatingincomeloss": -33119000,
        "interestexpense": 35992000,
        "gainslossesonextinguishmentofdebt": 473000,
        "investmentincomeinterest": 2705000,
        "incomelossfromequitymethodinvestments": -313000,
        "othernonoperatingincomeexpense": -6443000,
        "incomelossfromcontinuingoperationsbeforeincometaxesextraordinaryitemsnoncontrollinginterest": 95155000,
        "incometaxexpensebenefit": 11799000,
        "netincomelossattributabletononcontrollinginterest": 13997000,
        "netincomeloss": 69359000,
        "earningspersharebasic": 0.25,
        "earningspersharediluted": 0.24,
        "weightedaveragenumberofsharesoutstandingbasic": 207331781,
        "weightedaveragenumberofdilutedsharesoutstanding": 215105119,
        "temporaryequityaccretiontoredemptionvalueadjustment": 17172000,
        "netincomelossavailabletocommonstockholdersdiluted": 52187000
    },
    {
        "date": "2018-03-30",
        "symbol": "LYV",
        "period": "Q1",
        "profitloss": -41028000,
        "othercomprehensiveincomelossforeigncurrencytransactionandtranslationadjustmentnetoftax": 16262000,
        "comprehensiveincomenetoftaxincludingportionattributabletononcontrollinginterest": -24766000,
        "comprehensiveincomenetoftaxattributabletononcontrollinginterest": -7122000,
        "comprehensiveincomenetoftax": -17644000,
        "revenues": 777000,
        "directoperatingcosts": 129000,
        "sellinggeneralandadministrativeexpense": 3842000,
        "depreciationandamortization": 884000,
        "gainlossondispositionofassets": -17000,
        "othergeneralexpense": 33810000,
        "operatingincomeloss": -34694000,
        "interestexpense": 29741000,
        "gainslossesonextinguishmentofdebt": -2943000,
        "investmentincomeinterest": 1183000,
        "incomelossfromequitymethodinvestments": 3715000,
        "othernonoperatingincomeexpense": -328000,
        "incomelossfromcontinuingoperationsbeforeincometaxesextraordinaryitemsnoncontrollinginterest": -34144000,
        "incometaxexpensebenefit": 6884000,
        "netincomelossattributabletononcontrollinginterest": -7122000,
        "netincomeloss": -33906000,
        "earningspersharebasicanddiluted": -0.24,
        "weightedaveragenumberofshareoutstandingbasicanddiluted": 206728167,
        "temporaryequityaccretiontoredemptionvalueadjustment": 16385000,
        "netincomelossavailabletocommonstockholdersdiluted": -50291000
    },
    {
        "date": "2017-09-29",
        "symbol": "LYV",
        "period": "Q3",
        "profitloss": 148770000,
        "othercomprehensiveincomelossforeigncurrencytransactionandtranslationadjustmentnetoftax": 18268000,
        "comprehensiveincomenetoftaxincludingportionattributabletononcontrollinginterest": 167038000,
        "comprehensiveincomenetoftaxattributabletononcontrollinginterest": 12377000,
        "comprehensiveincomenetoftax": 154661000,
        "revenues": 6545000,
        "directoperatingcosts": 4477000,
        "sellinggeneralandadministrativeexpense": 4428000,
        "depreciationandamortization": 1362000,
        "gainlossondispositionofassets": -58000,
        "othergeneralexpense": 39892000,
        "operatingincomeloss": -41254000,
        "interestexpense": 26627000,
        "investmentincomeinterest": 1471000,
        "incomelossfromequitymethodinvestments": -816000,
        "othernonoperatingincomeexpense": -920000,
        "incomelossfromcontinuingoperationsbeforeincometaxesextraordinaryitemsnoncontrollinginterest": 174455000,
        "incometaxexpensebenefit": 25685000,
        "netincomelossattributabletononcontrollinginterest": 12377000,
        "netincomeloss": 136393000,
        "earningspersharebasic": 0.56,
        "earningspersharediluted": 0.53,
        "weightedaveragenumberofsharesoutstandingbasic": 205287843,
        "weightedaveragenumberofdilutedsharesoutstanding": 223132186,
        "temporaryequityaccretiontoredemptionvalueadjustment": 21397000,
        "netincomelossavailabletocommonstockholdersbasic": 114996000,
        "interestonconvertibledebtnetoftax": 3336000,
        "netincomelossavailabletocommonstockholdersdiluted": 118332000
    },
    {
        "date": "2017-06-29",
        "symbol": "LYV",
        "period": "Q2",
        "profitloss": 80555000,
        "othercomprehensiveincomelossforeigncurrencytransactionandtranslationadjustmentnetoftax": 29097000,
        "othercomprehensiveincomeothernetoftax": 0,
        "comprehensiveincomenetoftaxincludingportionattributabletononcontrollinginterest": 109652000,
        "comprehensiveincomenetoftaxattributabletononcontrollinginterest": -923000,
        "comprehensiveincomenetoftax": 110575000,
        "revenues": 867000,
        "directoperatingcosts": 1003000,
        "sellinggeneralandadministrativeexpense": 5009000,
        "depreciationandamortization": 965000,
        "gainlossondispositionofassets": -13000,
        "othergeneralexpense": 32016000,
        "operatingincomeloss": -32994000,
        "interestexpense": 27927000,
        "investmentincomeinterest": 1031000,
        "incomelossfromequitymethodinvestments": 536000,
        "othernonoperatingincomeexpense": 3466000,
        "incomelossfromcontinuingoperationsbeforeincometaxesextraordinaryitemsnoncontrollinginterest": 90539000,
        "incometaxexpensebenefit": 9984000,
        "netincomelossattributabletononcontrollinginterest": -923000,
        "netincomeloss": 81478000,
        "temporaryequityaccretiontoredemptionvalueadjustment": 18837000,
        "netincomelossavailabletocommonstockholdersbasic": 62641000
    },
    {
        "date": "2017-03-30",
        "symbol": "LYV",
        "period": "Q1",
        "profitloss": -47770000,
        "othercomprehensiveincomelossforeigncurrencytransactionandtranslationadjustmentnetoftax": 11396000,
        "othercomprehensiveincomeothernetoftax": 80000,
        "comprehensiveincomenetoftaxincludingportionattributabletononcontrollinginterest": -36294000,
        "comprehensiveincomenetoftaxattributabletononcontrollinginterest": -14777000,
        "comprehensiveincomenetoftax": -21517000,
        "revenues": 5847000,
        "directoperatingcosts": 279000,
        "sellinggeneralandadministrativeexpense": 5233000,
        "depreciationandamortization": 935000,
        "gainlossondispositionofassets": -24000,
        "othergeneralexpense": 25803000,
        "operatingincomeloss": -26762000,
        "interestexpense": 26010000,
        "investmentincomeinterest": 945000,
        "incomelossfromequitymethodinvestments": 2340000,
        "othernonoperatingincomeexpense": 2842000,
        "incomelossfromcontinuingoperationsbeforeincometaxesextraordinaryitemsnoncontrollinginterest": -41249000,
        "incometaxexpensebenefit": 6521000,
        "netincomelossattributabletononcontrollinginterest": -14777000,
        "netincomeloss": -32993000,
        "earningspersharebasicanddiluted": -0.22,
        "weightedaveragenumberofshareoutstandingbasicanddiluted": 203730897,
        "temporaryequityaccretiontoredemptionvalueadjustment": 12577000,
        "netincomelossavailabletocommonstockholdersbasic": -45570000
    },
    {
        "date": "2016-12-30",
        "symbol": "LYV",
        "period": "Q4",
        "profitloss": -92971000,
        "othercomprehensiveincomelossforeigncurrencytransactionandtranslationadjustmentnetoftax": -32331000,
        "comprehensiveincomenetoftaxincludingportionattributabletononcontrollinginterest": -125405000,
        "comprehensiveincomenetoftaxattributabletononcontrollinginterest": 8389000,
        "comprehensiveincomenetoftax": -133794000,
        "revenues": 2561562000,
        "directoperatingcosts": -439258000,
        "sellinggeneralandadministrativeexpense": 5328000,
        "depreciationandamortization": 1907000,
        "gainlossondispositionofassets": 0,
        "othergeneralexpense": 39595000,
        "operatingincomeloss": -41399000,
        "interestexpense": 30541000,
        "investmentincomeinterest": 742000,
        "incomelossfromequitymethodinvestments": -618000,
        "othernonoperatingincomeexpense": -9418000,
        "incomelossfromcontinuingoperationsbeforeincometaxesextraordinaryitemsnoncontrollinginterest": -91099000,
        "incometaxexpensebenefit": 1872000,
        "netincomelossattributabletononcontrollinginterest": 8389000,
        "netincomeloss": -101360000,
        "temporaryequityaccretiontoredemptionvalueadjustment": 16748000,
        "netincomelossavailabletocommonstockholdersbasic": -118108000
    },
    {
        "date": "2016-09-29",
        "symbol": "LYV",
        "period": "Q3",
        "profitloss": 132761000,
        "othercomprehensiveincomelossforeigncurrencytransactionandtranslationadjustmentnetoftax": -7869000,
        "comprehensiveincomenetoftaxincludingportionattributabletononcontrollinginterest": 124892000,
        "comprehensiveincomenetoftaxattributabletononcontrollinginterest": 21682000,
        "comprehensiveincomenetoftax": 103210000,
        "revenues": 2138000,
        "directoperatingcosts": 149000,
        "sellinggeneralandadministrativeexpense": 4100000,
        "depreciationandamortization": 752000,
        "gainlossondispositionofassets": 1000,
        "othergeneralexpense": 31600000,
        "operatingincomeloss": -32351000,
        "interestexpense": 25249000,
        "investmentincomeinterest": 625000,
        "incomelossfromequitymethodinvestments": -17471000,
        "othernonoperatingincomeexpense": -2606000,
        "incomelossfromcontinuingoperationsbeforeincometaxesextraordinaryitemsnoncontrollinginterest": 146585000,
        "incometaxexpensebenefit": 13824000,
        "netincomelossattributabletononcontrollinginterest": 21682000,
        "netincomeloss": 111079000,
        "earningspersharebasic": 0.51,
        "earningspersharediluted": 0.49,
        "weightedaveragenumberofsharesoutstandingbasic": 202118412,
        "weightedaveragenumberofdilutedsharesoutstanding": 217690217,
        "temporaryequityaccretiontoredemptionvalueadjustment": 8576000,
        "netincomelossavailabletocommonstockholdersbasic": 102503000,
        "interestonconvertibledebtnetoftax": 3274000,
        "netincomelossavailabletocommonstockholdersdiluted": 105777000
    },
    {
        "date": "2016-06-29",
        "symbol": "LYV",
        "period": "Q2",
        "profitloss": 36461000,
        "othercomprehensiveincomelossforeigncurrencytransactionandtranslationadjustmentnetoftax": -23499000,
        "comprehensiveincomenetoftaxincludingportionattributabletononcontrollinginterest": 12962000,
        "comprehensiveincomenetoftaxattributabletononcontrollinginterest": -1280000,
        "comprehensiveincomenetoftax": 14242000,
        "revenues": 1506000,
        "directoperatingcosts": 235546000,
        "sellinggeneralandadministrativeexpense": 4780000,
        "depreciationandamortization": 852000,
        "gainlossondispositionofassets": -59000,
        "othergeneralexpense": 29440000,
        "operatingincomeloss": -30351000,
        "interestexpense": 25284000,
        "investmentincomeinterest": 650000,
        "incomelossfromequitymethodinvestments": -305000,
        "othernonoperatingincomeexpense": -7353000,
        "incomelossfromcontinuingoperationsbeforeincometaxesextraordinaryitemsnoncontrollinginterest": 41867000,
        "incometaxexpensebenefit": 5406000,
        "netincomelossattributabletononcontrollinginterest": -1280000,
        "netincomeloss": 37741000,
        "earningspersharebasic": 0.13,
        "weightedaveragenumberofsharesoutstandingbasic": 201896009,
        "weightedaveragenumberofdilutedsharesoutstanding": 208601733,
        "temporaryequityaccretiontoredemptionvalueadjustment": 11292000,
        "netincomelossavailabletocommonstockholdersbasic": 26449000
    },
    {
        "date": "2016-03-30",
        "symbol": "LYV",
        "period": "Q1",
        "profitloss": -55954000,
        "othercomprehensiveincomelossforeigncurrencytransactionandtranslationadjustmentnetoftax": -1248000,
        "comprehensiveincomenetoftaxincludingportionattributabletononcontrollinginterest": -57202000,
        "comprehensiveincomenetoftaxattributabletononcontrollinginterest": -11436000,
        "comprehensiveincomenetoftax": -45766000,
        "revenues": 841000,
        "directoperatingcosts": 206465000,
        "sellinggeneralandadministrativeexpense": 2603000,
        "depreciationandamortization": 922000,
        "gainlossondispositionofassets": -59000,
        "othergeneralexpense": 24506000,
        "businesscombinationacquisitionrelatedcosts": 103000,
        "operatingincomeloss": -25590000,
        "interestexpense": 25432000,
        "investmentincomeinterest": 556000,
        "incomelossfromequitymethodinvestments": 592000,
        "othernonoperatingincomeexpense": 8547000,
        "incomelossfromcontinuingoperationsbeforeincometaxesextraordinaryitemsnoncontrollinginterest": -49027000,
        "incometaxexpensebenefit": 6927000,
        "netincomelossattributabletononcontrollinginterest": -11436000,
        "netincomeloss": -44518000,
        "earningspersharebasicanddiluted": -0.29,
        "weightedaveragenumberofsharesoutstandingbasic": 201696142,
        "temporaryequityaccretiontoredemptionvalueadjustment": 13336000,
        "netincomelossavailabletocommonstockholdersbasic": -57854000
    },
    {
        "date": "2015-09-29",
        "symbol": "LYV",
        "period": "Q3",
        "profitloss": 104382000,
        "othercomprehensiveincomelossreclassificationadjustmentfromaocionderivativesnetoftax": 0,
        "othercomprehensiveincomelosspensionandotherpostretirementbenefitplansadjustmentnetoftax": 107000,
        "othercomprehensiveincomelossforeigncurrencytransactionandtranslationadjustmentnetoftax": -6196000,
        "comprehensiveincomenetoftaxincludingportionattributabletononcontrollinginterest": 98079000,
        "comprehensiveincomenetoftaxattributabletononcontrollinginterest": 15333000,
        "comprehensiveincomenetoftax": 82746000,
        "revenues": 793000,
        "directoperatingcosts": -171045000,
        "sellinggeneralandadministrativeexpense": 400000,
        "depreciationandamortization": 1241000,
        "gainlossondispositionofassets": 0,
        "othergeneralexpense": 29988000,
        "businesscombinationacquisitionrelatedcosts": 198000,
        "operatingincomeloss": -31427000,
        "interestexpense": 25844000,
        "investmentincomeinterest": 460000,
        "incomelossfromequitymethodinvestments": -2040000,
        "othernonoperatingincomeexpense": -8127000,
        "incomelossfromcontinuingoperationsbeforeincometaxesextraordinaryitemsnoncontrollinginterest": 117959000,
        "incometaxexpensebenefit": 13577000,
        "netincomelossattributabletononcontrollinginterest": 15333000,
        "netincomeloss": 89049000
    },
    {
        "date": "2015-06-29",
        "symbol": "LYV",
        "period": "Q2",
        "profitloss": 20212000,
        "othercomprehensiveincomeunrealizedgainlossonderivativesarisingduringperiodnetoftax": -182000,
        "othercomprehensiveincomelossreclassificationadjustmentfromaocionderivativesnetoftax": -12000,
        "othercomprehensiveincomelosspensionandotherpostretirementbenefitplansadjustmentnetoftax": -108000,
        "othercomprehensiveincomelossforeigncurrencytransactionandtranslationadjustmentnetoftax": 26609000,
        "comprehensiveincomenetoftaxincludingportionattributabletononcontrollinginterest": 46759000,
        "comprehensiveincomenetoftaxattributabletononcontrollinginterest": 5156000,
        "comprehensiveincomenetoftax": 41603000,
        "revenues": 791000,
        "directoperatingcosts": 171045000,
        "sellinggeneralandadministrativeexpense": 416000,
        "depreciationandamortization": 506000,
        "gainlossondispositionofassets": -9000,
        "othergeneralexpense": 26342000,
        "businesscombinationacquisitionrelatedcosts": 26000,
        "operatingincomeloss": -26883000,
        "interestexpense": 25650000,
        "investmentincomeinterest": 394000,
        "incomelossfromequitymethodinvestments": -367000,
        "othernonoperatingincomeexpense": 8500000,
        "incomelossfromcontinuingoperationsbeforeincometaxesextraordinaryitemsnoncontrollinginterest": 25122000,
        "incometaxexpensebenefit": 4910000,
        "netincomelossattributabletononcontrollinginterest": 5156000,
        "netincomeloss": 15056000,
        "earningspersharebasicanddiluted": 0.06,
        "weightedaveragenumberofsharesoutstandingbasic": 200767811,
        "weightedaveragenumberofdilutedsharesoutstanding": 208778589
    },
    {
        "date": "2015-03-30",
        "symbol": "LYV",
        "period": "Q1",
        "profitloss": -66526000,
        "othercomprehensiveincomeunrealizedgainlossonderivativesarisingduringperiodnetoftax": 182000,
        "othercomprehensiveincomelossreclassificationadjustmentfromaocionderivativesnetoftax": -13000,
        "othercomprehensiveincomelosspensionandotherpostretirementbenefitplansadjustmentnetoftax": -5000,
        "othercomprehensiveincomelossforeigncurrencytransactionandtranslationadjustmentnetoftax": -44668000,
        "comprehensiveincomenetoftaxincludingportionattributabletononcontrollinginterest": -110994000,
        "comprehensiveincomenetoftaxattributabletononcontrollinginterest": -8247000,
        "comprehensiveincomenetoftax": -102747000,
        "revenues": 793000,
        "directoperatingcosts": 1068000,
        "sellinggeneralandadministrativeexpense": 834000,
        "depreciationandamortization": 516000,
        "gainlossondispositionofassets": 38000,
        "othergeneralexpense": 24360000,
        "businesscombinationacquisitionrelatedcosts": -114000,
        "operatingincomeloss": -24724000,
        "interestexpense": 25363000,
        "investmentincomeinterest": 1565000,
        "incomelossfromequitymethodinvestments": 2980000,
        "othernonoperatingincomeexpense": -21028000,
        "incomelossfromcontinuingoperationsbeforeincometaxesextraordinaryitemsnoncontrollinginterest": -65781000,
        "incometaxexpensebenefit": 745000,
        "netincomelossattributabletononcontrollinginterest": -8247000,
        "netincomeloss": -58279000,
        "earningspersharebasicanddiluted": -0.31,
        "weightedaveragenumberofshareoutstandingbasicanddiluted": 200155435
    },
    {
        "date": "2014-09-29",
        "symbol": "LYV",
        "period": "Q3",
        "profitloss": 115827000,
        "othercomprehensiveincomeunrealizedgainlossonderivativesarisingduringperiodnetoftax": 6000,
        "othercomprehensiveincomelossreclassificationadjustmentfromaocionderivativesnetoftax": -15000,
        "othercomprehensiveincomelossforeigncurrencytransactionandtranslationadjustmentnetoftax": -54426000,
        "comprehensiveincomenetoftaxincludingportionattributabletononcontrollinginterest": 61422000,
        "comprehensiveincomenetoftaxattributabletononcontrollinginterest": 10664000,
        "comprehensiveincomenetoftax": 50758000,
        "revenues": 6499000,
        "directoperatingcosts": -55760000,
        "sellinggeneralandadministrativeexpense": -21250000,
        "depreciationandamortization": 143865000,
        "gainlossondispositionofassets": -3272000,
        "othergeneralexpense": 26647000,
        "businesscombinationacquisitionrelatedcosts": 1109000,
        "operatingincomeloss": 17621000,
        "interestexpense": 28113000,
        "investmentincomeinterest": 864000,
        "incomelossfromequitymethodinvestments": 2155000,
        "othernonoperatingincomeexpense": -12587000,
        "incomelossfromcontinuingoperationsbeforeincometaxesextraordinaryitemsnoncontrollinginterest": 112690000,
        "incometaxexpensebenefit": -3137000,
        "netincomelossattributabletononcontrollinginterest": 10664000,
        "netincomeloss": 105163000
    },
    {
        "date": "2014-06-29",
        "symbol": "LYV",
        "period": "Q2",
        "profitloss": 25822000,
        "othercomprehensiveincomeunrealizedgainlossonderivativesarisingduringperiodnetoftax": -5000,
        "othercomprehensiveincomelossreclassificationadjustmentfromaocionderivativesnetoftax": -16000,
        "othercomprehensiveincomelosspensionandotherpostretirementbenefitplansadjustmentnetoftax": 0,
        "othercomprehensiveincomelossforeigncurrencytransactionandtranslationadjustmentnetoftax": 9324000,
        "comprehensiveincomenetoftaxincludingportionattributabletononcontrollinginterest": 35157000,
        "comprehensiveincomenetoftaxattributabletononcontrollinginterest": 2888000,
        "comprehensiveincomenetoftax": 32269000,
        "revenues": 11441000,
        "directoperatingcosts": -34308000,
        "sellinggeneralandadministrativeexpense": -125751000,
        "depreciationandamortization": -1992000,
        "gainlossondispositionofassets": 3745000,
        "othergeneralexpense": 25717000,
        "businesscombinationacquisitionrelatedcosts": 456000,
        "operatingincomeloss": -22443000,
        "interestexpense": 27590000,
        "investmentincomeinterest": 1146000,
        "incomelossfromequitymethodinvestments": 960000,
        "othernonoperatingincomeexpense": 330000,
        "incomelossfromcontinuingoperationsbeforeincometaxesextraordinaryitemsnoncontrollinginterest": 30532000,
        "incometaxexpensebenefit": 4710000,
        "netincomelossattributabletononcontrollinginterest": 2888000,
        "netincomeloss": 22934000,
        "earningspersharebasicanddiluted": 0.1
    },
    {
        "date": "2014-03-30",
        "symbol": "LYV",
        "period": "Q1",
        "profitloss": -30097000,
        "othercomprehensiveincomeunrealizedgainlossonderivativesarisingduringperiodnetoftax": -3000,
        "othercomprehensiveincomelossreclassificationadjustmentfromaocionderivativesnetoftax": -17000,
        "othercomprehensiveincomelosspensionandotherpostretirementbenefitplansadjustmentnetoftax": -30000,
        "othercomprehensiveincomelossforeigncurrencytransactionandtranslationadjustmentnetoftax": 9819000,
        "comprehensiveincomenetoftaxincludingportionattributabletononcontrollinginterest": -20234000,
        "comprehensiveincomenetoftaxattributabletononcontrollinginterest": 2351000,
        "comprehensiveincomenetoftax": -22585000,
        "revenues": -8325000,
        "directoperatingcosts": -909000,
        "sellinggeneralandadministrativeexpense": 149916000,
        "depreciationandamortization": 599000,
        "gainlossondispositionofassets": -510000,
        "othergeneralexpense": 21174000,
        "businesscombinationacquisitionrelatedcosts": 327000,
        "operatingincomeloss": 890000,
        "interestexpense": 24492000,
        "investmentincomeinterest": 666000,
        "incomelossfromequitymethodinvestments": 2806000,
        "othernonoperatingincomeexpense": 1176000,
        "incomelossfromcontinuingoperationsbeforeincometaxesextraordinaryitemsnoncontrollinginterest": -32152000,
        "incometaxexpensebenefit": -2055000,
        "netincomelossattributabletononcontrollinginterest": 2351000,
        "netincomeloss": -32448000,
        "earningspersharebasicanddiluted": -0.16,
        "weightedaveragenumberofshareoutstandingbasicanddiluted": 197857662
    },
    {
        "date": "2013-12-30",
        "symbol": "LYV",
        "period": "Q4",
        "profitloss": -81261000,
        "othercomprehensiveincomeunrealizedgainlossonderivativesarisingduringperiodnetoftax": 17000,
        "othercomprehensiveincomelossforeigncurrencytransactionandtranslationadjustmentnetoftax": 8854000,
        "comprehensiveincomenetoftaxincludingportionattributabletononcontrollinginterest": -72370000,
        "comprehensiveincomenetoftaxattributabletononcontrollinginterest": 782000,
        "comprehensiveincomenetoftax": -73152000,
        "revenues": 647529000,
        "directoperatingcosts": -42551000,
        "sellinggeneralandadministrativeexpense": -222879000,
        "depreciationandamortization": 1637000,
        "gainlossondispositionofassets": 39929000,
        "othergeneralexpense": 25476000,
        "businesscombinationacquisitionrelatedcosts": -1239000,
        "operatingincomeloss": 177452000,
        "interestexpense": -81260000,
        "investmentincomeinterest": 866000,
        "incomelossfromequitymethodinvestments": -1992000,
        "othernonoperatingincomeexpense": -559000,
        "incomelossfromcontinuingoperationsbeforeincometaxesextraordinaryitemsnoncontrollinginterest": -76753000,
        "incometaxexpensebenefit": 4508000,
        "netincomelossattributabletononcontrollinginterest": 782000,
        "netincomeloss": -82043000,
        "earningspersharebasicanddiluted": -0.41
    },
    {
        "date": "2013-09-29",
        "symbol": "LYV",
        "period": "Q3",
        "profitloss": 50418000,
        "othercomprehensiveincomeunrealizedgainlossonderivativesarisingduringperiodnetoftax": -22000,
        "othercomprehensiveincomelossreclassificationadjustmentfromaocionderivativesnetoftax": -19000,
        "othercomprehensiveincomelossforeigncurrencytransactionandtranslationadjustmentnetoftax": 40701000,
        "comprehensiveincomenetoftaxincludingportionattributabletononcontrollinginterest": 91116000,
        "comprehensiveincomenetoftaxattributabletononcontrollinginterest": 6644000,
        "comprehensiveincomenetoftax": 84472000,
        "revenues": 111060000,
        "directoperatingcosts": 69231000,
        "sellinggeneralandadministrativeexpense": 29348000,
        "depreciationandamortization": -56000,
        "gainlossondispositionofassets": 27000,
        "othergeneralexpense": 26442000,
        "businesscombinationacquisitionrelatedcosts": 1443000,
        "operatingincomeloss": 28016000,
        "interestexpense": 29393000,
        "gainslossesonextinguishmentofdebt": -36269000,
        "investmentincomeinterest": 1547000,
        "incomelossfromequitymethodinvestments": -2363000,
        "othernonoperatingincomeexpense": 5269000,
        "incomelossfromcontinuingoperationsbeforeincometaxesextraordinaryitemsnoncontrollinginterest": 64828000,
        "incometaxexpensebenefit": 14410000,
        "netincomelossattributabletononcontrollinginterest": 6644000,
        "netincomeloss": 43774000,
        "earningspersharebasicanddiluted": 0.22,
        "weightedaveragenumberofsharesoutstandingbasic": 196396704,
        "weightedaveragenumberofdilutedsharesoutstanding": 202109783
    },
    {
        "date": "2013-06-29",
        "symbol": "LYV",
        "period": "Q2",
        "profitloss": 59015000,
        "othercomprehensiveincomeunrealizedgainlossonderivativesarisingduringperiodnetoftax": -45000,
        "cashflowhedgegainlossreclassifiedtoearningsnet": 449000,
        "othercomprehensiveincomelossforeigncurrencytransactionandtranslationadjustmentnetoftax": -7261000,
        "comprehensiveincomenetoftaxincludingportionattributabletononcontrollinginterest": 52158000,
        "comprehensiveincomenetoftaxattributabletononcontrollinginterest": 885000,
        "comprehensiveincomenetoftax": 51273000,
        "revenues": -23090000,
        "directoperatingcosts": 160021000,
        "sellinggeneralandadministrativeexpense": 159517000,
        "depreciationandamortization": 596000,
        "gainlossondispositionofassets": -1091000,
        "othergeneralexpense": 21812000,
        "businesscombinationacquisitionrelatedcosts": 17000,
        "operatingincomeloss": -2901000,
        "interestexpense": 30041000,
        "investmentincomeinterest": 890000,
        "incomelossfromequitymethodinvestments": 2629000,
        "othernonoperatingincomeexpense": -3868000,
        "incomelossfromcontinuingoperationsbeforeincometaxesextraordinaryitemsnoncontrollinginterest": 67416000,
        "incometaxexpensebenefit": 8401000,
        "netincomelossattributabletononcontrollinginterest": 885000,
        "netincomeloss": 58130000,
        "earningspersharebasicanddiluted": 0.3,
        "weightedaveragenumberofsharesoutstandingbasic": 193069783,
        "weightedaveragenumberofdilutedsharesoutstanding": 196770405
    },
    {
        "date": "2013-03-30",
        "symbol": "LYV",
        "period": "Q1",
        "profitloss": -64187000,
        "othercomprehensiveincomeunrealizedgainlossonderivativesarisingduringperiodnetoftax": 70000,
        "cashflowhedgegainlossreclassifiedtoearningsnet": 8000,
        "othercomprehensiveincomelossforeigncurrencytransactionandtranslationadjustmentnetoftax": -34257000,
        "comprehensiveincomenetoftaxincludingportionattributabletononcontrollinginterest": -98366000,
        "comprehensiveincomenetoftaxattributabletononcontrollinginterest": -948000,
        "comprehensiveincomenetoftax": -97418000,
        "revenues": -6183000,
        "directoperatingcosts": 31412000,
        "sellinggeneralandadministrativeexpense": 137318000,
        "depreciationandamortization": 174000,
        "gainlossondispositionofassets": 62000,
        "othergeneralexpense": 20655000,
        "businesscombinationacquisitionrelatedcosts": 24000,
        "operatingincomeloss": -10929000,
        "interestexpense": 28151000,
        "investmentincomeinterest": 1768000,
        "incomelossfromequitymethodinvestments": 2582000,
        "othernonoperatingincomeexpense": -3638000,
        "incomelossfromcontinuingoperationsbeforeincometaxesextraordinaryitemsnoncontrollinginterest": -60628000,
        "incometaxexpensebenefit": 3559000,
        "netincomelossattributabletononcontrollinginterest": -948000,
        "netincomeloss": -63239000,
        "earningspersharebasicanddiluted": -0.33,
        "weightedaveragenumberofshareoutstandingbasicanddiluted": 188827190
    },
    {
        "date": "2012-09-29",
        "symbol": "LYV",
        "period": "Q3",
        "revenues": -37622000,
        "directoperatingcosts": -37122000,
        "sellinggeneralandadministrativeexpense": 314000,
        "depreciationandamortization": -500000,
        "gainlossondispositionofassets": 62000,
        "othergeneralexpense": 30842000,
        "businesscombinationacquisitionrelatedcosts": 483000,
        "operatingincomeloss": -32114000,
        "interestexpense": 35535000,
        "investmentincomeinterest": 994000,
        "incomelossfromequitymethodinvestments": 3117000,
        "othernonoperatingincomeexpense": 7035000,
        "incomelossfromcontinuingoperationsbeforeincometaxesextraordinaryitemsnoncontrollinginterest": 80126000,
        "incometaxexpensebenefit": 11950000,
        "profitloss": 68176000,
        "netincomelossattributabletononcontrollinginterest": 10228000,
        "netincomeloss": 57948000,
        "earningspersharebasic": 0.31,
        "earningspersharediluted": 0.31,
        "weightedaveragenumberofsharesoutstandingbasic": 187153788,
        "weightedaveragenumberofdilutedsharesoutstanding": 189754343,
        "othercomprehensiveincomeunrealizedgainlossonderivativesarisingduringperiodnetoftax": -68000,
        "othercomprehensiveincomelosspensionandotherpostretirementbenefitplansadjustmentnetoftax": 202000,
        "othercomprehensiveincomelossforeigncurrencytransactionandtranslationadjustmentnetoftax": 29161000,
        "comprehensiveincomenetoftaxincludingportionattributabletononcontrollinginterest": 97067000,
        "comprehensiveincomenetoftaxattributabletononcontrollinginterest": 10228000,
        "comprehensiveincomenetoftax": 86839000
    },
    {
        "date": "2012-06-29",
        "symbol": "LYV",
        "period": "Q2",
        "revenues": -9356000,
        "directoperatingcosts": -8510000,
        "sellinggeneralandadministrativeexpense": 705000,
        "depreciationandamortization": -846000,
        "gainlossondispositionofassets": -157000,
        "othergeneralexpense": 27415000,
        "businesscombinationacquisitionrelatedcosts": 313000,
        "operatingincomeloss": -28447000,
        "interestexpense": 29488000,
        "investmentincomeinterest": 931000,
        "incomelossfromequitymethodinvestments": 1801000,
        "othernonoperatingincomeexpense": -5424000,
        "incomelossfromcontinuingoperationsbeforeincometaxesextraordinaryitemsnoncontrollinginterest": 10788000,
        "incometaxexpensebenefit": 5228000,
        "profitloss": 5560000,
        "netincomelossattributabletononcontrollinginterest": -2132000,
        "netincomeloss": 7692000,
        "earningspersharebasic": 0.04,
        "earningspersharediluted": 0.04,
        "weightedaveragenumberofsharesoutstandingbasic": 186893774,
        "weightedaveragenumberofdilutedsharesoutstanding": 189325338,
        "othercomprehensiveincomeunrealizedgainlossonderivativesarisingduringperiodnetoftax": -83000,
        "othercomprehensiveincomelossforeigncurrencytransactionandtranslationadjustmentnetoftax": -34188000,
        "comprehensiveincomenetoftaxincludingportionattributabletononcontrollinginterest": -28711000,
        "comprehensiveincomenetoftaxattributabletononcontrollinginterest": -2132000,
        "comprehensiveincomenetoftax": -26579000
    },
    {
        "date": "2012-03-30",
        "symbol": "LYV",
        "period": "Q1",
        "revenues": -5555000,
        "directoperatingcosts": -5358000,
        "sellinggeneralandadministrativeexpense": 312000,
        "depreciationandamortization": -197000,
        "gainlossondispositionofassets": -272000,
        "othergeneralexpense": 23217000,
        "businesscombinationacquisitionrelatedcosts": 465000,
        "operatingincomeloss": -24401000,
        "interestexpense": 29710000,
        "investmentincomeinterest": 900000,
        "incomelossfromequitymethodinvestments": 3881000,
        "othernonoperatingincomeexpense": 1782000,
        "incomelossfromcontinuingoperationsbeforeincometaxesextraordinaryitemsnoncontrollinginterest": -65950000,
        "incometaxexpensebenefit": 4278000,
        "profitloss": -70228000,
        "netincomelossattributabletononcontrollinginterest": -1078000,
        "netincomeloss": -69150000,
        "earningspersharebasicanddiluted": -0.37,
        "weightedaveragenumberofsharesoutstandingbasicanddiluted": 186521520,
        "othercomprehensiveincomeunrealizedgainlossonderivativesarisingduringperiodnetoftax": -5000,
        "othercomprehensiveincomeforeigncurrencytransactionandtranslationadjustmentnetoftaxperiodincreasedecrease": 25323000,
        "comprehensiveincomenetoftaxincludingportionattributabletononcontrollinginterest": -44910000,
        "comprehensiveincomenetoftaxattributabletononcontrollinginterest": -1078000,
        "comprehensiveincomenetoftax": -43832000
    },
    {
        "date": "2011-09-29",
        "symbol": "LYV",
        "period": "Q3",
        "revenues": -8819000,
        "directoperatingcosts": -8618000,
        "sellinggeneralandadministrativeexpense": 1123000,
        "depreciationandamortization": -201000,
        "gainlossondispositionofassets": -1000,
        "othergeneralexpense": 27385000,
        "businesscombinationacquisitionrelatedcosts": 4175000,
        "operatingincomeloss": -31359000,
        "interestexpense": 30388000,
        "investmentincomeinterest": 1023000,
        "incomelossfromequitymethodinvestments": 2777000,
        "othernonoperatingincomeexpense": -6461000,
        "incomelossfromcontinuingoperationsbeforeincometaxesextraordinaryitemsnoncontrollinginterest": 71760000,
        "incometaxexpensebenefit": 8739000,
        "incomelossfromcontinuingoperationsincludingportionattributabletononcontrollinginterest": 63021000,
        "profitloss": 63021000,
        "netincomelossattributabletononcontrollinginterest": 11309000,
        "netincomeloss": 51712000,
        "incomelossfromcontinuingoperationsperbasicshare": 0.28,
        "earningspersharebasic": 0.28,
        "incomelossfromcontinuingoperationsperdilutedshare": 0.27,
        "earningspersharediluted": 0.27,
        "weightedaveragenumberofsharesoutstandingbasic": 186127846,
        "weightedaveragenumberofdilutedsharesoutstanding": 188531130,
        "othercomprehensiveincomeunrealizedgainlossonderivativesarisingduringperiodnetoftax": -21000,
        "othercomprehensiveincomedefinedbenefitplansadjustmentnetoftaxperiodincreasedecrease": 1000,
        "othercomprehensiveincomeforeigncurrencytransactionandtranslationadjustmentnetoftaxperiodincreasedecrease": -37290000,
        "comprehensiveincomenetoftaxincludingportionattributabletononcontrollinginterest": 25709000,
        "comprehensiveincomenetoftaxattributabletononcontrollinginterest": 11309000,
        "comprehensiveincomenetoftax": 14400000
    },
    {
        "date": "2011-06-29",
        "symbol": "LYV",
        "period": "Q2",
        "revenues": -13409000,
        "directoperatingcosts": -13204000,
        "sellinggeneralandadministrativeexpense": 503000,
        "depreciationandamortization": -205000,
        "gainlossondispositionofassets": -94000,
        "othergeneralexpense": 24590000,
        "businesscombinationacquisitionrelatedcosts": 4059000,
        "operatingincomeloss": -27379000,
        "interestexpense": 30845000,
        "investmentincomeinterest": 1298000,
        "incomelossfromequitymethodinvestments": 1778000,
        "othernonoperatingincomeexpense": -1331000,
        "incomelossfromcontinuingoperationsbeforeincometaxesextraordinaryitemsnoncontrollinginterest": 23273000,
        "incometaxexpensebenefit": 6659000,
        "incomelossfromcontinuingoperationsincludingportionattributabletononcontrollinginterest": 16614000,
        "profitloss": 16614000,
        "netincomelossattributabletononcontrollinginterest": 3357000,
        "netincomeloss": 13257000,
        "incomelossfromcontinuingoperationsperbasicshare": 0.07,
        "earningspersharebasic": 0.07,
        "incomelossfromcontinuingoperationsperdilutedshare": 0.07,
        "earningspersharediluted": 0.07,
        "weightedaveragenumberofsharesoutstandingbasic": 180818826,
        "weightedaveragenumberofdilutedsharesoutstanding": 182790095,
        "othercomprehensiveincomeunrealizedgainlossonderivativesarisingduringperiodnetoftax": -93000,
        "othercomprehensiveincomedefinedbenefitplansadjustmentnetoftaxperiodincreasedecrease": 8000,
        "othercomprehensiveincomeforeigncurrencytransactionandtranslationadjustmentnetoftaxperiodincreasedecrease": 9138000,
        "comprehensiveincomenetoftaxincludingportionattributabletononcontrollinginterest": 25651000,
        "comprehensiveincomenetoftaxattributabletononcontrollinginterest": 3357000,
        "comprehensiveincomenetoftax": 22294000
    },
    {
        "date": "2011-03-30",
        "symbol": "LYV",
        "period": "Q1",
        "revenues": 849409000,
        "directoperatingcosts": 547124000,
        "sellinggeneralandadministrativeexpense": 272969000,
        "depreciationandamortization": 77481000,
        "gainlossondispositionofassets": -1295000,
        "othergeneralexpense": 21036000,
        "businesscombinationacquisitionrelatedcosts": 1665000,
        "operatingincomeloss": -72161000,
        "interestexpense": 29317000,
        "investmentincomeinterest": 527000,
        "incomelossfromequitymethodinvestments": 994000,
        "othernonoperatingincomeexpense": 673000,
        "incomelossfromcontinuingoperationsbeforeincometaxes": -99284000,
        "incometaxexpensebenefit": -44942000,
        "incomelossfromcontinuingoperationsincludingportionattributabletononcontrollinginterest": -54342000,
        "profitloss": -54342000,
        "netincomelossattributabletononcontrollinginterest": -5882000,
        "netincomeloss": -48460000,
        "incomelossfromcontinuingoperationsperbasicshare": -0.27,
        "earningspersharebasic": -0.27,
        "weightedaveragenumberofsharesoutstandingbasicanddiluted": 176292809,
        "othercomprehensiveincomeunrealizedgainlossonderivativesarisingduringperiodnetoftax": -44000,
        "othercomprehensiveincomedefinedbenefitplansadjustmentnetoftaxperiodincreasedecrease": -24000,
        "othercomprehensiveincomeforeigncurrencytransactionandtranslationadjustmentnetoftaxperiodincreasedecrease": 45515000,
        "comprehensiveincomenetoftaxincludingportionattributabletononcontrollinginterest": -8895000,
        "comprehensiveincomenetoftaxattributabletononcontrollinginterest": -5882000,
        "comprehensiveincomenetoftax": -3013000
    }
]