[
    {
        "date": "2024-09-29",
        "symbol": "HAL",
        "period": "Q3",
        "revenuefromcontractwithcustomerincludingassessedtax": 8973000000,
        "costofgoodsandservicessold": -2992000000,
        "saps4upgradeexpense": 28000000,
        "generalandadministrativeexpense": 55000000,
        "costsandexpenses": 4826000000,
        "operatingincomeloss": 871000000,
        "interestincomeexpensenonoperatingnet": -85000000,
        "othernonoperatingincomeexpense": -52000000,
        "incomelossfromcontinuingoperationsbeforeincometaxesextraordinaryitemsnoncontrollinginterest": 693000000,
        "incometaxexpensebenefit": 154000000,
        "profitloss": 580000000,
        "netincomelossattributabletononcontrollinginterest": 9000000,
        "netincomeloss": 571000000,
        "earningspersharebasic": 650000,
        "earningspersharediluted": 650000,
        "weightedaveragenumberofsharesoutstandingbasic": 885000000,
        "weightedaveragenumberofdilutedsharesoutstanding": 886000000,
        "concentrationriskpercentage1": -0.30999999999999994,
        "investmentincomeinterest": 28000000,
        "comprehensiveincomenetoftaxincludingportionattributabletononcontrollinginterest": 583000000,
        "comprehensiveincomenetoftaxattributabletononcontrollinginterest": 9000000,
        "comprehensiveincomenetoftax": 574000000
    },
    {
        "date": "2024-06-29",
        "symbol": "HAL",
        "period": "Q2",
        "revenuefromcontractwithcustomerincludingassessedtax": 4215000000,
        "costofgoodsandservicessold": 3417000000,
        "saps4upgradeexpense": 29000000,
        "generalandadministrativeexpense": 62000000,
        "costsandexpenses": 4801000000,
        "operatingincomeloss": 1032000000,
        "interestincomeexpensenonoperatingnet": -92000000,
        "othernonoperatingincomeexpense": -20000000,
        "incomelossfromcontinuingoperationsbeforeincometaxesextraordinaryitemsnoncontrollinginterest": 920000000,
        "incometaxexpensebenefit": 207000000,
        "profitloss": 713000000,
        "netincomelossattributabletononcontrollinginterest": 4000000,
        "netincomeloss": 709000000,
        "earningspersharebasic": 800000,
        "earningspersharediluted": 800000,
        "weightedaveragenumberofsharesoutstandingbasic": 886000000,
        "weightedaveragenumberofdilutedsharesoutstanding": 888000000,
        "concentrationriskpercentage1": -0.010000000000000009,
        "investmentincomeinterest": 22000000,
        "comprehensiveincomenetoftaxincludingportionattributabletononcontrollinginterest": 713000000,
        "comprehensiveincomenetoftaxattributabletononcontrollinginterest": 4000000,
        "comprehensiveincomenetoftax": 709000000
    },
    {
        "date": "2024-03-30",
        "symbol": "HAL",
        "period": "Q1",
        "revenuefromcontractwithcustomerincludingassessedtax": 4146000000,
        "costofgoodsandservicessold": 3428000000,
        "saps4upgradeexpense": 34000000,
        "generalandadministrativeexpense": 61000000,
        "costsandexpenses": 4817000000,
        "operatingincomeloss": 987000000,
        "interestincomeexpensenonoperatingnet": -92000000,
        "othernonoperatingincomeexpense": -108000000,
        "incomelossfromcontinuingoperationsbeforeincometaxesextraordinaryitemsnoncontrollinginterest": 787000000,
        "incometaxexpensebenefit": 178000000,
        "profitloss": 609000000,
        "netincomelossattributabletononcontrollinginterest": 3000000,
        "netincomeloss": 606000000,
        "earningspersharebasic": 680000,
        "earningspersharediluted": 680000,
        "weightedaveragenumberofsharesoutstandingbasic": 889000000,
        "weightedaveragenumberofdilutedsharesoutstanding": 891000000,
        "concentrationriskpercentage1": 0.42,
        "investmentincomeinterest": 22000000,
        "othercomprehensiveincomelossnetoftax": -1000000,
        "comprehensiveincomenetoftaxincludingportionattributabletononcontrollinginterest": 609000000,
        "comprehensiveincomenetoftaxattributabletononcontrollinginterest": 4000000,
        "comprehensiveincomenetoftax": 605000000
    },
    {
        "date": "2023-12-30",
        "symbol": "HAL",
        "period": "Q4",
        "revenuefromcontractwithcustomerincludingassessedtax": 4005000000,
        "costofgoodsandservicessold": 3250000000,
        "generalandadministrativeexpense": 60000000,
        "costsandexpenses": 4681000000,
        "operatingincomeloss": 1058000000,
        "interestincomeexpensenonoperatingnet": -131000000,
        "othernonoperatingincomeexpense": 45000000,
        "incomelossfromcontinuingoperationsbeforeincometaxesextraordinaryitemsnoncontrollinginterest": 835000000,
        "incometaxexpensebenefit": 168000000,
        "profitloss": 667000000,
        "netincomelossattributabletononcontrollinginterest": 6000000,
        "netincomeloss": 661000000,
        "weightedaveragenumberofdilutedsharesoutstanding": 902000000,
        "weightedaveragenumberofsharesoutstandingbasic": 899000000,
        "investmentincomeinterest": -12000000,
        "othercomprehensiveincomelossnetoftax": -104000000,
        "comprehensiveincomenetoftaxincludingportionattributabletononcontrollinginterest": 563000000,
        "comprehensiveincomenetoftaxattributabletononcontrollinginterest": 6000000,
        "comprehensiveincomenetoftax": 557000000
    },
    {
        "date": "2023-09-29",
        "symbol": "HAL",
        "period": "Q3",
        "revenuefromcontractwithcustomerincludingassessedtax": 9733000000,
        "costofgoodsandservicessold": 7589000000,
        "generalandadministrativeexpense": 58000000,
        "costsandexpenses": 4767000000,
        "operatingincomeloss": 3142000000,
        "interestincomeexpensenonoperatingnet": -93000000,
        "othernonoperatingincomeexpense": -28000000,
        "incomelossfromcontinuingoperationsbeforeincometaxesextraordinaryitemsnoncontrollinginterest": 916000000,
        "incometaxexpensebenefit": 192000000,
        "profitloss": 1985000000,
        "netincomelossattributabletononcontrollinginterest": 8000000,
        "netincomeloss": 716000000,
        "earningspersharebasic": 790000,
        "earningspersharediluted": 790000,
        "weightedaveragenumberofsharesoutstandingbasic": -904000000,
        "weightedaveragenumberofdilutedsharesoutstanding": -906000000,
        "investmentincomeinterest": 26000000,
        "othercomprehensiveincomelossnetoftax": 1000000,
        "comprehensiveincomenetoftaxincludingportionattributabletononcontrollinginterest": 725000000,
        "comprehensiveincomenetoftaxattributabletononcontrollinginterest": 8000000,
        "comprehensiveincomenetoftax": 717000000
    },
    {
        "date": "2023-06-29",
        "symbol": "HAL",
        "period": "Q2",
        "revenuefromcontractwithcustomerincludingassessedtax": 1410000000,
        "costofgoodsandservicessold": 1316000000,
        "saps4upgradeexpense": 13000000,
        "generalandadministrativeexpense": 54000000,
        "costsandexpenses": 4787000000,
        "operatingincomeloss": -59000000,
        "interestincomeexpensenonoperatingnet": -92000000,
        "othernonoperatingincomeexpense": -32000000,
        "incomelossfromcontinuingoperationsbeforeincometaxesextraordinaryitemsnoncontrollinginterest": 783000000,
        "incometaxexpensebenefit": 167000000,
        "profitloss": 6000000,
        "netincomelossattributabletononcontrollinginterest": 6000000,
        "netincomeloss": 610000000,
        "earningspersharebasic": 680000,
        "earningspersharediluted": 680000,
        "weightedaveragenumberofsharesoutstandingbasic": 901000000,
        "weightedaveragenumberofdilutedsharesoutstanding": 903000000,
        "gainlossonbluechipswaptransaction": -104000000,
        "investmentincomeinterest": 28000000,
        "othercomprehensiveincomelossnetoftax": 1000000,
        "comprehensiveincomenetoftaxincludingportionattributabletononcontrollinginterest": 617000000,
        "comprehensiveincomenetoftaxattributabletononcontrollinginterest": 6000000,
        "comprehensiveincomenetoftax": 611000000
    },
    {
        "date": "2023-03-30",
        "symbol": "HAL",
        "period": "Q1",
        "revenuefromcontractwithcustomerincludingassessedtax": 1335000000,
        "costofgoodsandservicessold": 1247000000,
        "generalandadministrativeexpense": 54000000,
        "costsandexpenses": 4700000000,
        "operatingincomeloss": -58000000,
        "investmentincomeinterest": 39000000,
        "interestincomeexpensenonoperatingnet": -79000000,
        "othernonoperatingincomeexpense": -69000000,
        "incomelossfromcontinuingoperationsbeforeincometaxesextraordinaryitemsnoncontrollinginterest": 829000000,
        "incometaxexpensebenefit": 174000000,
        "profitloss": 4000000,
        "netincomelossattributabletononcontrollinginterest": 4000000,
        "netincomeloss": 651000000,
        "earningspersharebasic": 720000,
        "earningspersharediluted": 720000,
        "weightedaveragenumberofsharesoutstandingbasic": 904000000,
        "weightedaveragenumberofdilutedsharesoutstanding": 907000000,
        "othercomprehensiveincomelossnetoftax": 1000000,
        "comprehensiveincomenetoftaxincludingportionattributabletononcontrollinginterest": 656000000,
        "comprehensiveincomenetoftaxattributabletononcontrollinginterest": 4000000,
        "comprehensiveincomenetoftax": 652000000
    },
    {
        "date": "2022-12-30",
        "symbol": "HAL",
        "period": "Q4",
        "revenuefromcontractwithcustomerincludingassessedtax": 1369000000,
        "costofgoodsandservicessold": 1247000000,
        "restructuringsettlementandimpairmentprovisions": 160000000,
        "generalandadministrativeexpense": 62000000,
        "costsandexpenses": 4606000000,
        "operatingincomeloss": -70000000,
        "interestincomeexpensenonoperatingnet": -74000000,
        "investmentincomeinterest": 43000000,
        "othernonoperatingincomeexpense": -60000000,
        "incomelossfromcontinuingoperationsbeforeincometaxesextraordinaryitemsnoncontrollinginterest": 842000000,
        "incometaxexpensebenefit": 177000000,
        "profitloss": -907000000,
        "netincomelossattributabletononcontrollinginterest": 9000000,
        "netincomeloss": 656000000,
        "weightedaveragenumberofdilutedsharesoutstanding": 1000000,
        "weightedaveragenumberofsharesoutstandingbasic": 0,
        "othercomprehensiveincomelossnetoftax": -49000000,
        "comprehensiveincomenetoftaxincludingportionattributabletononcontrollinginterest": 616000000,
        "comprehensiveincomenetoftaxattributabletononcontrollinginterest": 8000000,
        "comprehensiveincomenetoftax": 608000000
    },
    {
        "date": "2022-09-29",
        "symbol": "HAL",
        "period": "Q3",
        "revenuefromcontractwithcustomerincludingassessedtax": 1242000000,
        "costofgoodsandservicessold": 1201000000,
        "restructuringsettlementandimpairmentprovisions": -160000000,
        "generalandadministrativeexpense": 59000000,
        "costsandexpenses": 4511000000,
        "operatingincomeloss": -62000000,
        "investmentincomeinterest": 31000000,
        "interestincomeexpensenonoperatingnet": -93000000,
        "othernonoperatingincomeexpense": -48000000,
        "incomelossfromcontinuingoperationsbeforeincometaxesextraordinaryitemsnoncontrollinginterest": 705000000,
        "incometaxexpensebenefit": 156000000,
        "profitloss": 549000000,
        "netincomelossattributabletononcontrollinginterest": 5000000,
        "netincomeloss": 544000000,
        "weightedaveragenumberofsharesoutstandingbasic": 2000000,
        "weightedaveragenumberofdilutedsharesoutstanding": 1000000,
        "othercomprehensiveincomelossnetoftax": -2000000,
        "comprehensiveincomenetoftaxincludingportionattributabletononcontrollinginterest": 547000000,
        "comprehensiveincomenetoftaxattributabletononcontrollinginterest": 6000000,
        "comprehensiveincomenetoftax": 541000000
    },
    {
        "date": "2022-06-29",
        "symbol": "HAL",
        "period": "Q2",
        "revenuefromcontractwithcustomerincludingassessedtax": 1172000000,
        "costofgoodsandservicessold": 1166000000,
        "restructuringsettlementandimpairmentprovisions": 194000000,
        "generalandadministrativeexpense": 67000000,
        "costsandexpenses": 4700000000,
        "operatingincomeloss": -67000000,
        "investmentincomeinterest": 24000000,
        "interestincomeexpensenonoperatingnet": -101000000,
        "gainslossesonextinguishmentofdebt": 0,
        "othernonoperatingincomeexpense": -42000000,
        "incomelossfromcontinuingoperationsbeforeincometaxesextraordinaryitemsnoncontrollinginterest": 231000000,
        "incometaxexpensebenefit": 114000000,
        "profitloss": 380000000,
        "netincomelossattributabletononcontrollinginterest": 8000000,
        "netincomeloss": 109000000,
        "earningspersharebasicanddiluted": 120000,
        "weightedaveragenumberofsharesoutstandingbasic": 3000000,
        "weightedaveragenumberofdilutedsharesoutstanding": 3000000,
        "othercomprehensiveincomelossnetoftax": -1000000,
        "comprehensiveincomenetoftaxincludingportionattributabletononcontrollinginterest": 116000000,
        "comprehensiveincomenetoftaxattributabletononcontrollinginterest": 8000000,
        "comprehensiveincomenetoftax": 108000000
    },
    {
        "date": "2022-03-30",
        "symbol": "HAL",
        "period": "Q1",
        "revenuefromcontractwithcustomerincludingassessedtax": 1029000000,
        "costofgoodsandservicessold": 989000000,
        "restructuringsettlementandimpairmentprovisions": 1000000,
        "generalandadministrativeexpense": 52000000,
        "costsandexpenses": 3773000000,
        "operatingincomeloss": -57000000,
        "interestincomeexpensenonoperatingnet": -107000000,
        "gainslossesonextinguishmentofdebt": -42000000,
        "othernonoperatingincomeexpense": -30000000,
        "incomelossfromcontinuingoperationsbeforeincometaxesextraordinaryitemsnoncontrollinginterest": 332000000,
        "incometaxexpensebenefit": 68000000,
        "profitloss": 1000000,
        "netincomelossattributabletononcontrollinginterest": 1000000,
        "netincomeloss": 263000000,
        "earningspersharebasicanddiluted": 290000,
        "weightedaveragenumberofsharesoutstandingbasic": 899000000,
        "weightedaveragenumberofdilutedsharesoutstanding": 903000000,
        "investmentincomeinterest": 19000000,
        "othercomprehensiveincomelossnetoftax": 5000000,
        "comprehensiveincomenetoftaxincludingportionattributabletononcontrollinginterest": 269000000,
        "comprehensiveincomenetoftaxattributabletononcontrollinginterest": 1000000,
        "comprehensiveincomenetoftax": 268000000
    },
    {
        "date": "2021-12-30",
        "symbol": "HAL",
        "period": "Q4",
        "revenuefromcontractwithcustomerincludingassessedtax": 1095000000,
        "costofgoodsandservicessold": 1011000000,
        "generalandadministrativeexpense": 59000000,
        "costsandexpenses": 3727000000,
        "operatingincomeloss": -66000000,
        "interestincomeexpensenonoperatingnet": -108000000,
        "investmentincomeinterest": 21000000,
        "othernonoperatingincomeexpense": -24000000,
        "incomelossfromcontinuingoperationsbeforeincometaxesextraordinaryitemsnoncontrollinginterest": 418000000,
        "incometaxexpensebenefit": -409000000,
        "profitloss": -630000000,
        "netincomelossattributabletononcontrollinginterest": 3000000,
        "netincomeloss": 824000000,
        "earningspersharebasicanddiluted": -709998.3699999999,
        "comprehensiveincomenetoftaxincludingportionattributabletononcontrollinginterest": 1004000000,
        "comprehensiveincomenetoftaxattributabletononcontrollinginterest": 3000000,
        "comprehensiveincomenetoftax": 1001000000
    },
    {
        "date": "2021-09-29",
        "symbol": "HAL",
        "period": "Q3",
        "revenuefromcontractwithcustomerincludingassessedtax": 945000000,
        "costofgoodsandservicessold": 889000000,
        "generalandadministrativeexpense": 46000000,
        "costsandexpenses": 3414000000,
        "operatingincomeloss": -50000000,
        "interestincomeexpensenonoperatingnet": -116000000,
        "othernonoperatingincomeexpense": -14000000,
        "incomelossfromcontinuingoperationsbeforeincometaxesextraordinaryitemsnoncontrollinginterest": 316000000,
        "incometaxexpensebenefit": 76000000,
        "profitloss": 637000000,
        "netincomelossattributabletononcontrollinginterest": 4000000,
        "netincomeloss": 236000000,
        "earningspersharebasicanddiluted": 449999.81,
        "weightedaveragenumberofsharesoutstandingbasic": -888000000,
        "weightedaveragenumberofdilutedsharesoutstanding": -888000000,
        "investmentincomeinterest": 15000000,
        "comprehensiveincomenetoftaxincludingportionattributabletononcontrollinginterest": 240000000,
        "comprehensiveincomenetoftaxattributabletononcontrollinginterest": 4000000,
        "comprehensiveincomenetoftax": 236000000
    },
    {
        "date": "2021-06-29",
        "symbol": "HAL",
        "period": "Q2",
        "revenuefromcontractwithcustomerincludingassessedtax": 925000000,
        "costofgoodsandservicessold": 852000000,
        "generalandadministrativeexpense": 51000000,
        "costsandexpenses": 3273000000,
        "operatingincomeloss": -58000000,
        "interestincomeexpensenonoperatingnet": -120000000,
        "othernonoperatingincomeexpense": -19000000,
        "incomelossfromcontinuingoperationsbeforeincometaxesextraordinaryitemsnoncontrollinginterest": 295000000,
        "incometaxexpensebenefit": 65000000,
        "profitloss": 3000000,
        "netincomelossattributabletononcontrollinginterest": 3000000,
        "netincomeloss": 227000000,
        "earningspersharebasicanddiluted": 260000,
        "weightedaveragenumberofsharesoutstandingbasic": 890000000,
        "weightedaveragenumberofdilutedsharesoutstanding": 890000000,
        "investmentincomeinterest": 14000000,
        "othercomprehensiveincomelossnetoftax": 2000000,
        "comprehensiveincomenetoftaxincludingportionattributabletononcontrollinginterest": 232000000,
        "comprehensiveincomenetoftaxattributabletononcontrollinginterest": 3000000,
        "comprehensiveincomenetoftax": 229000000
    },
    {
        "date": "2021-03-30",
        "symbol": "HAL",
        "period": "Q1",
        "revenuefromcontractwithcustomerincludingassessedtax": 878000000,
        "costofgoodsandservicessold": 782000000,
        "generalandadministrativeexpense": 48000000,
        "costsandexpenses": 3081000000,
        "operatingincomeloss": -53000000,
        "interestincomeexpensenonoperatingnet": -125000000,
        "investmentincomeinterest": 10000000,
        "othernonoperatingincomeexpense": -22000000,
        "incomelossfromcontinuingoperationsbeforeincometaxesextraordinaryitemsnoncontrollinginterest": 223000000,
        "incometaxexpensebenefit": 52000000,
        "profitloss": 1000000,
        "netincomelossattributabletononcontrollinginterest": 1000000,
        "netincomeloss": 170000000,
        "earningspersharebasicanddiluted": 0.19,
        "weightedaveragenumberofsharesoutstandingbasic": 889000000,
        "weightedaveragenumberofdilutedsharesoutstanding": 889000000,
        "comprehensiveincomenetoftaxincludingportionattributabletononcontrollinginterest": 171000000,
        "comprehensiveincomenetoftaxattributabletononcontrollinginterest": 1000000,
        "comprehensiveincomenetoftax": 170000000
    },
    {
        "date": "2020-12-30",
        "symbol": "HAL",
        "period": "Q4",
        "revenuefromcontractwithcustomerincludingassessedtax": 6901000000,
        "costofgoodsandservicessold": 6795000000,
        "restructuringsettlementandimpairmentprovisions": 3755000000,
        "generalandadministrativeexpense": 44000000,
        "costsandexpenses": 3333000000,
        "operatingincomeloss": -2284000000,
        "interestincomeexpensenonoperatingnet": -125000000,
        "othernonoperatingincomeexpense": -19000000,
        "incomelossfromcontinuingoperationsbeforeincometaxesextraordinaryitemsnoncontrollinginterest": -240000000,
        "incometaxexpensebenefit": -13000000,
        "profitloss": -227000000,
        "netincomelossattributabletononcontrollinginterest": 8000000,
        "netincomeloss": -235000000,
        "earningspersharebasicanddiluted": -0.2599999999999998,
        "investmentincomeinterest": 10000000,
        "comprehensiveincomenetoftaxincludingportionattributabletononcontrollinginterest": -249000000,
        "comprehensiveincomenetoftaxattributabletononcontrollinginterest": 7000000,
        "comprehensiveincomenetoftax": -256000000
    },
    {
        "date": "2020-09-29",
        "symbol": "HAL",
        "period": "Q3",
        "revenuefromcontractwithcustomerincludingassessedtax": 962000000,
        "costofgoodsandservicessold": 755000000,
        "restructuringsettlementandimpairmentprovisions": 3000000,
        "generalandadministrativeexpense": 41000000,
        "costsandexpenses": 2833000000,
        "operatingincomeloss": -42000000,
        "interestincomeexpensenonoperatingnet": -122000000,
        "investmentincomeinterest": 11000000,
        "othernonoperatingincomeexpense": -21000000,
        "incomelossfromcontinuingoperationsbeforeincometaxesextraordinaryitemsnoncontrollinginterest": -1000000,
        "incometaxexpensebenefit": 18000000,
        "profitloss": -19000000,
        "netincomelossattributabletononcontrollinginterest": -2000000,
        "netincomeloss": -17000000,
        "earningspersharebasicanddiluted": -0.010000000000000231,
        "othercomprehensiveincomelossnetoftax": 2000000,
        "comprehensiveincomenetoftaxincludingportionattributabletononcontrollinginterest": -17000000,
        "comprehensiveincomenetoftaxattributabletononcontrollinginterest": -1000000,
        "comprehensiveincomenetoftax": -16000000
    },
    {
        "date": "2020-06-29",
        "symbol": "HAL",
        "period": "Q2",
        "revenuefromcontractwithcustomerincludingassessedtax": 1110000000,
        "costofgoodsandservicessold": 820000000,
        "restructuringsettlementandimpairmentprovisions": -236000000,
        "generalandadministrativeexpense": 43000000,
        "costsandexpenses": 5107000000,
        "operatingincomeloss": -50000000,
        "interestincomeexpensenonoperatingnet": -124000000,
        "investmentincomeinterest": 7000000,
        "gainslossesonextinguishmentofdebt": 0,
        "othernonoperatingincomeexpense": -48000000,
        "incomelossfromcontinuingoperationsbeforeincometaxesextraordinaryitemsnoncontrollinginterest": -2083000000,
        "incometaxexpensebenefit": -402000000,
        "profitloss": -2698000000,
        "netincomelossattributabletononcontrollinginterest": -5000000,
        "netincomeloss": -1676000000,
        "earningspersharebasicanddiluted": -1.91,
        "othercomprehensiveincomelossnetoftax": 9000000,
        "comprehensiveincomenetoftaxincludingportionattributabletononcontrollinginterest": -1672000000,
        "comprehensiveincomenetoftaxattributabletononcontrollinginterest": -5000000,
        "comprehensiveincomenetoftax": -1667000000
    },
    {
        "date": "2020-03-30",
        "symbol": "HAL",
        "period": "Q1",
        "revenuefromcontractwithcustomerincludingassessedtax": 1230000000,
        "costofgoodsandservicessold": 1088000000,
        "restructuringsettlementandimpairmentprovisions": 277000000,
        "generalandadministrativeexpense": 54000000,
        "costsandexpenses": 5608000000,
        "operatingincomeloss": -60000000,
        "interestincomeexpensenonoperatingnet": -134000000,
        "investmentincomeinterest": 10000000,
        "gainslossesonextinguishmentofdebt": -168000000,
        "othernonoperatingincomeexpense": -23000000,
        "incomelossfromcontinuingoperationsbeforeincometaxesextraordinaryitemsnoncontrollinginterest": -896000000,
        "incometaxexpensebenefit": 119000000,
        "profitloss": 2000000,
        "netincomelossattributabletononcontrollinginterest": 2000000,
        "netincomeloss": -1017000000,
        "earningspersharebasicanddiluted": -1.16,
        "weightedaveragenumberofshareoutstandingbasicanddiluted": 878000000,
        "othercomprehensiveincomelossnetoftax": 11000000,
        "comprehensiveincomenetoftaxincludingportionattributabletononcontrollinginterest": -1004000000,
        "comprehensiveincomenetoftaxattributabletononcontrollinginterest": 2000000,
        "comprehensiveincomenetoftax": -1006000000
    },
    {
        "date": "2019-12-30",
        "symbol": "HAL",
        "period": "Q4",
        "profitloss": -523000000,
        "comprehensiveincomenetoftaxincludingportionattributabletononcontrollinginterest": -1664000000,
        "comprehensiveincomenetoftax": -1663000000,
        "revenuefromcontractwithcustomerincludingassessedtax": 1377000000,
        "costofgoodsandservicessold": 1122000000,
        "restructuringsettlementandimpairmentprovisions": 2478000000,
        "generalandadministrativeexpense": 59000000,
        "costsandexpenses": 6843000000,
        "operatingincomeloss": -65000000,
        "interestincomeexpensenonoperatingnet": -141000000,
        "othernonoperatingincomeexpense": -44000000,
        "incomelossfromcontinuingoperationsbeforeincometaxesextraordinaryitemsnoncontrollinginterest": -1837000000,
        "incometaxexpensebenefit": -183000000,
        "netincomeloss": -1653000000,
        "weightedaveragenumberofsharesoutstandingbasic": 1000000,
        "weightedaveragenumberofdilutedsharesoutstanding": 0,
        "investmentincomeinterest": 5000000
    },
    {
        "date": "2019-09-29",
        "symbol": "HAL",
        "period": "Q3",
        "profitloss": 371000000,
        "othercomprehensiveincomelossnetoftax": 0,
        "comprehensiveincomenetoftaxincludingportionattributabletononcontrollinginterest": 296000000,
        "comprehensiveincomenetoftax": 295000000,
        "revenuefromcontractwithcustomerincludingassessedtax": 1162000000,
        "costofgoodsandservicessold": 1101000000,
        "restructuringsettlementandimpairmentprovisions": -61000000,
        "generalandadministrativeexpense": 53000000,
        "costsandexpenses": 5014000000,
        "operatingincomeloss": -60000000,
        "interestincomeexpensenonoperatingnet": -141000000,
        "othernonoperatingincomeexpense": -23000000,
        "incomelossfromcontinuingoperationsbeforeincometaxesextraordinaryitemsnoncontrollinginterest": 372000000,
        "incometaxexpensebenefit": 76000000,
        "netincomeloss": 295000000,
        "weightedaveragenumberofsharesoutstandingbasic": -873000000,
        "weightedaveragenumberofdilutedsharesoutstanding": -873000000,
        "investmentincomeinterest": 6000000
    },
    {
        "date": "2019-06-29",
        "symbol": "HAL",
        "period": "Q2",
        "profitloss": 2000000,
        "othercomprehensiveincomelossnetoftax": 1000000,
        "comprehensiveincomenetoftaxincludingportionattributabletononcontrollinginterest": 78000000,
        "comprehensiveincomenetoftaxattributabletononcontrollinginterest": 2000000,
        "comprehensiveincomenetoftax": 76000000,
        "revenuefromcontractwithcustomerincludingassessedtax": 1209000000,
        "costofgoodsandservicessold": 1120000000,
        "restructuringsettlementandimpairmentprovisions": 28000000,
        "generalandadministrativeexpense": 56000000,
        "costsandexpenses": 5627000000,
        "operatingincomeloss": -65000000,
        "interestincomeexpensenonoperatingnet": -144000000,
        "othernonoperatingincomeexpense": -8000000,
        "incomelossfromcontinuingoperationsbeforeincometaxesextraordinaryitemsnoncontrollinginterest": 151000000,
        "incometaxexpensebenefit": 74000000,
        "netincomelossattributabletononcontrollinginterest": 2000000,
        "netincomeloss": 75000000,
        "earningspersharebasic": 0.09,
        "earningspersharediluted": 0.09,
        "weightedaveragenumberofsharesoutstandingbasic": 874000000,
        "weightedaveragenumberofdilutedsharesoutstanding": 875000000,
        "investmentincomeinterest": 4000000
    },
    {
        "date": "2019-03-30",
        "symbol": "HAL",
        "period": "Q1",
        "profitloss": 152000000,
        "othercomprehensiveincomelossnetoftax": 1000000,
        "comprehensiveincomenetoftaxincludingportionattributabletononcontrollinginterest": 153000000,
        "comprehensiveincomenetoftax": 153000000,
        "revenuefromcontractwithcustomerincludingassessedtax": 1127000000,
        "costofgoodsandservicessold": 1096000000,
        "restructuringsettlementandimpairmentprovisions": 61000000,
        "generalandadministrativeexpense": 59000000,
        "costsandexpenses": 5372000000,
        "operatingincomeloss": -65000000,
        "interestincomeexpensenonoperatingnet": -143000000,
        "othernonoperatingincomeexpense": -30000000,
        "incomelossfromcontinuingoperationsbeforeincometaxesextraordinaryitemsnoncontrollinginterest": 192000000,
        "incometaxexpensebenefit": 40000000,
        "netincomeloss": 152000000,
        "earningspersharebasicanddiluted": 0.17,
        "weightedaveragenumberofsharesoutstandingbasic": 873000000,
        "weightedaveragenumberofdilutedsharesoutstanding": 873000000,
        "investmentincomeinterest": 8000000
    },
    {
        "date": "2018-12-30",
        "symbol": "HAL",
        "period": "Q4",
        "profitloss": -988000000,
        "othercomprehensiveincomelossnetoftax": 108000000,
        "comprehensiveincomenetoftaxincludingportionattributabletononcontrollinginterest": 1774000000,
        "comprehensiveincomenetoftaxattributabletononcontrollinginterest": 4000000,
        "comprehensiveincomenetoftax": 772000000,
        "generalandadministrativeexpense": 59000000,
        "costsandexpenses": 5328000000,
        "operatingincomeloss": -73000000,
        "interestincomeexpensenonoperatingnet": -137000000,
        "othernonoperatingincomeexpense": -13000000,
        "incomelossfromcontinuingoperationsbeforeincometaxesextraordinaryitemsnoncontrollinginterest": 458000000,
        "incometaxexpensebenefit": -210000000,
        "netincomelossattributabletononcontrollinginterest": 4000000,
        "netincomeloss": 664000000,
        "investmentincomeinterest": 11000000
    },
    {
        "date": "2018-09-29",
        "symbol": "HAL",
        "period": "Q3",
        "profitloss": 434000000,
        "othercomprehensiveincomelossnetoftax": 7000000,
        "comprehensiveincomenetoftaxincludingportionattributabletononcontrollinginterest": -559000000,
        "comprehensiveincomenetoftaxattributabletononcontrollinginterest": -1000000,
        "comprehensiveincomenetoftax": 442000000,
        "generalandadministrativeexpense": 72000000,
        "costsandexpenses": 5456000000,
        "operatingincomeloss": -1766000000,
        "interestincomeexpensenonoperatingnet": -140000000,
        "othernonoperatingincomeexpense": -42000000,
        "incomelossfromcontinuingoperationsbeforeincometaxesextraordinaryitemsnoncontrollinginterest": 534000000,
        "incometaxexpensebenefit": 100000000,
        "netincomelossattributabletononcontrollinginterest": -1000000,
        "netincomeloss": 435000000,
        "weightedaveragenumberofsharesoutstandingbasic": 0,
        "weightedaveragenumberofdilutedsharesoutstanding": 0,
        "commonstockdividendspersharecashpaid": 0.18000000000000005,
        "investmentincomeinterest": 10000000
    },
    {
        "date": "2018-06-29",
        "symbol": "HAL",
        "period": "Q2",
        "profitloss": 508000000,
        "othercomprehensiveincomelossnetoftax": 1000000,
        "comprehensiveincomenetoftaxincludingportionattributabletononcontrollinginterest": 512000000,
        "comprehensiveincomenetoftaxattributabletononcontrollinginterest": -3000000,
        "comprehensiveincomenetoftax": 512000000,
        "salesrevenueservicesnet": 4808000000,
        "salesrevenuegoodsnet": 1339000000,
        "salesrevenuenet": 1611000000,
        "costofservices": 4221000000,
        "costofgoodssold": 1072000000,
        "generalandadministrativeexpense": 65000000,
        "restructuringsettlementandimpairmentprovisions": 0,
        "costsandexpenses": 5358000000,
        "operatingincomeloss": 860000000,
        "interestincomeexpensenonoperatingnet": -137000000,
        "othernonoperatingincomeexpense": -19000000,
        "incomelossfromcontinuingoperationsbeforeincometaxesextraordinaryitemsnoncontrollinginterest": 633000000,
        "incometaxexpensebenefit": 125000000,
        "netincomelossattributabletononcontrollinginterest": -3000000,
        "netincomeloss": 511000000,
        "weightedaveragenumberofsharesoutstandingbasic": 1000000,
        "weightedaveragenumberofdilutedsharesoutstanding": 1000000,
        "commonstockdividendspersharecashpaid": 0.18,
        "investmentincomeinterest": 13000000
    },
    {
        "date": "2018-03-30",
        "symbol": "HAL",
        "period": "Q1",
        "profitloss": 47000000,
        "othercomprehensiveincomelossnetoftax": -2000000,
        "comprehensiveincomenetoftaxincludingportionattributabletononcontrollinginterest": 44000000,
        "comprehensiveincomenetoftaxattributabletononcontrollinginterest": 1000000,
        "comprehensiveincomenetoftax": 44000000,
        "salesrevenueservicesnet": 4388000000,
        "salesrevenuegoodsnet": 1352000000,
        "salesrevenuenet": 5740000000,
        "costofservices": 4007000000,
        "costofgoodssold": 1056000000,
        "generalandadministrativeexpense": 58000000,
        "restructuringsettlementandimpairmentprovisions": 265000000,
        "costsandexpenses": 5386000000,
        "operatingincomeloss": 688000000,
        "interestincomeexpensenonoperatingnet": -140000000,
        "othernonoperatingincomeexpense": -25000000,
        "incomelossfromcontinuingoperationsbeforeincometaxesextraordinaryitemsnoncontrollinginterest": 189000000,
        "incometaxexpensebenefit": 142000000,
        "netincomelossattributabletononcontrollinginterest": 1000000,
        "netincomeloss": 46000000,
        "earningspersharebasicanddiluted": 0.05,
        "weightedaveragenumberofsharesoutstandingbasic": 875000000,
        "weightedaveragenumberofdilutedsharesoutstanding": 878000000,
        "commonstockdividendspersharecashpaid": 0.18,
        "investmentincomeinterest": 10000000
    },
    {
        "date": "2017-12-30",
        "symbol": "HAL",
        "period": "Q4",
        "profitloss": -820000000,
        "othercomprehensiveincomelossnetoftax": -21000000,
        "comprehensiveincomenetoftaxincludingportionattributabletononcontrollinginterest": -850000000,
        "comprehensiveincomenetoftax": -845000000,
        "salesrevenueservicesnet": 4437000000,
        "salesrevenuegoodsnet": 1503000000,
        "salesrevenuenet": -7137000000,
        "costofservices": 3971000000,
        "costofgoodssold": 1134000000,
        "generalandadministrativeexpense": 71000000,
        "costsandexpenses": 5561000000,
        "operatingincomeloss": 843000000,
        "interestincomeexpensenonoperatingnet": -115000000,
        "othernonoperatingincomeexpense": -20000000,
        "incomelossfromcontinuingoperationsbeforeincometaxesextraordinaryitemsnoncontrollinginterest": 244000000,
        "incometaxexpensebenefit": 1050000000,
        "incomelossfromcontinuingoperationsincludingportionattributabletononcontrollinginterest": -806000000,
        "netincomeloss": -824000000,
        "incomelossfromcontinuingoperations": -805000000,
        "investmentincomeinterest": 31000000
    },
    {
        "date": "2017-09-29",
        "symbol": "HAL",
        "period": "Q3",
        "profitloss": 361000000,
        "othercomprehensiveincomelossnetoftax": 2000000,
        "comprehensiveincomenetoftaxincludingportionattributabletononcontrollinginterest": 367000000,
        "comprehensiveincomenetoftax": 367000000,
        "salesrevenueservicesnet": 4118000000,
        "salesrevenuegoodsnet": 1326000000,
        "salesrevenuenet": 5444000000,
        "costofservices": 3686000000,
        "costofgoodssold": 1069000000,
        "generalandadministrativeexpense": 55000000,
        "costsandexpenses": 4810000000,
        "operatingincomeloss": 705000000,
        "interestincomeexpensenonoperatingnet": -115000000,
        "othernonoperatingincomeexpense": -23000000,
        "incomelossfromcontinuingoperationsbeforeincometaxesextraordinaryitemsnoncontrollinginterest": 496000000,
        "incometaxexpensebenefit": 135000000,
        "incomelossfromcontinuingoperationsincludingportionattributabletononcontrollinginterest": 361000000,
        "netincomeloss": 365000000,
        "incomelossfromcontinuingoperations": 365000000,
        "commonstockdividendspersharecashpaid": 0.18000000000000005,
        "investmentincomeinterest": 30000000
    },
    {
        "date": "2017-06-29",
        "symbol": "HAL",
        "period": "Q2",
        "profitloss": 28000000,
        "othercomprehensiveincomelossnetoftax": 2000000,
        "comprehensiveincomenetoftaxincludingportionattributabletononcontrollinginterest": 30000000,
        "comprehensiveincomenetoftax": 30000000,
        "salesrevenueservicesnet": 3702000000,
        "salesrevenuegoodsnet": 1255000000,
        "salesrevenuenet": 4957000000,
        "costofservices": 3453000000,
        "costofgoodssold": 1021000000,
        "restructuringcharges": 262000000,
        "generalandadministrativeexpense": 75000000,
        "costsandexpenses": 4811000000,
        "operatingincomeloss": 522000000,
        "interestincomeexpensenonoperatingnet": -121000000,
        "othernonoperatingincomeexpense": -26000000,
        "incomelossfromcontinuingoperationsbeforeincometaxesextraordinaryitemsnoncontrollinginterest": -1000000,
        "incometaxexpensebenefit": -29000000,
        "incomelossfromcontinuingoperationsincludingportionattributabletononcontrollinginterest": 28000000,
        "netincomeloss": 28000000,
        "incomelossfromcontinuingoperations": 28000000,
        "incomelossfromcontinuingoperationsperbasicanddilutedshare": 0.03,
        "weightedaveragenumberofsharesoutstandingbasic": 869000000,
        "weightedaveragenumberofdilutedsharesoutstanding": 871000000,
        "commonstockdividendspersharecashpaid": 0.18,
        "investmentincomeinterest": 28000000
    },
    {
        "date": "2017-03-30",
        "symbol": "HAL",
        "period": "Q1",
        "profitloss": -32000000,
        "othercomprehensiveincomelossnetoftax": 2000000,
        "comprehensiveincomenetoftaxincludingportionattributabletononcontrollinginterest": -30000000,
        "comprehensiveincomenetoftax": -30000000,
        "salesrevenueservicesnet": 3151000000,
        "salesrevenuegoodsnet": 1128000000,
        "salesrevenuenet": 4279000000,
        "costofservices": 3103000000,
        "costofgoodssold": 918000000,
        "generalandadministrativeexpense": 55000000,
        "costsandexpenses": 4076000000,
        "operatingincomeloss": 269000000,
        "interestincomeexpensenonoperatingnet": -242000000,
        "othernonoperatingincomeexpense": -18000000,
        "incomelossfromcontinuingoperationsbeforeincometaxesextraordinaryitemsnoncontrollinginterest": -57000000,
        "incometaxexpensebenefit": -25000000,
        "incomelossfromcontinuingoperationsincludingportionattributabletononcontrollinginterest": -32000000,
        "netincomeloss": -32000000,
        "incomelossfromcontinuingoperations": -32000000,
        "earningspersharebasicanddiluted": -0.04,
        "weightedaveragenumberofshareoutstandingbasicanddiluted": 867000000,
        "commonstockdividendspersharecashpaid": 0.18,
        "investmentincomeinterest": 23000000
    },
    {
        "date": "2016-12-30",
        "symbol": "HAL",
        "period": "Q4",
        "profitloss": -147000000,
        "othercomprehensiveincomeothernetoftax": -2000000,
        "othercomprehensiveincomelossnetoftax": -94000000,
        "comprehensiveincomenetoftaxincludingportionattributabletononcontrollinginterest": -249000000,
        "comprehensiveincomenetoftaxattributabletononcontrollinginterest": -4000000,
        "comprehensiveincomenetoftax": -243000000,
        "salesrevenueservicesnet": 2820000000,
        "salesrevenuegoodsnet": 1201000000,
        "salesrevenuenet": -4861000000,
        "costofservices": 2777000000,
        "costofgoodssold": 927000000,
        "generalandadministrativeexpense": 96000000,
        "costsandexpenses": 3968000000,
        "operatingincomeloss": 333000000,
        "interestincomeexpensenonoperatingnet": -137000000,
        "othernonoperatingincomeexpense": -91000000,
        "incomelossfromcontinuingoperationsbeforeincometaxesextraordinaryitemsnoncontrollinginterest": -175000000,
        "incometaxexpensebenefit": -22000000,
        "incomelossfromcontinuingoperationsincludingportionattributabletononcontrollinginterest": -153000000,
        "netincomelossattributabletononcontrollinginterest": -4000000,
        "netincomeloss": -149000000,
        "incomelossfromcontinuingoperations": -149000000,
        "incomelossfromcontinuingoperationsperbasicshare": -0.16000000000000014,
        "earningspersharebasic": -0.16000000000000014,
        "incomelossfromcontinuingoperationsperdilutedshare": -0.16000000000000014,
        "earningspersharediluted": -0.16000000000000014,
        "weightedaveragenumberofsharesoutstandingbasic": 1000000,
        "weightedaveragenumberofdilutedsharesoutstanding": 1000000,
        "investmentincomeinterest": 21000000
    },
    {
        "date": "2016-09-29",
        "symbol": "HAL",
        "period": "Q3",
        "profitloss": 7000000,
        "othercomprehensiveincomeothernetoftax": 1000000,
        "othercomprehensiveincomelossnetoftax": 1000000,
        "comprehensiveincomenetoftaxincludingportionattributabletononcontrollinginterest": 7000000,
        "comprehensiveincomenetoftaxattributabletononcontrollinginterest": 1000000,
        "comprehensiveincomenetoftax": 7000000,
        "salesrevenueservicesnet": 2695000000,
        "salesrevenuegoodsnet": 1138000000,
        "salesrevenuenet": 3833000000,
        "costofservices": 2743000000,
        "costofgoodssold": 919000000,
        "businesscombinationacquisitionrelatedcosts": 0,
        "restructuringcharges": 0,
        "generalandadministrativeexpense": 43000000,
        "costsandexpenses": 3705000000,
        "operatingincomeloss": 175000000,
        "interestincomeexpensenonoperatingnet": -141000000,
        "othernonoperatingincomeexpense": -39000000,
        "incomelossfromcontinuingoperationsbeforeincometaxesextraordinaryitemsnoncontrollinginterest": -52000000,
        "incometaxexpensebenefit": -59000000,
        "incomelossfromcontinuingoperationsincludingportionattributabletononcontrollinginterest": 7000000,
        "netincomelossattributabletononcontrollinginterest": 1000000,
        "netincomeloss": 6000000,
        "incomelossfromcontinuingoperations": 6000000,
        "incomelossfromcontinuingoperationsperbasicshare": 0.009999999999999787,
        "earningspersharebasic": 0.009999999999999787,
        "incomelossfromcontinuingoperationsperdilutedshare": 0.009999999999999787,
        "earningspersharediluted": 0.009999999999999787,
        "weightedaveragenumberofsharesoutstandingbasic": 1000000,
        "weightedaveragenumberofdilutedsharesoutstanding": 1000000,
        "investmentincomeinterest": 18000000
    },
    {
        "date": "2016-06-29",
        "symbol": "HAL",
        "period": "Q2",
        "profitloss": -3205000000,
        "othercomprehensiveincomeothernetoftax": 3000000,
        "othercomprehensiveincomelossnetoftax": 3000000,
        "comprehensiveincomenetoftaxincludingportionattributabletononcontrollinginterest": -3205000000,
        "comprehensiveincomenetoftaxattributabletononcontrollinginterest": 3000000,
        "comprehensiveincomenetoftax": -3205000000,
        "salesrevenueservicesnet": 2640000000,
        "salesrevenuegoodsnet": 1195000000,
        "salesrevenuenet": 3835000000,
        "costofservices": 2777000000,
        "costofgoodssold": 955000000,
        "businesscombinationacquisitionrelatedcosts": 3519000000,
        "restructuringcharges": -2758000000,
        "generalandadministrativeexpense": 41000000,
        "costsandexpenses": 7715000000,
        "operatingincomeloss": 3472000000,
        "interestincomeexpensenonoperatingnet": -196000000,
        "othernonoperatingincomeexpense": -31000000,
        "incomelossfromcontinuingoperationsbeforeincometaxesextraordinaryitemsnoncontrollinginterest": -4107000000,
        "incometaxexpensebenefit": -902000000,
        "incomelossfromcontinuingoperationsincludingportionattributabletononcontrollinginterest": -3205000000,
        "incomelossfromdiscontinuedoperationsnetoftax": 0,
        "netincomelossattributabletononcontrollinginterest": 3000000,
        "netincomeloss": -3208000000,
        "incomelossfromcontinuingoperations": -3208000000,
        "incomelossfromdiscontinuedoperationsnetoftaxattributabletoreportingentity": 0,
        "incomelossfromcontinuingoperationsperbasicshare": -3.73,
        "earningspersharebasic": -3.73,
        "incomelossfromcontinuingoperationsperdilutedshare": -3.73,
        "earningspersharediluted": -3.73,
        "weightedaveragenumberofsharesoutstandingbasic": 1000000,
        "weightedaveragenumberofdilutedsharesoutstanding": 1000000,
        "investmentincomeinterest": 10000000,
        "discontinuedoperationtaxeffectofdiscontinuedoperation": 0
    },
    {
        "date": "2016-03-30",
        "symbol": "HAL",
        "period": "Q1",
        "profitloss": -2418000000,
        "othercomprehensiveincomeothernetoftax": -1000000,
        "othercomprehensiveincomelossnetoftax": -1000000,
        "comprehensiveincomenetoftaxincludingportionattributabletononcontrollinginterest": -2413000000,
        "comprehensiveincomenetoftaxattributabletononcontrollinginterest": -6000000,
        "comprehensiveincomenetoftax": -2413000000,
        "salesrevenueservicesnet": 2985000000,
        "salesrevenuegoodsnet": 1213000000,
        "salesrevenuenet": 4198000000,
        "costofservices": 2956000000,
        "costofgoodssold": 969000000,
        "restructuringcharges": 2766000000,
        "businesscombinationacquisitionrelatedcosts": 538000000,
        "generalandadministrativeexpense": 48000000,
        "costsandexpenses": 7277000000,
        "operatingincomeloss": -3079000000,
        "interestincomeexpensenonoperatingnet": -165000000,
        "othernonoperatingincomeexpense": -47000000,
        "incomelossfromcontinuingoperationsbeforeincometaxesextraordinaryitemsnoncontrollinginterest": -3291000000,
        "incometaxexpensebenefit": -875000000,
        "incomelossfromcontinuingoperationsincludingportionattributabletononcontrollinginterest": -2416000000,
        "incomelossfromdiscontinuedoperationsnetoftax": -2000000,
        "netincomelossattributabletononcontrollinginterest": -6000000,
        "netincomeloss": -2412000000,
        "incomelossfromcontinuingoperations": -2410000000,
        "incomelossfromdiscontinuedoperationsnetoftaxattributabletoreportingentity": -2000000,
        "incomelossfromcontinuingoperationsperbasicshare": -2.81,
        "earningspersharebasic": -2.81,
        "incomelossfromcontinuingoperationsperdilutedshare": -2.81,
        "earningspersharediluted": -2.81,
        "weightedaveragenumberofsharesoutstandingbasic": 858000000,
        "weightedaveragenumberofdilutedsharesoutstanding": 858000000,
        "investmentincomeinterest": 10000000,
        "discontinuedoperationtaxeffectofdiscontinuedoperation": 1000000
    },
    {
        "date": "2015-12-30",
        "symbol": "HAL",
        "period": "Q4",
        "profitloss": -30000000,
        "othercomprehensiveincomeothernetoftax": -12000000,
        "othercomprehensiveincomelossnetoftax": 88000000,
        "comprehensiveincomenetoftaxincludingportionattributabletononcontrollinginterest": 64000000,
        "comprehensiveincomenetoftaxattributabletononcontrollinginterest": 2000000,
        "comprehensiveincomenetoftax": 60000000,
        "salesrevenueservicesnet": 3652000000,
        "salesrevenuegoodsnet": 1430000000,
        "salesrevenuenet": -8600000000,
        "costofservices": 3194000000,
        "costofgoodssold": 1362000000,
        "restructuringcharges": 7000000,
        "generalandadministrativeexpense": 53000000,
        "costsandexpenses": 4996000000,
        "operatingincomeloss": 543000000,
        "interestincomeexpensenonoperatingnet": -136000000,
        "othernonoperatingincomeexpense": -43000000,
        "incomelossfromcontinuingoperationsbeforeincometaxesextraordinaryitemsnoncontrollinginterest": -93000000,
        "incometaxexpensebenefit": -67000000,
        "incomelossfromcontinuingoperationsincludingportionattributabletononcontrollinginterest": -26000000,
        "netincomelossattributabletononcontrollinginterest": 2000000,
        "netincomeloss": -28000000,
        "incomelossfromcontinuingoperations": -28000000,
        "incomelossfromcontinuingoperationsperbasicshare": -0.030000000000000027,
        "earningspersharebasic": -0.030000000000000027,
        "incomelossfromcontinuingoperationsperdilutedshare": -0.030000000000000027,
        "earningspersharediluted": -0.030000000000000027,
        "weightedaveragenumberofsharesoutstandingbasic": 1000000,
        "weightedaveragenumberofdilutedsharesoutstanding": 1000000,
        "investmentincomeinterest": 6000000
    },
    {
        "date": "2015-09-29",
        "symbol": "HAL",
        "period": "Q3",
        "profitloss": -53000000,
        "othercomprehensiveincomeothernetoftax": 15000000,
        "othercomprehensiveincomelossnetoftax": -153000000,
        "comprehensiveincomenetoftaxincludingportionattributabletononcontrollinginterest": -207000000,
        "comprehensiveincomenetoftaxattributabletononcontrollinginterest": 1000000,
        "comprehensiveincomenetoftax": -207000000,
        "salesrevenueservicesnet": 4103000000,
        "salesrevenuegoodsnet": 1479000000,
        "salesrevenuenet": 5582000000,
        "costofservices": 3791000000,
        "costofgoodssold": 1248000000,
        "restructuringcharges": 14000000,
        "generalandadministrativeexpense": 38000000,
        "costsandexpenses": 5539000000,
        "operatingincomeloss": 564000000,
        "interestincomeexpensenonoperatingnet": -99000000,
        "othernonoperatingincomeexpense": -34000000,
        "incomelossfromcontinuingoperationsbeforeincometaxesextraordinaryitemsnoncontrollinginterest": -90000000,
        "incometaxexpensebenefit": -37000000,
        "incomelossfromcontinuingoperationsincludingportionattributabletononcontrollinginterest": -53000000,
        "incomelossfromdiscontinuedoperationsnetoftax": 0,
        "netincomelossattributabletononcontrollinginterest": 1000000,
        "netincomeloss": -54000000,
        "incomelossfromcontinuingoperations": -54000000,
        "incomelossfromdiscontinuedoperationsnetoftaxattributabletoreportingentity": 0,
        "incomelossfromcontinuingoperationsperbasicshare": -0.06000000000000005,
        "earningspersharebasic": -0.06000000000000005,
        "incomelossfromcontinuingoperationsperdilutedshare": -0.06000000000000005,
        "earningspersharediluted": -0.06000000000000005,
        "commonstockdividendspersharecashpaid": 0.18000000000000005,
        "weightedaveragenumberofsharesoutstandingbasic": 1000000,
        "weightedaveragenumberofdilutedsharesoutstanding": 1000000,
        "investmentincomeinterest": 3000000,
        "discontinuedoperationtaxeffectofdiscontinuedoperation": 0
    },
    {
        "date": "2015-06-29",
        "symbol": "HAL",
        "period": "Q2",
        "profitloss": 53000000,
        "othercomprehensiveincomeothernetoftax": 1000000,
        "othercomprehensiveincomelossnetoftax": 104000000,
        "comprehensiveincomenetoftaxincludingportionattributabletononcontrollinginterest": 158000000,
        "comprehensiveincomenetoftaxattributabletononcontrollinginterest": -1000000,
        "comprehensiveincomenetoftax": 158000000,
        "salesrevenueservicesnet": 4380000000,
        "salesrevenuegoodsnet": 1539000000,
        "salesrevenuenet": 5919000000,
        "costofservices": 3942000000,
        "costofgoodssold": 1291000000,
        "restructuringcharges": -1141000000,
        "generalandadministrativeexpense": 4000000,
        "costsandexpenses": 5665000000,
        "operatingincomeloss": 2029000000,
        "interestincomeexpensenonoperatingnet": -106000000,
        "othernonoperatingincomeexpense": -23000000,
        "incomelossfromcontinuingoperationsbeforeincometaxesextraordinaryitemsnoncontrollinginterest": 125000000,
        "incometaxexpensebenefit": 71000000,
        "incomelossfromcontinuingoperationsincludingportionattributabletononcontrollinginterest": 54000000,
        "incomelossfromdiscontinuedoperationsnetoftax": -1000000,
        "netincomelossattributabletononcontrollinginterest": -1000000,
        "netincomeloss": 54000000,
        "incomelossfromcontinuingoperations": 55000000,
        "incomelossfromdiscontinuedoperationsnetoftaxattributabletoreportingentity": -1000000,
        "incomelossfromcontinuingoperationsperbasicshare": 0.06000000000000005,
        "incomelossfromdiscontinuedoperationsnetoftaxperbasicshare": 0,
        "earningspersharebasic": 0.06000000000000005,
        "incomelossfromcontinuingoperationsperdilutedshare": 0.06000000000000005,
        "incomelossfromdiscontinuedoperationsnetoftaxperdilutedshare": 0,
        "earningspersharediluted": 0.06000000000000005,
        "commonstockdividendspersharecashpaid": 0.18,
        "weightedaveragenumberofsharesoutstandingbasic": 1000000,
        "weightedaveragenumberofdilutedsharesoutstanding": 1000000,
        "investmentincomeinterest": 4000000,
        "discontinuedoperationtaxeffectofdiscontinuedoperation": 1000000
    },
    {
        "date": "2015-03-30",
        "symbol": "HAL",
        "period": "Q1",
        "profitloss": -641000000,
        "othercomprehensiveincomelosspensionandotherpostretirementbenefitplansadjustmentnetoftax": -3000000,
        "othercomprehensiveincomeothernetoftax": -6000000,
        "othercomprehensiveincomelossnetoftax": -3000000,
        "comprehensiveincomenetoftaxincludingportionattributabletononcontrollinginterest": -646000000,
        "comprehensiveincomenetoftaxattributabletononcontrollinginterest": 2000000,
        "comprehensiveincomenetoftax": -646000000,
        "salesrevenueservicesnet": 5347000000,
        "salesrevenuegoodsnet": 1703000000,
        "salesrevenuenet": 7050000000,
        "costofservices": 4973000000,
        "costofgoodssold": 1312000000,
        "restructuringcharges": 1208000000,
        "generalandadministrativeexpense": 105000000,
        "costsandexpenses": 7598000000,
        "operatingincomeloss": -548000000,
        "interestincomeexpensenonoperatingnet": -106000000,
        "othernonoperatingincomeexpense": -224000000,
        "incomelossfromcontinuingoperationsbeforeincometaxesextraordinaryitemsnoncontrollinginterest": -878000000,
        "incometaxexpensebenefit": -241000000,
        "incomelossfromcontinuingoperationsincludingportionattributabletononcontrollinginterest": -637000000,
        "incomelossfromdiscontinuedoperationsnetoftax": -4000000,
        "netincomelossattributabletononcontrollinginterest": 2000000,
        "netincomeloss": -643000000,
        "incomelossfromcontinuingoperations": -639000000,
        "incomelossfromdiscontinuedoperationsnetoftaxattributabletoreportingentity": -4000000,
        "incomelossfromcontinuingoperationsperbasicshare": -0.75,
        "incomelossfromdiscontinuedoperationsnetoftaxperbasicshare": -0.01,
        "earningspersharebasic": -0.76,
        "incomelossfromcontinuingoperationsperdilutedshare": -0.75,
        "incomelossfromdiscontinuedoperationsnetoftaxperdilutedshare": -0.01,
        "earningspersharediluted": -0.76,
        "commonstockdividendspersharecashpaid": 0.18,
        "weightedaveragenumberofsharesoutstandingbasic": 850000000,
        "weightedaveragenumberofdilutedsharesoutstanding": 850000000,
        "investmentincomeinterest": 3000000,
        "discontinuedoperationtaxeffectofdiscontinuedoperation": 2000000
    },
    {
        "date": "2014-12-30",
        "symbol": "HAL",
        "period": "Q4",
        "profitloss": 904000000,
        "othercomprehensiveincomelosspensionandotherpostretirementbenefitplansadjustmentnetoftax": 88000000,
        "othercomprehensiveincomeothernetoftax": -3000000,
        "comprehensiveincomenetoftaxincludingportionattributabletononcontrollinginterest": 2214000000,
        "comprehensiveincomenetoftaxattributabletononcontrollinginterest": 4000000,
        "comprehensiveincomenetoftax": 810000000,
        "salesrevenueservicesnet": 6707000000,
        "salesrevenuegoodsnet": 2063000000,
        "salesrevenuenet": -6063000000,
        "costofservices": 5658000000,
        "costofgoodssold": 1742000000,
        "generalandadministrativeexpense": 71000000,
        "costsandexpenses": 7471000000,
        "operatingincomeloss": 3282000000,
        "interestincomeexpensenonoperatingnet": -100000000,
        "othernonoperatingincomeexpense": 41000000,
        "incomelossfromcontinuingoperationsbeforeincometaxesextraordinaryitemsnoncontrollinginterest": 1240000000,
        "incometaxexpensebenefit": 336000000,
        "incomelossfromcontinuingoperationsincludingportionattributabletononcontrollinginterest": 904000000,
        "incomelossfromdiscontinuedoperationsnetoftax": 1000000,
        "netincomelossattributabletononcontrollinginterest": 4000000,
        "netincomeloss": 901000000,
        "incomelossfromcontinuingoperations": 900000000,
        "incomelossfromdiscontinuedoperationsnetoftaxattributabletoreportingentity": 1000000,
        "incomelossfromcontinuingoperationsperbasicshare": 1.06,
        "earningspersharebasic": 1.06,
        "incomelossfromcontinuingoperationsperdilutedshare": 1.0600000000000003,
        "earningspersharediluted": 1.0600000000000003,
        "weightedaveragenumberofsharesoutstandingbasic": -847000000,
        "investmentincomeinterest": 3000000,
        "discontinuedoperationtaxeffectofdiscontinuedoperation": -1000000
    },
    {
        "date": "2014-09-29",
        "symbol": "HAL",
        "period": "Q3",
        "profitloss": 1205000000,
        "othercomprehensiveincomelosspensionandotherpostretirementbenefitplansadjustmentnetoftax": 2000000,
        "othercomprehensiveincomeothernetoftax": -2000000,
        "othercomprehensiveincomelossnetoftax": -4000000,
        "comprehensiveincomenetoftaxincludingportionattributabletononcontrollinginterest": 1201000000,
        "comprehensiveincomenetoftaxattributabletononcontrollinginterest": 2000000,
        "comprehensiveincomenetoftax": 1199000000,
        "salesrevenueservicesnet": 6665000000,
        "salesrevenuegoodsnet": 2036000000,
        "salesrevenuenet": 3281000000,
        "costofservices": 5486000000,
        "costofgoodssold": 1702000000,
        "losscontingencylossinperiod": -195000000,
        "generalandadministrativeexpense": 74000000,
        "costsandexpenses": 7067000000,
        "operatingincomeloss": 451000000,
        "interestincomeexpensenonoperatingnet": -96000000,
        "othernonoperatingincomeexpense": 12000000,
        "incomelossfromcontinuingoperationsbeforeincometaxesextraordinaryitemsnoncontrollinginterest": 1550000000,
        "incometaxexpensebenefit": 411000000,
        "incomelossfromcontinuingoperationsincludingportionattributabletononcontrollinginterest": 1139000000,
        "incomelossfromdiscontinuedoperationsnetoftax": 66000000,
        "netincomelossattributabletononcontrollinginterest": 2000000,
        "netincomeloss": 1203000000,
        "incomelossfromcontinuingoperations": 1137000000,
        "incomelossfromdiscontinuedoperationsnetoftaxattributabletoreportingentity": 66000000,
        "incomelossfromcontinuingoperationsperbasicshare": 1.34,
        "incomelossfromdiscontinuedoperationsnetoftaxperbasicshare": 0.08,
        "earningspersharebasic": 1.42,
        "incomelossfromcontinuingoperationsperdilutedshare": 1.33,
        "incomelossfromdiscontinuedoperationsnetoftaxperdilutedshare": 0.08,
        "earningspersharediluted": 1.41,
        "commonstockdividendspersharecashpaid": 0.15,
        "weightedaveragenumberofsharesoutstandingbasic": 848000000,
        "weightedaveragenumberofdilutedsharesoutstanding": 854000000,
        "investmentincomeinterest": 3000000,
        "discontinuedoperationtaxeffectofdiscontinuedoperation": -10000000
    },
    {
        "date": "2014-06-29",
        "symbol": "HAL",
        "period": "Q2",
        "profitloss": 775000000,
        "othercomprehensiveincomelosspensionandotherpostretirementbenefitplansadjustmentnetoftax": -3000000,
        "othercomprehensiveincomeothernetoftax": -3000000,
        "othercomprehensiveincomelossnetoftax": 0,
        "comprehensiveincomenetoftaxincludingportionattributabletononcontrollinginterest": 1000000,
        "comprehensiveincomenetoftaxattributabletononcontrollinginterest": 1000000,
        "comprehensiveincomenetoftax": 774000000,
        "salesrevenueservicesnet": 6127000000,
        "salesrevenuegoodsnet": 1924000000,
        "salesrevenuenet": 12471000000,
        "costofservices": 5151000000,
        "costofgoodssold": 1617000000,
        "generalandadministrativeexpense": 89000000,
        "costsandexpenses": 6857000000,
        "operatingincomeloss": 489000000,
        "interestincomeexpensenonoperatingnet": -94000000,
        "othernonoperatingincomeexpense": -24000000,
        "incomelossfromcontinuingoperationsbeforeincometaxesextraordinaryitemsnoncontrollinginterest": 1076000000,
        "incometaxexpensebenefit": 299000000,
        "incomelossfromcontinuingoperationsincludingportionattributabletononcontrollinginterest": 777000000,
        "incomelossfromdiscontinuedoperationsnetoftax": -2000000,
        "netincomelossattributabletononcontrollinginterest": 1000000,
        "netincomeloss": 774000000,
        "incomelossfromcontinuingoperations": 776000000,
        "incomelossfromdiscontinuedoperationsnetoftaxattributabletoreportingentity": -2000000,
        "incomelossfromcontinuingoperationsperbasicshare": 0.9199999999999999,
        "earningspersharebasic": 0.9199999999999999,
        "incomelossfromcontinuingoperationsperdilutedshare": 0.9099999999999999,
        "earningspersharediluted": 0.9099999999999999,
        "commonstockdividendspersharecashpaid": 0.15,
        "weightedaveragenumberofsharesoutstandingbasic": -2000000,
        "weightedaveragenumberofdilutedsharesoutstanding": 0,
        "investmentincomeinterest": 4000000,
        "discontinuedoperationtaxeffectofdiscontinuedoperation": 1000000
    },
    {
        "date": "2014-03-30",
        "symbol": "HAL",
        "period": "Q1",
        "profitloss": 616000000,
        "othercomprehensiveincomelosspensionandotherpostretirementbenefitplansadjustmentnetoftax": -3000000,
        "othercomprehensiveincomeothernetoftax": 1000000,
        "othercomprehensiveincomelossnetoftax": 4000000,
        "comprehensiveincomenetoftaxincludingportionattributabletononcontrollinginterest": -6000000,
        "comprehensiveincomenetoftaxattributabletononcontrollinginterest": -6000000,
        "comprehensiveincomenetoftax": 626000000,
        "salesrevenueservicesnet": 5540000000,
        "salesrevenuegoodsnet": 1808000000,
        "salesrevenuenet": 2928000000,
        "costofservices": 4765000000,
        "costofgoodssold": 1538000000,
        "generalandadministrativeexpense": 75000000,
        "costsandexpenses": 6378000000,
        "operatingincomeloss": 1059000000,
        "interestincomeexpensenonoperatingnet": -93000000,
        "othernonoperatingincomeexpense": -31000000,
        "incomelossfromcontinuingoperationsbeforeincometaxesextraordinaryitemsnoncontrollinginterest": 846000000,
        "incometaxexpensebenefit": 229000000,
        "incomelossfromcontinuingoperationsincludingportionattributabletononcontrollinginterest": 617000000,
        "incomelossfromdiscontinuedoperationsnetoftax": -1000000,
        "netincomelossattributabletononcontrollinginterest": -6000000,
        "netincomeloss": 622000000,
        "incomelossfromcontinuingoperations": 623000000,
        "incomelossfromdiscontinuedoperationsnetoftaxattributabletoreportingentity": -1000000,
        "incomelossfromcontinuingoperationsperbasicshare": 0.73,
        "earningspersharebasic": 0.73,
        "incomelossfromcontinuingoperationsperdilutedshare": 0.73,
        "earningspersharediluted": 0.73,
        "commonstockdividendspersharecashpaid": 0.15,
        "weightedaveragenumberofsharesoutstandingbasic": 849000000,
        "weightedaveragenumberofdilutedsharesoutstanding": 853000000,
        "investmentincomeinterest": 3000000,
        "discontinuedoperationtaxeffectofdiscontinuedoperation": 1000000
    },
    {
        "date": "2013-12-30",
        "symbol": "HAL",
        "period": "Q4",
        "profitloss": 785000000,
        "othercomprehensiveincomelossnetoftax": -7000000,
        "comprehensiveincomenetoftaxincludingportionattributabletononcontrollinginterest": 796000000,
        "comprehensiveincomenetoftaxattributabletononcontrollinginterest": 2000000,
        "comprehensiveincomenetoftax": 786000000,
        "salesrevenueservicesnet": 5730000000,
        "salesrevenuegoodsnet": 1909000000,
        "salesrevenuenet": -4257000000,
        "costofservices": 4815000000,
        "costofgoodssold": 1586000000,
        "generalandadministrativeexpense": 94000000,
        "costsandexpenses": 6495000000,
        "operatingincomeloss": -1612000000,
        "interestincomeexpensenonoperatingnet": -98000000,
        "othernonoperatingincomeexpense": -6000000,
        "incomelossfromcontinuingoperationsbeforeincometaxesextraordinaryitemsnoncontrollinginterest": 1040000000,
        "incometaxexpensebenefit": 268000000,
        "incomelossfromcontinuingoperationsincludingportionattributabletononcontrollinginterest": 772000000,
        "incomelossfromdiscontinuedoperationsnetoftax": 23000000,
        "netincomelossattributabletononcontrollinginterest": 2000000,
        "netincomeloss": 793000000,
        "incomelossfromcontinuingoperations": 770000000,
        "incomelossfromdiscontinuedoperationsnetoftaxattributabletoreportingentity": 23000000,
        "incomelossfromcontinuingoperationsperbasicshare": 0.8900000000000002,
        "earningspersharebasic": 0.91,
        "incomelossfromcontinuingoperationsperdilutedshare": 0.88,
        "earningspersharediluted": 0.91,
        "weightedaveragenumberofsharesoutstandingbasic": -17000000,
        "investmentincomeinterest": 2000000
    },
    {
        "date": "2013-09-29",
        "symbol": "HAL",
        "period": "Q3",
        "profitloss": 708000000,
        "othercomprehensiveincomelosspensionandotherpostretirementbenefitplansadjustmentnetoftax": -2000000,
        "othercomprehensiveincomeothernetoftax": 0,
        "othercomprehensiveincomelossnetoftax": 2000000,
        "comprehensiveincomenetoftaxincludingportionattributabletononcontrollinginterest": 1335000000,
        "comprehensiveincomenetoftaxattributabletononcontrollinginterest": 2000000,
        "comprehensiveincomenetoftax": 708000000,
        "salesrevenueservicesnet": 5627000000,
        "salesrevenuegoodsnet": 1845000000,
        "salesrevenuenet": 7472000000,
        "costofservices": 4765000000,
        "costofgoodssold": 1519000000,
        "generalandadministrativeexpense": 80000000,
        "costsandexpenses": 6364000000,
        "operatingincomeloss": 1213000000,
        "interestincomeexpensenonoperatingnet": -91000000,
        "othernonoperatingincomeexpense": -12000000,
        "incomelossfromcontinuingoperationsbeforeincometaxesextraordinaryitemsnoncontrollinginterest": 1005000000,
        "incometaxexpensebenefit": 296000000,
        "incomelossfromcontinuingoperationsincludingportionattributabletononcontrollinginterest": 709000000,
        "incomelossfromdiscontinuedoperationsnetoftax": -1000000,
        "netincomelossattributabletononcontrollinginterest": 2000000,
        "netincomeloss": 706000000,
        "incomelossfromcontinuingoperations": 707000000,
        "incomelossfromdiscontinuedoperationsnetoftaxattributabletoreportingentity": -1000000,
        "incomelossfromcontinuingoperationsperbasicshare": 0.7799999999999999,
        "earningspersharebasic": 0.7899999999999999,
        "incomelossfromcontinuingoperationsperdilutedshare": 0.7699999999999999,
        "earningspersharediluted": 0.7799999999999999,
        "commonstockdividendspersharecashpaid": 0.125,
        "weightedaveragenumberofsharesoutstandingbasic": -13000000,
        "investmentincomeinterest": 1000000
    },
    {
        "date": "2013-06-29",
        "symbol": "HAL",
        "period": "Q2",
        "profitloss": 648000000,
        "othercomprehensiveincomelosspensionandotherpostretirementbenefitplansadjustmentnetoftax": -2000000,
        "othercomprehensiveincomeothernetoftax": -1000000,
        "othercomprehensiveincomelossnetoftax": 1000000,
        "comprehensiveincomenetoftaxincludingportionattributabletononcontrollinginterest": 19000000,
        "comprehensiveincomenetoftaxattributabletononcontrollinginterest": 3000000,
        "comprehensiveincomenetoftax": 646000000,
        "salesrevenueservicesnet": 5566000000,
        "salesrevenuegoodsnet": 1751000000,
        "salesrevenuenet": 10191000000,
        "costofservices": 4765000000,
        "costofgoodssold": 1481000000,
        "losscontingencylossinperiod": 0,
        "generalandadministrativeexpense": 87000000,
        "costsandexpenses": 6333000000,
        "operatingincomeloss": 3289000000,
        "interestincomeexpensenonoperatingnet": -71000000,
        "othernonoperatingincomeexpense": -11000000,
        "incomelossfromcontinuingoperationsbeforeincometaxesextraordinaryitemsnoncontrollinginterest": 902000000,
        "incometaxexpensebenefit": 256000000,
        "incomelossfromcontinuingoperationsincludingportionattributabletononcontrollinginterest": 646000000,
        "incomelossfromdiscontinuedoperationsnetoftax": 2000000,
        "netincomelossattributabletononcontrollinginterest": 4000000,
        "netincomeloss": 644000000,
        "incomelossfromcontinuingoperations": 642000000,
        "incomelossfromdiscontinuedoperationsnetoftaxattributabletoreportingentity": 2000000,
        "incomelossfromcontinuingoperationsperbasicshare": 0.6900000000000001,
        "incomelossfromdiscontinuedoperationsnetoftaxperbasicshare": 0,
        "earningspersharebasic": 0.6900000000000001,
        "incomelossfromcontinuingoperationsperdilutedshare": 0.6900000000000001,
        "incomelossfromdiscontinuedoperationsnetoftaxperdilutedshare": 0,
        "earningspersharediluted": 0.6900000000000001,
        "commonstockdividendspersharecashpaid": 0.125,
        "weightedaveragenumberofsharesoutstandingbasic": -3000000,
        "weightedaveragenumberofdilutedsharesoutstanding": 0,
        "investmentincomeinterest": 2000000
    },
    {
        "date": "2013-03-30",
        "symbol": "HAL",
        "period": "Q1",
        "profitloss": -16000000,
        "othercomprehensiveincomelosspensionandotherpostretirementbenefitplansadjustmentnetoftax": -4000000,
        "othercomprehensiveincomeothernetoftax": 2000000,
        "othercomprehensiveincomelossnetoftax": 6000000,
        "comprehensiveincomenetoftaxincludingportionattributabletononcontrollinginterest": -13000000,
        "comprehensiveincomenetoftaxattributabletononcontrollinginterest": 3000000,
        "comprehensiveincomenetoftax": -13000000,
        "salesrevenueservicesnet": 5334000000,
        "salesrevenuegoodsnet": 1640000000,
        "salesrevenuenet": 4100000000,
        "costofservices": 4614000000,
        "costofgoodssold": 1386000000,
        "losscontingencylossinperiod": 1000000000,
        "generalandadministrativeexpense": 72000000,
        "costsandexpenses": 7072000000,
        "operatingincomeloss": -1120000000,
        "interestincomeexpensenonoperatingnet": -71000000,
        "othernonoperatingincomeexpense": -14000000,
        "incomelossfromcontinuingoperationsbeforeincometaxesextraordinaryitemsnoncontrollinginterest": -183000000,
        "incometaxexpensebenefit": -172000000,
        "incomelossfromcontinuingoperationsincludingportionattributabletononcontrollinginterest": -11000000,
        "incomelossfromdiscontinuedoperationsnetoftax": -5000000,
        "netincomelossattributabletononcontrollinginterest": 2000000,
        "netincomeloss": -18000000,
        "incomelossfromcontinuingoperations": -13000000,
        "incomelossfromdiscontinuedoperationsnetoftaxattributabletoreportingentity": -5000000,
        "incomelossfromcontinuingoperationsperbasicshare": -0.01,
        "incomelossfromdiscontinuedoperationsnetoftaxperbasicshare": -0.01,
        "earningspersharebasic": -0.02,
        "incomelossfromcontinuingoperationsperdilutedshare": -0.01,
        "incomelossfromdiscontinuedoperationsnetoftaxperdilutedshare": -0.01,
        "earningspersharediluted": -0.02,
        "commonstockdividendspersharecashpaid": 0.125,
        "weightedaveragenumberofsharesoutstandingbasic": 931000000,
        "weightedaveragenumberofdilutedsharesoutstanding": 931000000,
        "investmentincomeinterest": 3000000,
        "discontinuedoperationtaxeffectofdiscontinuedoperation": 2000000
    },
    {
        "date": "2012-12-30",
        "symbol": "HAL",
        "period": "Q4",
        "profitloss": -1963000000,
        "othercomprehensiveincomeothernetoftax": 1000000,
        "comprehensiveincomenetoftaxincludingportionattributabletononcontrollinginterest": -1967000000,
        "comprehensiveincomenetoftaxattributabletononcontrollinginterest": 3000000,
        "comprehensiveincomenetoftax": 622000000,
        "salesrevenueservicesnet": 5581000000,
        "salesrevenuegoodsnet": 1709000000,
        "salesrevenuenet": 9210000000,
        "costofservices": 4825000000,
        "costofgoodssold": 1411000000,
        "generalandadministrativeexpense": 73000000,
        "costsandexpenses": 6309000000,
        "operatingincomeloss": 2278000000,
        "interestincomeexpensenonoperatingnet": -73000000,
        "othernonoperatingincomeexpense": -9000000,
        "incomelossfromcontinuingoperationsbeforeincometaxesextraordinaryitemsnoncontrollinginterest": 899000000,
        "incometaxexpensebenefit": 307000000,
        "incomelossfromcontinuingoperationsincludingportionattributabletononcontrollinginterest": 592000000,
        "incomelossfromdiscontinuedoperationsnetoftax": 80000000,
        "netincomelossattributabletononcontrollinginterest": 3000000,
        "netincomeloss": 669000000,
        "incomelossfromcontinuingoperations": 589000000,
        "incomelossfromdiscontinuedoperationsnetoftaxattributabletoreportingentity": 80000000,
        "incomelossfromcontinuingoperationsperbasicshare": 0.6299999999999999,
        "earningspersharebasic": 0.7200000000000001,
        "incomelossfromcontinuingoperationsperdilutedshare": 0.6399999999999999,
        "earningspersharediluted": 0.7199999999999999,
        "weightedaveragenumberofsharesoutstandingbasic": 1000000,
        "weightedaveragenumberofdilutedsharesoutstanding": 1000000,
        "investmentincomeinterest": 2000000,
        "discontinuedoperationtaxeffectofdiscontinuedoperation": 80000000
    },
    {
        "date": "2012-09-29",
        "symbol": "HAL",
        "period": "Q3",
        "profitloss": 604000000,
        "othercomprehensiveincomedefinedbenefitplansadjustmentnetoftaxperiodincreasedecrease": 1000000,
        "othercomprehensiveincomeothernetoftax": -2000000,
        "othercomprehensiveincomelossnetoftaxperiodincreasedecrease": -1000000,
        "comprehensiveincomenetoftaxincludingportionattributabletononcontrollinginterest": 1230000000,
        "comprehensiveincomenetoftaxattributabletononcontrollinginterest": 2000000,
        "comprehensiveincomenetoftax": 601000000,
        "salesrevenueservicesnet": 5521000000,
        "salesrevenuegoodsnet": 1590000000,
        "salesrevenuenet": 1132000000,
        "costofservices": 4751000000,
        "costofgoodssold": 1339000000,
        "generalandadministrativeexpense": 67000000,
        "costsandexpenses": 6157000000,
        "operatingincomeloss": 1615000000,
        "interestincomeexpensenonoperatingnet": -71000000,
        "othernonoperatingincomeexpense": -6000000,
        "incomelossfromcontinuingoperationsbeforeincometaxesextraordinaryitemsnoncontrollinginterest": 877000000,
        "incometaxexpensebenefit": 267000000,
        "incomelossfromcontinuingoperationsincludingportionattributabletononcontrollinginterest": 610000000,
        "incomelossfromdiscontinuedoperationsnetoftax": -6000000,
        "netincomelossattributabletononcontrollinginterest": 2000000,
        "netincomeloss": 602000000,
        "incomelossfromcontinuingoperations": 608000000,
        "incomelossfromdiscontinuedoperationsnetoftaxattributabletoreportingentity": -6000000,
        "incomelossfromcontinuingoperationsperbasicshare": 0.6499999999999999,
        "incomelossfromdiscontinuedoperationsnetoftaxperbasicshare": 0,
        "earningspersharebasic": 0.6499999999999998,
        "incomelossfromcontinuingoperationsperdilutedshare": 0.6500000000000001,
        "incomelossfromdiscontinuedoperationsnetoftaxperdilutedshare": 0,
        "earningspersharediluted": 0.65,
        "commonstockdividendspersharecashpaid": 0.09000000000000002,
        "weightedaveragenumberofsharesoutstandingbasic": -922000000,
        "weightedaveragenumberofdilutedsharesoutstanding": -925000000,
        "investmentincomeinterest": 1000000,
        "discontinuedoperationtaxeffectofdiscontinuedoperation": 10000000
    },
    {
        "date": "2012-06-29",
        "symbol": "HAL",
        "period": "Q2",
        "profitloss": 739000000,
        "othercomprehensiveincomedefinedbenefitplansadjustmentnetoftaxperiodincreasedecrease": 6000000,
        "othercomprehensiveincomeothernetoftax": -1000000,
        "othercomprehensiveincomelossnetoftaxperiodincreasedecrease": 5000000,
        "comprehensiveincomenetoftaxincludingportionattributabletononcontrollinginterest": 744000000,
        "comprehensiveincomenetoftaxattributabletononcontrollinginterest": 2000000,
        "comprehensiveincomenetoftax": 742000000,
        "salesrevenueservicesnet": 5670000000,
        "salesrevenuegoodsnet": 1564000000,
        "salesrevenuenet": 4460000000,
        "costofservices": 4638000000,
        "costofgoodssold": 1328000000,
        "generalandadministrativeexpense": 67000000,
        "costsandexpenses": 6033000000,
        "operatingincomeloss": 1307000000,
        "interestincomeexpensenonoperatingnet": -80000000,
        "othernonoperatingincomeexpense": -17000000,
        "incomelossfromcontinuingoperationsbeforeincometaxesextraordinaryitemsnoncontrollinginterest": 1104000000,
        "incometaxexpensebenefit": 357000000,
        "incomelossfromcontinuingoperationsincludingportionattributabletononcontrollinginterest": 747000000,
        "incomelossfromdiscontinuedoperationsnetoftax": -8000000,
        "netincomelossattributabletononcontrollinginterest": 2000000,
        "netincomeloss": 737000000,
        "incomelossfromcontinuingoperations": 745000000,
        "incomelossfromdiscontinuedoperationsnetoftaxattributabletoreportingentity": -8000000,
        "incomelossfromcontinuingoperationsperbasicshare": 0.81,
        "incomelossfromdiscontinuedoperationsnetoftaxperbasicshare": -0.01,
        "earningspersharebasic": 0.8,
        "incomelossfromcontinuingoperationsperdilutedshare": 0.8,
        "incomelossfromdiscontinuedoperationsnetoftaxperdilutedshare": -0.01,
        "earningspersharediluted": 0.79,
        "commonstockdividendspersharecashpaid": 0.09,
        "weightedaveragenumberofsharesoutstandingbasic": 924000000,
        "weightedaveragenumberofdilutedsharesoutstanding": 926000000,
        "investmentincomeinterest": 2000000,
        "discontinuedoperationtaxeffectofdiscontinuedoperation": -3000000
    },
    {
        "date": "2012-03-30",
        "symbol": "HAL",
        "period": "Q1",
        "salesrevenueservicesnet": 5424000000,
        "salesrevenuegoodsnet": 1444000000,
        "salesrevenuenet": 2578000000,
        "costofservices": 4533000000,
        "costofgoodssold": 1244000000,
        "generalandadministrativeexpense": 68000000,
        "costsandexpenses": 5845000000,
        "operatingincomeloss": -381000000,
        "interestincomeexpensenonoperatingnet": -74000000,
        "othernonoperatingincomeexpense": -7000000,
        "incomelossfromcontinuingoperationsbeforeincometaxesextraordinaryitemsnoncontrollinginterest": 942000000,
        "incometaxexpensebenefit": 304000000,
        "incomelossfromcontinuingoperationsincludingportionattributabletononcontrollinginterest": 638000000,
        "incomelossfromdiscontinuedoperationsnetoftax": -8000000,
        "profitloss": 630000000,
        "netincomelossattributabletononcontrollinginterest": 3000000,
        "netincomeloss": 627000000,
        "incomelossfromcontinuingoperations": 635000000,
        "incomelossfromdiscontinuedoperationsnetoftaxattributabletoreportingentity": -8000000,
        "incomelossfromcontinuingoperationsperbasicshare": 0.69,
        "incomelossfromdiscontinuedoperationsnetoftaxperbasicshare": -0.01,
        "earningspersharebasic": 0.68,
        "incomelossfromcontinuingoperationsperdilutedshare": 0.69,
        "incomelossfromdiscontinuedoperationsnetoftaxperdilutedshare": -0.01,
        "earningspersharediluted": 0.68,
        "commonstockdividendspersharecashpaid": 0.09,
        "weightedaveragenumberofsharesoutstandingbasic": 923000000,
        "weightedaveragenumberofdilutedsharesoutstanding": 926000000,
        "investmentincomeinterest": 2000000,
        "discontinuedoperationtaxeffectofdiscontinuedoperation": -5000000,
        "othercomprehensiveincomedefinedbenefitplansadjustmentnetoftaxperiodincreasedecrease": 8000000,
        "othercomprehensiveincomeothernetoftax": -1000000,
        "othercomprehensiveincomelossnetoftaxperiodincreasedecrease": 7000000,
        "comprehensiveincomenetoftaxincludingportionattributabletononcontrollinginterest": 3000000,
        "comprehensiveincomenetoftaxattributabletononcontrollinginterest": 3000000,
        "comprehensiveincomenetoftax": 634000000
    },
    {
        "date": "2011-09-29",
        "symbol": "HAL",
        "period": "Q3",
        "salesrevenueservicesnet": 5246000000,
        "salesrevenuegoodsnet": 1302000000,
        "salesrevenuenet": 2523000000,
        "costofservices": 4030000000,
        "costofgoodssold": 1107000000,
        "generalandadministrativeexpense": 79000000,
        "costsandexpenses": 5216000000,
        "operatingincomeloss": -105000000,
        "interestincomeexpensenonoperatingnet": -62000000,
        "othernonoperatingincomeexpense": -9000000,
        "incomelossfromcontinuingoperationsbeforeincometaxesextraordinaryitemsnoncontrollinginterest": 1261000000,
        "incometaxexpensebenefit": 411000000,
        "incomelossfromcontinuingoperationsincludingportionattributabletononcontrollinginterest": 850000000,
        "incomelossfromdiscontinuedoperationsnetoftax": -165000000,
        "profitloss": 685000000,
        "netincomelossattributabletononcontrollinginterest": 2000000,
        "netincomeloss": 683000000,
        "incomelossfromcontinuingoperations": 848000000,
        "incomelossfromdiscontinuedoperationsnetoftaxattributabletoreportingentity": -165000000,
        "incomelossfromcontinuingoperationsperbasicshare": 0.92,
        "incomelossfromdiscontinuedoperationsnetoftaxperbasicshare": -0.18,
        "earningspersharebasic": 0.74,
        "incomelossfromcontinuingoperationsperdilutedshare": 0.92,
        "incomelossfromdiscontinuedoperationsnetoftaxperdilutedshare": -0.18,
        "earningspersharediluted": 0.74,
        "commonstockdividendspersharecashpaid": 0.09,
        "weightedaveragenumberofsharesoutstandingbasic": 920000000,
        "weightedaveragenumberofdilutedsharesoutstanding": 925000000,
        "investmentincomeinterest": 1000000,
        "discontinuedoperationtaxeffectofdiscontinuedoperation": -19000000
    },
    {
        "date": "2011-06-29",
        "symbol": "HAL",
        "period": "Q2",
        "investmentincomeinterest": 2000000
    },
    {
        "date": "2011-03-30",
        "symbol": "HAL",
        "period": "Q1",
        "investmentincomeinterest": 1000000
    },
    {
        "date": "2010-12-30",
        "symbol": "HAL",
        "period": "Q4",
        "investmentincomeinterest": 2000000,
        "discontinuedoperationtaxeffectofdiscontinuedoperation": 11000000,
        "salesrevenueservicesnet": 3965000000,
        "salesrevenuegoodsnet": 1195000000,
        "revenues": -4837000000,
        "costofservices": 3157000000,
        "costofgoodssold": 966000000,
        "generalandadministrativeexpense": 62000000,
        "costsandexpenses": 4180000000,
        "operatingincomeloss": 980000000,
        "othernonoperatingincomeexpense": -1000000,
        "incomelossfromcontinuingoperationsincludingnoncontrollinginterestbeforediscontinuedoperations": 627000000,
        "incomelossfromdiscontinuedoperationsnetoftax": -20000000,
        "profitloss": -1228000000,
        "netincomelossattributabletononcontrollinginterest": 2000000,
        "netincomeloss": 605000000,
        "incomelossfromcontinuingoperations": 625000000,
        "incomelossfromdiscontinuedoperationsnetoftaxattributabletoreportingentity": -20000000,
        "incomelossfromcontinuingoperationsperbasicshare": 0.7,
        "earningspersharebasic": 0.6599999999999999,
        "incomelossfromcontinuingoperationsperdilutedshare": 0.69,
        "earningspersharediluted": 0.6499999999999997,
        "weightedaveragenumberofsharesoutstandingbasic": -1813000000,
        "weightedaveragenumberofdilutedsharesoutstanding": -1818000000
    },
    {
        "date": "2010-09-29",
        "symbol": "HAL",
        "period": "Q3",
        "investmentincomeinterest": 3000000,
        "discontinuedoperationtaxeffectofdiscontinuedoperation": 64000000,
        "salesrevenueservicesnet": 3598000000,
        "salesrevenuegoodsnet": 1067000000,
        "revenues": 4665000000,
        "costofservices": 2891000000,
        "costofgoodssold": 894000000,
        "generalandadministrativeexpense": 62000000,
        "costsandexpenses": 3847000000,
        "operatingincomeloss": 818000000,
        "interestexpensenet": 76000000,
        "othernonoperatingincomeexpense": -7000000,
        "incomelossfromcontinuingoperationsbeforeincometaxesandminorityinterest": 735000000,
        "incometaxexpensebenefit": 249000000,
        "incomelossfromcontinuingoperationsincludingnoncontrollinginterestbeforediscontinuedoperations": 486000000,
        "incomelossfromdiscontinuedoperationsnetoftax": 59000000,
        "profitloss": 545000000,
        "netincomelossattributabletononcontrollinginterest": 1000000,
        "netincomeloss": 544000000,
        "incomelossfromcontinuingoperations": 485000000,
        "incomelossfromdiscontinuedoperationsnetoftaxattributabletoreportingentity": 59000000,
        "incomelossfromcontinuingoperationsperbasicshare": 0.53,
        "incomelossfromdiscontinuedoperationsnetoftaxperbasicshare": 0.07,
        "earningspersharebasic": 0.6,
        "incomelossfromcontinuingoperationsperdilutedshare": 0.53,
        "incomelossfromdiscontinuedoperationsnetoftaxperdilutedshare": 0.07,
        "earningspersharediluted": 0.6,
        "commonstockdividendspersharecashpaid": 0.09,
        "weightedaveragenumberofsharesoutstandingbasic": 910000000,
        "weightedaveragenumberofdilutedsharesoutstanding": 912000000
    },
    {
        "date": "2010-06-29",
        "symbol": "HAL",
        "period": "Q2",
        "investmentincomeinterest": 3000000,
        "discontinuedoperationtaxeffectofdiscontinuedoperation": -3000000,
        "salesrevenueservicesnet": 3371000000,
        "salesrevenuegoodsnet": 1016000000,
        "revenues": 4387000000,
        "costofservices": 2716000000,
        "costofgoodssold": 862000000,
        "generalandadministrativeexpense": 47000000,
        "costsandexpenses": 3625000000,
        "operatingincomeloss": 762000000,
        "interestexpensenet": 76000000,
        "othernonoperatingincomeexpense": -9000000,
        "incomelossfromcontinuingoperationsbeforeincometaxesandminorityinterest": 677000000,
        "currentincometaxexpensebenefit": 200000000,
        "incomelossfromcontinuingoperationsincludingnoncontrollinginterestbeforediscontinuedoperations": 477000000,
        "incomelossfromdiscontinuedoperationsnetoftax": 6000000,
        "profitloss": 483000000,
        "netincomelossattributabletononcontrollinginterest": 3000000,
        "netincomeloss": 480000000,
        "incomelossfromcontinuingoperations": 474000000,
        "incomelossfromdiscontinuedoperationsnetoftaxattributabletoreportingentity": 6000000,
        "incomelossfromcontinuingoperationsperbasicshare": 0.52,
        "incomelossfromdiscontinuedoperationsnetoftaxperbasicshare": 0.01,
        "earningspersharebasic": 0.53,
        "incomelossfromcontinuingoperationsperdilutedshare": 0.52,
        "incomelossfromdiscontinuedoperationsnetoftaxperdilutedshare": 0.01,
        "earningspersharediluted": 0.53,
        "commonstockdividendspersharecashpaid": 0.09,
        "weightedaveragenumberofsharesoutstandingbasic": 906000000,
        "weightedaveragenumberofdilutedsharesoutstanding": 909000000
    },
    {
        "date": "2010-03-30",
        "symbol": "HAL",
        "period": "Q1",
        "discontinuedoperationtaxeffectofdiscontinuedoperation": 3000000,
        "salesrevenueservicesnet": 2845000000,
        "salesrevenuegoodsnet": 916000000,
        "revenues": 3761000000,
        "costofservices": 2473000000,
        "costofgoodssold": 786000000,
        "generalandadministrativeexpense": 58000000,
        "disposalgroupnotdiscontinuedoperationgainlossondisposal": 5000000,
        "costsandexpenses": 3312000000,
        "operatingincomeloss": 449000000,
        "interestexpense": -79000000,
        "investmentincomeinterest": 3000000,
        "othernonoperatingincomeexpense": -40000000,
        "incomelossfromcontinuingoperationsbeforeincometaxes": 333000000,
        "currentincometaxexpensebenefit": -121000000,
        "incomelossfromcontinuingoperationsincludingnoncontrollinginterestbeforediscontinuedoperations": 212000000,
        "incomelossfromdiscontinuedoperationsnetoftax": -5000000,
        "profitloss": 207000000,
        "netincomelossattributabletononcontrollinginterest": 1000000,
        "netincomeloss": 206000000,
        "incomelossfromcontinuingoperations": 211000000,
        "incomelossfromdiscontinuedoperationsnetoftaxattributabletoreportingentity": -5000000,
        "incomelossfromcontinuingoperationsperbasicshare": 0.23,
        "earningspersharebasic": 0.23,
        "incomelossfromcontinuingoperationsperdilutedshare": 0.23,
        "earningspersharediluted": 0.23,
        "commonstockdividendspersharecashpaid": 0.09,
        "weightedaveragenumberofsharesoutstandingbasic": 905000000,
        "weightedaveragenumberofdilutedsharesoutstanding": 908000000
    }
]