[
    {
        "date": "2024-09-29",
        "symbol": "GPN",
        "period": "Q3",
        "revenuefromcontractwithcustomerexcludingassessedtax": 2601552000,
        "costofgoodsandservicessold": 946945000,
        "sellinggeneralandadministrativeexpense": 1179026000,
        "costsandexpenses": 2125971000,
        "operatingincomeloss": 475581000,
        "interestandotherincome": 55338000,
        "interestandotherexpense": 155905000,
        "nonoperatingincomeexpense": -100567000,
        "incomelossfromcontinuingoperationsbeforeincometaxesminorityinterestandincomelossfromequitymethodinvestments": 375014000,
        "incometaxexpensebenefit": 57378000,
        "incomelossfromcontinuingoperationsnetoftaxbeforeequitymethodinvestmentsandnoncontrollinginterest": 317636000,
        "incomelossfromequitymethodinvestments": 15897000,
        "profitloss": 329878000,
        "netincomelossattributabletononcontrollinginterest": 18408000,
        "netincomeloss": 315125000,
        "earningspersharebasic": 1.24,
        "earningspersharediluted": 1.24,
        "othercomprehensiveincomeforeigncurrencytransactionandtranslationgainlossbeforereclassificationandtax": -34000000,
        "othercomprehensiveincomeforeigncurrencytranslationgainlossarisingduringperiodtax": 4572000,
        "othercomprehensiveincomelosscashflowhedgegainlossbeforereclassificationandtax": -31811000,
        "othercomprehensiveincomelosscashflowhedgegainlossreclassificationbeforetax": 2786000,
        "othercomprehensiveincomelosscashflowhedgegainlossafterreclassificationtax": -8388000,
        "othercomprehensiveincomelossnetoftax": 122949000,
        "comprehensiveincomenetoftaxincludingportionattributabletononcontrollinginterest": 491127000,
        "comprehensiveincomenetoftaxattributabletononcontrollinginterest": 53053000,
        "comprehensiveincomenetoftax": 438074000
    },
    {
        "date": "2024-03-30",
        "symbol": "GPN",
        "period": "Q1",
        "revenuefromcontractwithcustomerexcludingassessedtax": 2420187000,
        "costofgoodsandservicessold": 922390000,
        "sellinggeneralandadministrativeexpense": 1045545000,
        "costsandexpenses": 1967935000,
        "operatingincomeloss": 452252000,
        "interestandotherincome": 35928000,
        "interestandotherexpense": 162147000,
        "nonoperatingincomeexpense": -126219000,
        "incomelossfromcontinuingoperationsbeforeincometaxesminorityinterestandincomelossfromequitymethodinvestments": 326033000,
        "incometaxexpensebenefit": 19382000,
        "incomelossfromcontinuingoperationsnetoftaxbeforeequitymethodinvestmentsandnoncontrollinginterest": 306651000,
        "incomelossfromequitymethodinvestments": 16411000,
        "profitloss": 323062000,
        "netincomelossattributabletononcontrollinginterest": 9755000,
        "netincomeloss": 313307000,
        "earningspersharebasic": 1.22,
        "earningspersharediluted": 1.22,
        "othercomprehensiveincomeforeigncurrencytransactionandtranslationgainlossbeforereclassificationandtax": -84360000,
        "othercomprehensiveincomeforeigncurrencytranslationgainlossarisingduringperiodtax": -2694000,
        "othercomprehensiveincomelosscashflowhedgegainlossbeforereclassificationandtax": 29116000,
        "othercomprehensiveincomelosscashflowhedgegainlossreclassificationbeforetax": 2662000,
        "othercomprehensiveincomelosscashflowhedgegainlossafterreclassificationtax": 6388000,
        "othercomprehensiveincomelossnetoftax": -61600000,
        "comprehensiveincomenetoftaxincludingportionattributabletononcontrollinginterest": 261462000,
        "comprehensiveincomenetoftaxattributabletononcontrollinginterest": -13332000,
        "comprehensiveincomenetoftax": 274794000
    },
    {
        "date": "2023-12-30",
        "symbol": "GPN",
        "period": "Q4",
        "revenuefromcontractwithcustomerexcludingassessedtax": 2433812000,
        "costofgoodsandservicessold": 922284000,
        "sellinggeneralandadministrativeexpense": 1015163000,
        "costsandexpenses": 1935096000,
        "operatingincomeloss": 498716000,
        "interestandotherincome": 38881000,
        "interestandotherexpense": 169687000,
        "nonoperatingincomeexpense": -130806000,
        "incomelossfromcontinuingoperationsbeforeincometaxesminorityinterestandincomelossfromequitymethodinvestments": 367910000,
        "incometaxexpensebenefit": 9272000,
        "incomelossfromcontinuingoperationsnetoftaxbeforeequitymethodinvestmentsandnoncontrollinginterest": 358638000,
        "incomelossfromequitymethodinvestments": 13795000,
        "profitloss": 372433000,
        "netincomelossattributabletononcontrollinginterest": 11136000,
        "netincomeloss": 361297000,
        "earningspersharebasic": 1.3799999999999997,
        "earningspersharediluted": 1.3799999999999997,
        "othercomprehensiveincomeforeigncurrencytransactionandtranslationgainlossbeforereclassificationandtax": 294518000,
        "othercomprehensiveincomeforeigncurrencytranslationgainlossarisingduringperiodtax": -3771000,
        "othercomprehensiveincomelosscashflowhedgegainlossbeforereclassificationandtax": -34703000,
        "othercomprehensiveincomelosscashflowhedgegainlossreclassificationbeforetax": 2719000,
        "othercomprehensiveincomelosscashflowhedgegainlossafterreclassificationtax": -9001000,
        "othercomprehensiveincomelosspensionandotherpostretirementbenefitplansadjustmentbeforetax": -505000,
        "othercomprehensiveincomelossnetoftax": 270373000,
        "comprehensiveincomenetoftaxincludingportionattributabletononcontrollinginterest": 642806000,
        "comprehensiveincomenetoftaxattributabletononcontrollinginterest": 69496000,
        "comprehensiveincomenetoftax": 573310000
    },
    {
        "date": "2023-09-29",
        "symbol": "GPN",
        "period": "Q3",
        "revenuefromcontractwithcustomerexcludingassessedtax": 5547958000,
        "costofgoodsandservicessold": 915532000,
        "sellinggeneralandadministrativeexpense": 1001965000,
        "gainlossonsaleofbusiness": 0,
        "costsandexpenses": 1917497000,
        "operatingincomeloss": 1704460000,
        "interestandotherincome": 35733000,
        "interestandotherexpense": 176095000,
        "nonoperatingincomeexpense": -140362000,
        "incomelossfromcontinuingoperationsbeforeincometaxesminorityinterestandincomelossfromequitymethodinvestments": 417832000,
        "incometaxexpensebenefit": 58936000,
        "incomelossfromcontinuingoperationsnetoftaxbeforeequitymethodinvestmentsandnoncontrollinginterest": 358896000,
        "incomelossfromequitymethodinvestments": 17708000,
        "profitloss": 365559000,
        "netincomelossattributabletononcontrollinginterest": 14775000,
        "netincomeloss": 361829000,
        "earningspersharebasic": 1.39,
        "earningspersharediluted": 1.3800000000000001,
        "othercomprehensiveincomeforeigncurrencytransactionandtranslationgainlossbeforereclassificationandtax": -66808000,
        "othercomprehensiveincomeforeigncurrencytranslationgainlossarisingduringperiodtax": -890000,
        "othercomprehensiveincomelosscashflowhedgegainlossbeforereclassificationandtax": 22993000,
        "othercomprehensiveincomelosscashflowhedgegainlossreclassificationbeforetax": 2375000,
        "othercomprehensiveincomelosscashflowhedgegainlossafterreclassificationtax": 4954000,
        "othercomprehensiveincomelosspensionandotherpostretirementbenefitplansadjustmentbeforetax": 22000,
        "othercomprehensiveincomelossnetoftax": -79284000,
        "comprehensiveincomenetoftaxincludingportionattributabletononcontrollinginterest": 267882000,
        "comprehensiveincomenetoftaxattributabletononcontrollinginterest": -1410000,
        "comprehensiveincomenetoftax": 269292000
    },
    {
        "date": "2023-06-29",
        "symbol": "GPN",
        "period": "Q2",
        "revenuefromcontractwithcustomerexcludingassessedtax": 862719000,
        "costofgoodsandservicessold": 941952000,
        "sellinggeneralandadministrativeexpense": 1013514000,
        "gainlossonsaleofbusiness": 105738000,
        "costsandexpenses": 1849728000,
        "operatingincomeloss": -204136000,
        "interestandotherincome": 27944000,
        "interestandotherexpense": 191423000,
        "nonoperatingincomeexpense": -163479000,
        "incomelossfromcontinuingoperationsbeforeincometaxesminorityinterestandincomelossfromequitymethodinvestments": 439262000,
        "incometaxexpensebenefit": 172211000,
        "incomelossfromcontinuingoperationsnetoftaxbeforeequitymethodinvestmentsandnoncontrollinginterest": 267051000,
        "incomelossfromequitymethodinvestments": 17155000,
        "profitloss": 284210000,
        "netincomelossattributabletononcontrollinginterest": 10058000,
        "netincomeloss": 274148000,
        "earningspersharebasic": 1.05,
        "earningspersharediluted": 1.05,
        "othercomprehensiveincomeforeigncurrencytransactionandtranslationgainlossbeforereclassificationandtax": 1800000,
        "othercomprehensiveincomeforeigncurrencytranslationgainlossarisingduringperiodtax": 343000,
        "othercomprehensiveincomelosscashflowhedgegainlossbeforereclassificationandtax": 40078000,
        "othercomprehensiveincomelosscashflowhedgegainlossreclassificationbeforetax": 901000,
        "othercomprehensiveincomelosscashflowhedgegainlossafterreclassificationtax": 9144000,
        "othercomprehensiveincomelosspensionandotherpostretirementbenefitplansadjustmentbeforetax": 22000,
        "othercomprehensiveincomelossnetoftax": -22000,
        "comprehensiveincomenetoftaxincludingportionattributabletononcontrollinginterest": 318470000,
        "comprehensiveincomenetoftaxattributabletononcontrollinginterest": 11906000,
        "comprehensiveincomenetoftax": 306564000
    },
    {
        "date": "2023-03-30",
        "symbol": "GPN",
        "period": "Q1",
        "revenuefromcontractwithcustomerexcludingassessedtax": 809930000,
        "costofgoodsandservicessold": 947753000,
        "sellinggeneralandadministrativeexpense": 1043126000,
        "gainlossonsaleofbusiness": -244833000,
        "costsandexpenses": 2235712000,
        "operatingincomeloss": -282654000,
        "interestandotherincome": 11153000,
        "interestandotherexpense": 122945000,
        "nonoperatingincomeexpense": -111792000,
        "incomelossfromcontinuingoperationsbeforeincometaxesminorityinterestandincomelossfromequitymethodinvestments": -55057000,
        "incometaxexpensebenefit": -31399000,
        "incomelossfromcontinuingoperationsnetoftaxbeforeequitymethodinvestmentsandnoncontrollinginterest": -23658000,
        "incomelossfromequitymethodinvestments": 19238000,
        "profitloss": 6621000,
        "netincomelossattributabletononcontrollinginterest": 6621000,
        "netincomeloss": -11041000,
        "earningspersharebasic": -0.04,
        "earningspersharediluted": -0.04,
        "othercomprehensiveincomeforeigncurrencytransactionandtranslationgainlossbeforereclassificationandtax": -18200000,
        "othercomprehensiveincomeforeigncurrencytranslationgainlossarisingduringperiodtax": 187000,
        "othercomprehensiveincomelosscashflowhedgegainlossbeforereclassificationandtax": -48051000,
        "othercomprehensiveincomelosscashflowhedgegainlossreclassificationbeforetax": -1386000,
        "othercomprehensiveincomelosscashflowhedgegainlossafterreclassificationtax": -10950000,
        "othercomprehensiveincomelosspensionandotherpostretirementbenefitplansadjustmentbeforetax": 22000,
        "othercomprehensiveincomelossnetoftax": 6374000,
        "comprehensiveincomenetoftaxincludingportionattributabletononcontrollinginterest": -2894000,
        "comprehensiveincomenetoftaxattributabletononcontrollinginterest": 12995000,
        "comprehensiveincomenetoftax": -15889000
    },
    {
        "date": "2022-12-30",
        "symbol": "GPN",
        "period": "Q4",
        "revenuefromcontractwithcustomerexcludingassessedtax": 762597000,
        "costofgoodsandservicessold": 927911000,
        "sellinggeneralandadministrativeexpense": 919493000,
        "costsandexpenses": 1845354000,
        "operatingincomeloss": -201986000,
        "interestandotherincome": 8544000,
        "interestandotherexpense": 121778000,
        "nonoperatingincomeexpense": -113234000,
        "incomelossfromcontinuingoperationsbeforeincometaxesminorityinterestandincomelossfromequitymethodinvestments": 294396000,
        "incometaxexpensebenefit": 47444000,
        "incomelossfromcontinuingoperationsnetoftaxbeforeequitymethodinvestmentsandnoncontrollinginterest": 246952000,
        "incomelossfromequitymethodinvestments": 11611000,
        "profitloss": 9257000,
        "netincomelossattributabletononcontrollinginterest": 9257000,
        "netincomeloss": 249306000,
        "earningspersharebasic": 0.8999999999999998,
        "earningspersharediluted": 0.8899999999999998,
        "othercomprehensiveincomeforeigncurrencytranslationgainlossarisingduringperiodtax": -1247000,
        "othercomprehensiveincomelosscashflowhedgegainlossbeforereclassificationandtax": 0,
        "othercomprehensiveincomelosscashflowhedgegainlossreclassificationbeforetax": -1368000,
        "othercomprehensiveincomelosscashflowhedgegainlossafterreclassificationtax": 334000,
        "othercomprehensiveincomelossnetoftax": 20373000,
        "comprehensiveincomenetoftaxincludingportionattributabletononcontrollinginterest": 477468000,
        "comprehensiveincomenetoftaxattributabletononcontrollinginterest": 29630000,
        "comprehensiveincomenetoftax": 447838000
    },
    {
        "date": "2022-09-29",
        "symbol": "GPN",
        "period": "Q3",
        "revenuefromcontractwithcustomerexcludingassessedtax": 778330000,
        "costofgoodsandservicessold": 931249000,
        "sellinggeneralandadministrativeexpense": 918757000,
        "costsandexpenses": 1898939000,
        "operatingincomeloss": -236043000,
        "interestandotherincome": 20393000,
        "interestandotherexpense": 135184000,
        "nonoperatingincomeexpense": -114791000,
        "incomelossfromcontinuingoperationsbeforeincometaxesminorityinterestandincomelossfromequitymethodinvestments": 271641000,
        "incometaxexpensebenefit": 14256000,
        "incomelossfromcontinuingoperationsnetoftaxbeforeequitymethodinvestmentsandnoncontrollinginterest": 257385000,
        "incomelossfromequitymethodinvestments": 42780000,
        "profitloss": 9712000,
        "netincomelossattributabletononcontrollinginterest": 9712000,
        "netincomeloss": 290453000,
        "earningspersharebasic": 1.06,
        "earningspersharediluted": 1.06,
        "othercomprehensiveincomeforeigncurrencytranslationgainlossarisingduringperiodtax": 182000,
        "othercomprehensiveincomelosscashflowhedgegainlossbeforereclassificationandtax": -1070000,
        "othercomprehensiveincomelosscashflowhedgegainlossreclassificationbeforetax": -2980000,
        "othercomprehensiveincomelosscashflowhedgegainlossafterreclassificationtax": 330000,
        "othercomprehensiveincomelossnetoftax": -14842000,
        "comprehensiveincomenetoftaxincludingportionattributabletononcontrollinginterest": 52000000,
        "comprehensiveincomenetoftaxattributabletononcontrollinginterest": -5130000,
        "comprehensiveincomenetoftax": 57130000
    },
    {
        "date": "2022-06-29",
        "symbol": "GPN",
        "period": "Q2",
        "revenuefromcontractwithcustomerexcludingassessedtax": 754139000,
        "costofgoodsandservicessold": 962299000,
        "sellinggeneralandadministrativeexpense": 863179000,
        "goodwillimpairmentloss": 833100000,
        "gainlossonsaleofbusiness": -152211000,
        "costsandexpenses": 2810764000,
        "operatingincomeloss": -179372000,
        "interestandotherincome": 2956000,
        "interestandotherexpense": 99188000,
        "nonoperatingincomeexpense": -96232000,
        "incomelossfromcontinuingoperationsbeforeincometaxesminorityinterestandincomelossfromequitymethodinvestments": -626090000,
        "incometaxexpensebenefit": 52776000,
        "incomelossfromcontinuingoperationsnetoftaxbeforeequitymethodinvestmentsandnoncontrollinginterest": -678866000,
        "incomelossfromequitymethodinvestments": 13815000,
        "profitloss": 7948000,
        "netincomelossattributabletononcontrollinginterest": 7948000,
        "netincomeloss": -672999000,
        "earningspersharebasic": -2.42,
        "earningspersharediluted": -2.42,
        "othercomprehensiveincomeforeigncurrencytransactionandtranslationgainlossbeforereclassificationandtax": -210882000,
        "othercomprehensiveincomelossforeigncurrencytransactionandtranslationreclassificationadjustmentfromaocirealizeduponsaleorliquidationbeforetax": -62925000,
        "othercomprehensiveincomeforeigncurrencytranslationgainlossarisingduringperiodtax": -963000,
        "othercomprehensiveincomelosscashflowhedgegainlossbeforereclassificationandtax": 5051000,
        "othercomprehensiveincomelosscashflowhedgegainlossreclassificationbeforetax": -7534000,
        "othercomprehensiveincomelosscashflowhedgegainlossafterreclassificationtax": 3052000,
        "othercomprehensiveincomelossnetoftax": -13488000,
        "comprehensiveincomenetoftaxincludingportionattributabletononcontrollinginterest": -802512000,
        "comprehensiveincomenetoftaxattributabletononcontrollinginterest": -5540000,
        "comprehensiveincomenetoftax": -796972000
    },
    {
        "date": "2022-03-30",
        "symbol": "GPN",
        "period": "Q1",
        "revenuefromcontractwithcustomerexcludingassessedtax": 720805000,
        "costofgoodsandservicessold": 957158000,
        "sellinggeneralandadministrativeexpense": 823149000,
        "costsandexpenses": 1780307000,
        "operatingincomeloss": -160343000,
        "interestandotherincome": 1711000,
        "interestandotherexpense": 93283000,
        "nonoperatingincomeexpense": -91572000,
        "incomelossfromcontinuingoperationsbeforeincometaxesminorityinterestandincomelossfromequitymethodinvestments": 284375000,
        "incometaxexpensebenefit": 52218000,
        "incomelossfromcontinuingoperationsnetoftaxbeforeequitymethodinvestmentsandnoncontrollinginterest": 232157000,
        "incomelossfromequitymethodinvestments": 17479000,
        "profitloss": 4903000,
        "netincomelossattributabletononcontrollinginterest": 4903000,
        "netincomeloss": 244733000,
        "earningspersharebasic": 0.87,
        "earningspersharediluted": 0.87,
        "othercomprehensiveincomelossforeigncurrencytransactionandtranslationadjustmentbeforetax": -32960000,
        "othercomprehensiveincomeforeigncurrencytranslationgainlossarisingduringperiodtax": -670000,
        "othercomprehensiveincomelosscashflowhedgegainlossbeforereclassificationandtax": 8934000,
        "othercomprehensiveincomelosscashflowhedgegainlossreclassificationbeforetax": -9445000,
        "othercomprehensiveincomelosscashflowhedgegainlossafterreclassificationtax": 4456000,
        "othercomprehensiveincomelossnetoftax": -5344000,
        "comprehensiveincomenetoftaxincludingportionattributabletononcontrollinginterest": 231269000,
        "comprehensiveincomenetoftaxattributabletononcontrollinginterest": -441000,
        "comprehensiveincomenetoftax": 231710000
    },
    {
        "date": "2021-09-29",
        "symbol": "GPN",
        "period": "Q3",
        "revenuefromcontractwithcustomerexcludingassessedtax": 2202337000,
        "costofgoodsandservicessold": 944172000,
        "sellinggeneralandadministrativeexpense": 858082000,
        "costsandexpenses": 1802254000,
        "operatingincomeloss": 400083000,
        "interestandotherincome": 6320000,
        "interestandotherexpense": 82187000,
        "nonoperatingincomeexpense": -75867000,
        "incomelossincludingportionattributabletononcontrollinginterest": 324216000,
        "incometaxexpensebenefit": 50117000,
        "incomelossfromcontinuingoperationsnetoftaxbeforeequitymethodinvestmentsandnoncontrollinginterest": 274099000,
        "incomelossfromequitymethodinvestments": 31364000,
        "profitloss": 305463000,
        "netincomelossattributabletononcontrollinginterest": 8727000,
        "netincomeloss": 296736000,
        "earningspersharebasic": 1.02,
        "earningspersharediluted": 1.01,
        "othercomprehensiveincomelossforeigncurrencytransactionandtranslationadjustmentbeforetax": -79532000,
        "othercomprehensiveincomeforeigncurrencytranslationgainlossarisingduringperiodtax": -447000,
        "othercomprehensiveincomelosscashflowhedgegainlossbeforereclassificationandtax": -646000,
        "othercomprehensiveincomelosscashflowhedgegainlossreclassificationbeforetax": -9788000,
        "othercomprehensiveincomelosscashflowhedgegainlossafterreclassificationtaxparent": 2208000,
        "othercomprehensiveincomeothernetoftax": -2209000,
        "othercomprehensiveincomelossnetoftax": -74360000,
        "comprehensiveincomenetoftaxincludingportionattributabletononcontrollinginterest": 231103000,
        "comprehensiveincomenetoftaxattributabletononcontrollinginterest": 4625000,
        "comprehensiveincomenetoftax": 226478000
    },
    {
        "date": "2021-03-30",
        "symbol": "GPN",
        "period": "Q1",
        "revenuefromcontractwithcustomerexcludingassessedtax": 1990007000,
        "costofgoodsandservicessold": 925246000,
        "sellinggeneralandadministrativeexpense": 789502000,
        "costsandexpenses": 1714748000,
        "operatingincomeloss": 275259000,
        "interestandotherincome": 4234000,
        "interestandotherexpense": 83141000,
        "nonoperatingincomeexpense": -78907000,
        "incomelossincludingportionattributabletononcontrollinginterest": 196352000,
        "incometaxexpensebenefit": 20675000,
        "incomelossfromcontinuingoperationsnetoftaxbeforeequitymethodinvestmentsandnoncontrollinginterest": 175677000,
        "incomelossfromequitymethodinvestments": 22733000,
        "profitloss": 198410000,
        "netincomelossattributabletononcontrollinginterest": 1729000,
        "netincomeloss": 196681000,
        "earningspersharebasic": 0.66,
        "earningspersharediluted": 0.66,
        "othercomprehensiveincomelossforeigncurrencytransactionandtranslationadjustmentbeforetax": -33567000,
        "othercomprehensiveincomeforeigncurrencytranslationgainlossarisingduringperiodtax": -750000,
        "othercomprehensiveincomelosscashflowhedgegainlossbeforereclassificationandtax": 994000,
        "othercomprehensiveincomelosscashflowhedgegainlossreclassificationbeforetax": -10838000,
        "othercomprehensiveincomelosscashflowhedgegainlossafterreclassificationtaxparent": 2864000,
        "othercomprehensiveincomelosspensionandotherpostretirementbenefitplansadjustmentbeforetax": -7775000,
        "othercomprehensiveincomelossnetoftax": -16074000,
        "comprehensiveincomenetoftaxincludingportionattributabletononcontrollinginterest": 182336000,
        "comprehensiveincomenetoftaxattributabletononcontrollinginterest": -4245000,
        "comprehensiveincomenetoftax": 186581000
    },
    {
        "date": "2020-12-30",
        "symbol": "GPN",
        "period": "Q4",
        "revenuefromcontractwithcustomerexcludingassessedtax": 1930193000,
        "costofgoodsandservicessold": 922195000,
        "sellinggeneralandadministrativeexpense": 756016000,
        "costsandexpenses": 1678211000,
        "operatingincomeloss": 251982000,
        "interestandotherincome": 8274000,
        "interestandotherexpense": 85073000,
        "nonoperatingincomeexpense": -76799000,
        "incometaxexpensebenefit": 17980000,
        "incomelossfromcontinuingoperationsnetoftaxbeforeequitymethodinvestmentsandnoncontrollinginterest": 157203000,
        "incomelossfromequitymethodinvestments": 27615000,
        "profitloss": 184818000,
        "netincomelossattributabletononcontrollinginterest": 2174000,
        "netincomeloss": 182644000,
        "earningspersharebasic": 0.6099999999999999,
        "earningspersharediluted": 0.6099999999999999,
        "othercomprehensiveincomelossforeigncurrencytransactionandtranslationadjustmentbeforetax": 164054000,
        "othercomprehensiveincomeforeigncurrencytranslationgainlossarisingduringperiodtax": 0,
        "othercomprehensiveincomelosscashflowhedgegainlossbeforereclassificationandtax": 590000,
        "othercomprehensiveincomelosscashflowhedgegainlossreclassificationbeforetax": -10724000,
        "othercomprehensiveincomelosspensionandotherpostretirementbenefitplansadjustmentbeforetax": 3862000,
        "othercomprehensiveincomelossnetoftax": 168837000,
        "comprehensiveincomenetoftaxincludingportionattributabletononcontrollinginterest": 353655000,
        "comprehensiveincomenetoftaxattributabletononcontrollinginterest": 9325000,
        "comprehensiveincomenetoftax": 344330000
    },
    {
        "date": "2020-09-29",
        "symbol": "GPN",
        "period": "Q3",
        "revenuefromcontractwithcustomerexcludingassessedtax": 1917815000,
        "costofgoodsandservicessold": 900921000,
        "sellinggeneralandadministrativeexpense": 726476000,
        "costsandexpenses": 1627397000,
        "operatingincomeloss": 290418000,
        "interestandotherincome": 29984000,
        "interestandotherexpense": 82976000,
        "nonoperatingincomeexpense": -52992000,
        "incomelossincludingportionattributabletononcontrollinginterest": 237426000,
        "incometaxexpensebenefit": 42835000,
        "incomelossfromcontinuingoperationsnetoftaxbeforeequitymethodinvestmentsandnoncontrollinginterest": 194591000,
        "incomelossfromequitymethodinvestments": 35639000,
        "profitloss": 230230000,
        "netincomelossattributabletononcontrollinginterest": 9260000,
        "netincomeloss": 220970000,
        "earningspersharebasic": 0.7400000000000002,
        "earningspersharediluted": 0.7400000000000002,
        "othercomprehensiveincomelossforeigncurrencytransactionandtranslationadjustmentbeforetax": 110809000,
        "othercomprehensiveincomeforeigncurrencytranslationgainlossarisingduringperiodtax": 1000,
        "othercomprehensiveincomelosscashflowhedgegainlossbeforereclassificationandtax": 194000,
        "othercomprehensiveincomelosscashflowhedgegainlossreclassificationbeforetax": -11133000,
        "othercomprehensiveincomelosscashflowhedgegainlossafterreclassificationtaxparent": 2612000,
        "othercomprehensiveincomelosspensionandotherpostretirementbenefitplansadjustmentbeforetax": 3531000,
        "othercomprehensiveincomelossnetoftax": 115992000,
        "comprehensiveincomenetoftaxincludingportionattributabletononcontrollinginterest": 346222000,
        "comprehensiveincomenetoftaxattributabletononcontrollinginterest": 18010000,
        "comprehensiveincomenetoftax": 328212000
    },
    {
        "date": "2020-06-29",
        "symbol": "GPN",
        "period": "Q2",
        "profitloss": 39444000,
        "othercomprehensiveincomelossforeigncurrencytransactionandtranslationadjustmentbeforetax": 82458000,
        "othercomprehensiveincomeforeigncurrencytranslationgainlossarisingduringperiodtax": -154000,
        "othercomprehensiveincomelosscashflowhedgegainlossbeforereclassificationandtax": -5630000,
        "othercomprehensiveincomelosscashflowhedgegainlossreclassificationbeforetax": -9982000,
        "othercomprehensiveincomelosscashflowhedgegainlossafterreclassificationtaxparent": 1057000,
        "othercomprehensiveincomelosspensionandotherpostretirementbenefitplansadjustmentbeforetax": -122000,
        "othercomprehensiveincomelossnetoftax": 86029000,
        "comprehensiveincomenetoftaxincludingportionattributabletononcontrollinginterest": 125473000,
        "comprehensiveincomenetoftaxattributabletononcontrollinginterest": 7508000,
        "comprehensiveincomenetoftax": 117965000,
        "revenuefromcontractwithcustomerexcludingassessedtax": 1671952000,
        "costofgoodsandservicessold": 893740000,
        "sellinggeneralandadministrativeexpense": 670638000,
        "costsandexpenses": 1564378000,
        "operatingincomeloss": 107574000,
        "interestandotherincome": 2787000,
        "interestandotherexpense": 82855000,
        "nonoperatingincomeexpense": -80068000,
        "incomelossincludingportionattributabletononcontrollinginterest": 27506000,
        "incometaxexpensebenefit": 836000,
        "incomelossfromcontinuingoperationsnetoftaxbeforeequitymethodinvestmentsandnoncontrollinginterest": 26670000,
        "incomelossfromequitymethodinvestments": 12774000,
        "netincomelossattributabletononcontrollinginterest": 2113000,
        "netincomeloss": 37331000,
        "earningspersharebasic": 0.12,
        "earningspersharediluted": 0.12
    },
    {
        "date": "2020-03-30",
        "symbol": "GPN",
        "period": "Q1",
        "profitloss": 150608000,
        "othercomprehensiveincomelossforeigncurrencytransactionandtranslationadjustmentbeforetax": -204111000,
        "othercomprehensiveincomeforeigncurrencytranslationgainlossarisingduringperiodtax": -1007000,
        "othercomprehensiveincomelosscashflowhedgegainlossbeforereclassificationandtax": -47896000,
        "othercomprehensiveincomelosscashflowhedgegainlossreclassificationbeforetax": -4671000,
        "othercomprehensiveincomelosscashflowhedgegainlossafterreclassificationtaxparent": -10346000,
        "othercomprehensiveincomelosspensionandotherpostretirementbenefitplansadjustmentbeforetax": -121000,
        "othercomprehensiveincomelossnetoftax": -235862000,
        "comprehensiveincomenetoftaxincludingportionattributabletononcontrollinginterest": -85254000,
        "comprehensiveincomenetoftaxattributabletononcontrollinginterest": 380000,
        "comprehensiveincomenetoftax": -85634000,
        "revenuefromcontractwithcustomerexcludingassessedtax": 1903598000,
        "costofgoodsandservicessold": 933871000,
        "sellinggeneralandadministrativeexpense": 725748000,
        "costsandexpenses": 1659619000,
        "operatingincomeloss": 243979000,
        "interestandotherincome": 2506000,
        "interestandotherexpense": 92644000,
        "nonoperatingincomeexpense": -90138000,
        "incomelossincludingportionattributabletononcontrollinginterest": 153841000,
        "incometaxexpensebenefit": 15502000,
        "incomelossfromcontinuingoperationsnetoftaxbeforeequitymethodinvestmentsandnoncontrollinginterest": 138339000,
        "incomelossfromequitymethodinvestments": 12269000,
        "netincomelossattributabletononcontrollinginterest": 7033000,
        "netincomeloss": 143575000,
        "earningspersharebasic": 0.48,
        "earningspersharediluted": 0.48
    },
    {
        "date": "2019-12-30",
        "symbol": "GPN",
        "period": "Q4",
        "profitloss": 114301000,
        "othercomprehensiveincomelossforeigncurrencytransactionandtranslationadjustmentbeforetax": 112748000,
        "othercomprehensiveincomeforeigncurrencytranslationgainlossarisingduringperiodtax": 414000,
        "othercomprehensiveincomelosscashflowhedgegainlossbeforereclassificationandtax": 6758000,
        "othercomprehensiveincomelosscashflowhedgegainlossreclassificationbeforetax": -3787000,
        "othercomprehensiveincomelosspensionandotherpostretirementbenefitplansadjustmentbeforetax": -4009000,
        "othercomprehensiveincomelossnetoftax": 119543000,
        "comprehensiveincomenetoftaxincludingportionattributabletononcontrollinginterest": 238424000,
        "comprehensiveincomenetoftaxattributabletononcontrollinginterest": 18158000,
        "comprehensiveincomenetoftax": 220266000,
        "revenuefromcontractwithcustomerexcludingassessedtax": 1987760000,
        "costofgoodsandservicessold": 1038577000,
        "sellinggeneralandadministrativeexpense": 753021000,
        "costsandexpenses": 1791598000,
        "operatingincomeloss": 196162000,
        "interestandotherincome": 11071000,
        "interestandotherexpense": 84047000,
        "nonoperatingincomeexpense": -72976000,
        "incometaxexpensebenefit": 22426000,
        "netincomelossattributabletononcontrollinginterest": 11531000,
        "netincomeloss": 102770000,
        "earningspersharebasic": 0.1499999999999999,
        "earningspersharediluted": 0.14000000000000012
    },
    {
        "date": "2019-09-29",
        "symbol": "GPN",
        "period": "Q3",
        "profitloss": 105731000,
        "othercomprehensiveincomelossforeigncurrencytransactionandtranslationadjustmentbeforetax": -67279000,
        "othercomprehensiveincomeforeigncurrencytranslationgainlossarisingduringperiodtax": -144000,
        "othercomprehensiveincomelosscashflowhedgegainlossbeforereclassificationandtax": -40265000,
        "othercomprehensiveincomelosscashflowhedgegainlossreclassificationbeforetax": -1193000,
        "othercomprehensiveincomelosscashflowhedgegainlossafterreclassificationtaxparent": -9289000,
        "othercomprehensiveincomelosspensionandotherpostretirementbenefitplansadjustmentbeforetax": -37000,
        "othercomprehensiveincomelossnetoftax": -96881000,
        "comprehensiveincomenetoftaxincludingportionattributabletononcontrollinginterest": 8850000,
        "comprehensiveincomenetoftaxattributabletononcontrollinginterest": 1967000,
        "comprehensiveincomenetoftax": 6883000,
        "revenuefromcontractwithcustomerexcludingassessedtax": 1105941000,
        "costofgoodsandservicessold": 427720000,
        "sellinggeneralandadministrativeexpense": 504184000,
        "costsandexpenses": 931904000,
        "operatingincomeloss": 174037000,
        "interestandotherincome": 11232000,
        "interestandotherexpense": 96161000,
        "nonoperatingincomeexpense": -84929000,
        "incomelossincludingportionattributabletononcontrollinginterest": 89108000,
        "incometaxexpensebenefit": -16623000,
        "netincomelossattributabletononcontrollinginterest": 10687000,
        "netincomeloss": 95044000,
        "earningspersharebasic": 0.54,
        "earningspersharediluted": 0.54
    },
    {
        "date": "2019-06-29",
        "symbol": "GPN",
        "period": "Q2",
        "profitloss": 130039000,
        "othercomprehensiveincomelossforeigncurrencytransactionandtranslationadjustmentbeforetax": 7704000,
        "othercomprehensiveincomeforeigncurrencytranslationgainlossarisingduringperiodtax": -1517000,
        "othercomprehensiveincomelosscashflowhedgegainlossbeforereclassificationandtax": -42222000,
        "othercomprehensiveincomelosscashflowhedgegainlossreclassificationbeforetax": 893000,
        "othercomprehensiveincomelosscashflowhedgegainlossafterreclassificationtaxparent": -10527000,
        "othercomprehensiveincomelosspensionandotherpostretirementbenefitplansadjustmentbeforetax": -17000,
        "othercomprehensiveincomelossnetoftax": -23350000,
        "comprehensiveincomenetoftaxincludingportionattributabletononcontrollinginterest": 106689000,
        "comprehensiveincomenetoftaxattributabletononcontrollinginterest": 13529000,
        "comprehensiveincomenetoftax": 93160000,
        "revenuefromcontractwithcustomerexcludingassessedtax": 935152000,
        "costofgoodsandservicessold": 302276000,
        "sellinggeneralandadministrativeexpense": 411150000,
        "costsandexpenses": 713426000,
        "operatingincomeloss": 221726000,
        "interestandotherincome": 6176000,
        "interestandotherexpense": 65616000,
        "nonoperatingincomeexpense": -59440000,
        "incomelossfromcontinuingoperationsbeforeincometaxesextraordinaryitemsnoncontrollinginterest": 162286000,
        "incometaxexpensebenefit": 32247000,
        "netincomelossattributabletononcontrollinginterest": 9581000,
        "netincomeloss": 120458000,
        "earningspersharebasic": 0.77,
        "earningspersharediluted": 0.77
    },
    {
        "date": "2019-03-30",
        "symbol": "GPN",
        "period": "Q1",
        "profitloss": 119205000,
        "othercomprehensiveincomelossforeigncurrencytransactionandtranslationadjustmentbeforetax": 5196000,
        "othercomprehensiveincomeforeigncurrencytranslationgainlossarisingduringperiodtax": -34000,
        "othercomprehensiveincomelosscashflowhedgegainlossbeforereclassificationandtax": -14509000,
        "othercomprehensiveincomelosscashflowhedgegainlossreclassificationbeforetax": 1830000,
        "othercomprehensiveincomelosscashflowhedgegainlossafterreclassificationtaxparent": -3985000,
        "othercomprehensiveincomelosspensionandotherpostretirementbenefitplansadjustmentbeforetax": -111000,
        "othercomprehensiveincomelossnetoftax": -2433000,
        "comprehensiveincomenetoftaxincludingportionattributabletononcontrollinginterest": 112192000,
        "comprehensiveincomenetoftaxattributabletononcontrollinginterest": 2284000,
        "comprehensiveincomenetoftax": 109908000,
        "revenuefromcontractwithcustomerexcludingassessedtax": 883039000,
        "costofgoodsandservicessold": 305230000,
        "sellinggeneralandadministrativeexpense": 378317000,
        "costsandexpenses": 683547000,
        "operatingincomeloss": 199492000,
        "interestandotherincome": 2934000,
        "interestandotherexpense": 59081000,
        "nonoperatingincomeexpense": -56147000,
        "incomelossfromcontinuingoperationsbeforeincometaxesextraordinaryitemsnoncontrollinginterest": 143345000,
        "incometaxexpensebenefit": 24140000,
        "netincomelossattributabletononcontrollinginterest": 6864000,
        "netincomeloss": 112341000,
        "earningspersharebasic": 0.71,
        "earningspersharediluted": 0.71
    },
    {
        "date": "2018-12-30",
        "symbol": "GPN",
        "period": "Q4",
        "profitloss": 50709000,
        "othercomprehensiveincomelossforeigncurrencytransactionandtranslationadjustmentbeforetax": -37818000,
        "othercomprehensiveincomeforeigncurrencytranslationgainlossarisingduringperiodtax": 608000,
        "othercomprehensiveincomelosspensionandotherpostretirementbenefitplansadjustmentbeforetax": -818000,
        "othercomprehensiveincomelossnetoftax": -40095000,
        "comprehensiveincomenetoftaxincludingportionattributabletononcontrollinginterest": 29239000,
        "comprehensiveincomenetoftaxattributabletononcontrollinginterest": -6344000,
        "comprehensiveincomenetoftax": 132578000,
        "sellinggeneralandadministrativeexpense": -353121000,
        "costsandexpenses": 713569000,
        "operatingincomeloss": 93264000,
        "interestandotherincome": 3323000,
        "interestandotherexpense": 55938000,
        "nonoperatingincomeexpense": -52615000,
        "incomelossfromcontinuingoperationsbeforeincometaxesextraordinaryitemsnoncontrollinginterest": 114371000,
        "incometaxexpensebenefit": 31048000,
        "netincomelossattributabletononcontrollinginterest": 8108000,
        "netincomeloss": 75215000,
        "earningspersharebasic": 0.4700000000000001,
        "earningspersharediluted": 0.47999999999999987
    },
    {
        "date": "2018-09-29",
        "symbol": "GPN",
        "period": "Q3",
        "profitloss": 186029000,
        "othercomprehensiveincomelossforeigncurrencytransactionandtranslationadjustmentbeforetax": -15395000,
        "othercomprehensiveincomeforeigncurrencytranslationgainlossarisingduringperiodtax": -140000,
        "othercomprehensiveincomelosscashflowhedgegainlossbeforereclassificationandtax": 1845000,
        "othercomprehensiveincomelosscashflowhedgegainlossreclassificationbeforetax": 1663000,
        "othercomprehensiveincomelosscashflowhedgegainlossafterreclassificationtaxparent": 110000,
        "othercomprehensiveincomelosspensionandotherpostretirementbenefitplansadjustmentbeforetax": 58000,
        "othercomprehensiveincomelossnetoftax": -15241000,
        "comprehensiveincomenetoftaxincludingportionattributabletononcontrollinginterest": 170788000,
        "comprehensiveincomenetoftaxattributabletononcontrollinginterest": 21333000,
        "comprehensiveincomenetoftax": 149455000,
        "revenuefromcontractwithcustomerexcludingassessedtax": 643715000,
        "costofgoodsandservicessold": 273600000,
        "sellinggeneralandadministrativeexpense": 17700000,
        "costsandexpenses": 634508000,
        "operatingincomeloss": 174012000,
        "interestandotherincome": 3134000,
        "interestandotherexpense": 46356000,
        "nonoperatingincomeexpense": -43222000,
        "incomelossfromcontinuingoperationsbeforeincometaxesextraordinaryitemsnoncontrollinginterest": 179940000,
        "incometaxexpensebenefit": -6089000,
        "netincomelossattributabletononcontrollinginterest": 9659000,
        "netincomeloss": 176370000,
        "earningspersharebasic": 1.12,
        "earningspersharediluted": 1.11
    },
    {
        "date": "2018-06-29",
        "symbol": "GPN",
        "period": "Q2",
        "profitloss": 117729000,
        "othercomprehensiveincomelossforeigncurrencytransactionandtranslationadjustmentbeforetax": -78550000,
        "othercomprehensiveincomeforeigncurrencytranslationgainlossarisingduringperiodtax": 763000,
        "othercomprehensiveincomelosscashflowhedgegainlossbeforereclassificationandtax": 2932000,
        "othercomprehensiveincomelosscashflowhedgegainlossreclassificationbeforetax": 1104000,
        "othercomprehensiveincomelosscashflowhedgegainlossafterreclassificationtaxparent": 445000,
        "othercomprehensiveincomelosspensionandotherpostretirementbenefitplansadjustmentbeforetax": -52000,
        "othercomprehensiveincomelossnetoftax": -77878000,
        "comprehensiveincomenetoftaxincludingportionattributabletononcontrollinginterest": 39851000,
        "comprehensiveincomenetoftaxattributabletononcontrollinginterest": -2551000,
        "comprehensiveincomenetoftax": 42402000,
        "revenuefromcontractwithcustomerexcludingassessedtax": 621801000,
        "costofgoodsandservicessold": 265000000,
        "sellinggeneralandadministrativeexpense": 16900000,
        "costsandexpenses": 642427000,
        "operatingincomeloss": 147184000,
        "interestandotherincome": 2568000,
        "interestandotherexpense": 47720000,
        "nonoperatingincomeexpense": -45152000,
        "incomelossfromcontinuingoperationsbeforeincometaxesextraordinaryitemsnoncontrollinginterest": 145585000,
        "incometaxexpensebenefit": 27856000,
        "netincomelossattributabletononcontrollinginterest": 8660000,
        "netincomeloss": 109069000,
        "earningspersharebasic": 0.69,
        "earningspersharediluted": 0.68
    },
    {
        "date": "2018-03-30",
        "symbol": "GPN",
        "period": "Q1",
        "profitloss": 97586000,
        "othercomprehensiveincomelossforeigncurrencytransactionandtranslationadjustmentbeforetax": 13324000,
        "othercomprehensiveincomeforeigncurrencytranslationgainlossarisingduringperiodtax": -399000,
        "othercomprehensiveincomeunrealizedgainlossonderivativesarisingduringperiodbeforetax": 7682000,
        "othercomprehensiveincomelossreclassificationadjustmentfromaocionderivativesnetoftax": 169000,
        "othercomprehensiveincomelossderivativesqualifyingashedgestax": 1865000,
        "othercomprehensiveincomelosspensionandotherpostretirementbenefitplansadjustmentbeforetax": 52000,
        "othercomprehensiveincomelossnetoftax": 8026000,
        "comprehensiveincomenetoftaxincludingportionattributabletononcontrollinginterest": 116905000,
        "comprehensiveincomenetoftaxattributabletononcontrollinginterest": 17480000,
        "comprehensiveincomenetoftax": 2430000,
        "revenues": 794977000,
        "costofservices": 252386000,
        "sellinggeneralandadministrativeexpense": 386421000,
        "costsandexpenses": 638807000,
        "operatingincomeloss": 156170000,
        "interestandotherincome": 11694000,
        "interestandotherexpense": 45605000,
        "nonoperatingincomeexpense": -33911000,
        "incomelossfromcontinuingoperationsbeforeincometaxesextraordinaryitemsnoncontrollinginterest": 122259000,
        "incometaxexpensebenefit": 24673000,
        "netincomelossattributabletononcontrollinginterest": 6187000,
        "netincomeloss": 91399000,
        "earningspersharebasic": 0.57,
        "earningspersharediluted": 0.57
    },
    {
        "date": "2017-12-30",
        "symbol": "GPN",
        "period": "Q4",
        "profitloss": 224661000,
        "othercomprehensiveincomelossforeigncurrencytransactionandtranslationadjustmentbeforetax": 12476000,
        "othercomprehensiveincomeunrealizedgainlossonderivativesarisingduringperiodbeforetax": 6763000,
        "othercomprehensiveincomelossderivativesqualifyingashedgestax": 1664000,
        "othercomprehensiveincomelosspensionandotherpostretirementbenefitplansadjustmentbeforetax": 464000,
        "othercomprehensiveincomelossnetoftax": 20702000,
        "comprehensiveincomenetoftaxincludingportionattributabletononcontrollinginterest": 268425000,
        "comprehensiveincomenetoftaxattributabletononcontrollinginterest": 7100000,
        "comprehensiveincomenetoftax": 261325000,
        "revenues": 766611000,
        "costofservices": 509069000,
        "sellinggeneralandadministrativeexpense": 395610000,
        "costsandexpenses": 904679000,
        "operatingincomeloss": 112405000,
        "interestandotherincome": 2876000,
        "interestandotherexpense": 44425000,
        "nonoperatingincomeexpense": -41549000,
        "incomelossfromcontinuingoperationsbeforeincometaxesextraordinaryitemsnoncontrollinginterest": 108026000,
        "incometaxexpensebenefit": -142293000,
        "netincomelossattributabletononcontrollinginterest": 8343000,
        "netincomeloss": 241963000,
        "earningspersharebasic": 1.5499999999999996,
        "earningspersharediluted": 1.5399999999999998
    },
    {
        "date": "2017-09-29",
        "symbol": "GPN",
        "period": "Q3",
        "profitloss": 118362000,
        "othercomprehensiveincomelossforeigncurrencytransactionandtranslationadjustmentbeforetax": 42417000,
        "othercomprehensiveincomeunrealizedgainlossonderivativesarisingduringperiodbeforetax": 341000,
        "derivativeinstrumentsgainlossreclassifiedfromaccumulatedociintoincomeeffectiveportionnet": 1172000,
        "othercomprehensiveincomelossderivativesqualifyingashedgestax": 670000,
        "othercomprehensiveincomelosspensionandotherpostretirementbenefitplansadjustmentbeforetax": -18000,
        "othercomprehensiveincomelossnetoftax": 40090000,
        "comprehensiveincomenetoftaxincludingportionattributabletononcontrollinginterest": 161640000,
        "comprehensiveincomenetoftaxattributabletononcontrollinginterest": 9950000,
        "comprehensiveincomenetoftax": 151690000,
        "revenues": 764902000,
        "costofservices": 493883000,
        "sellinggeneralandadministrativeexpense": 372553000,
        "costsandexpenses": 866436000,
        "operatingincomeloss": 138345000,
        "interestandotherincome": 2347000,
        "interestandotherexpense": 40764000,
        "nonoperatingincomeexpense": -38417000,
        "incomelossfromcontinuingoperationsbeforeincometaxesextraordinaryitemsnoncontrollinginterest": 134054000,
        "incometaxexpensebenefit": 15692000,
        "netincomelossattributabletononcontrollinginterest": 7622000,
        "netincomeloss": 110740000,
        "earningspersharebasic": 0.72,
        "earningspersharediluted": 0.71
    },
    {
        "date": "2017-06-29",
        "symbol": "GPN",
        "period": "Q2",
        "profitloss": 72443000,
        "othercomprehensiveincomelossforeigncurrencytransactionandtranslationadjustmentbeforetax": 57172000,
        "othercomprehensiveincomeunrealizedgainlossonderivativesarisingduringperiodbeforetax": -3382000,
        "derivativeinstrumentsgainlossreclassifiedfromaccumulatedociintoincomeeffectiveportionnet": 1897000,
        "othercomprehensiveincomelossderivativesqualifyingashedgestax": -661000,
        "othercomprehensiveincomelosspensionandotherpostretirementbenefitplansadjustmentbeforetax": -3000,
        "othercomprehensiveincomelossnetoftax": 45166000,
        "comprehensiveincomenetoftaxincludingportionattributabletononcontrollinginterest": 128794000,
        "comprehensiveincomenetoftaxattributabletononcontrollinginterest": 17535000,
        "comprehensiveincomenetoftax": 111259000,
        "revenues": 710965000,
        "costofservices": 469149000,
        "sellinggeneralandadministrativeexpense": 361239000,
        "costsandexpenses": 830388000,
        "operatingincomeloss": 112176000,
        "interestandotherincome": 1832000,
        "interestandotherexpense": 48361000,
        "nonoperatingincomeexpense": -46529000,
        "incomelossfromcontinuingoperationsbeforeincometaxesextraordinaryitemsnoncontrollinginterest": 85323000,
        "incometaxexpensebenefit": 12880000,
        "netincomelossattributabletononcontrollinginterest": 5534000,
        "netincomeloss": 66909000,
        "earningspersharebasic": 0.44,
        "earningspersharediluted": 0.44
    },
    {
        "date": "2017-03-30",
        "symbol": "GPN",
        "period": "Q1",
        "profitloss": 52959000,
        "othercomprehensiveincomelossforeigncurrencytransactionandtranslationadjustmentbeforetax": 34336000,
        "othercomprehensiveincomeunrealizedgainlossonderivativesarisingduringperiodbeforetax": 827000,
        "derivativeinstrumentsgainlossreclassifiedfromaccumulatedociintoincomeeffectiveportionnet": 1596000,
        "othercomprehensiveincomelossderivativesqualifyingashedgestax": 910000,
        "othercomprehensiveincomelosspensionandotherpostretirementbenefitplansadjustmentbeforetax": 217000,
        "othercomprehensiveincomelossnetoftax": 33615000,
        "comprehensiveincomenetoftaxincludingportionattributabletononcontrollinginterest": 88591000,
        "comprehensiveincomenetoftaxattributabletononcontrollinginterest": 4867000,
        "comprehensiveincomenetoftax": 83724000,
        "revenues": 687044000,
        "costofservices": 455936000,
        "sellinggeneralandadministrativeexpense": 358856000,
        "costsandexpenses": 814792000,
        "operatingincomeloss": 94083000,
        "interestandotherincome": 1607000,
        "interestandotherexpense": 41297000,
        "nonoperatingincomeexpense": -39690000,
        "incomelossfromcontinuingoperationsbeforeincometaxesextraordinaryitemsnoncontrollinginterest": 65280000,
        "incometaxexpensebenefit": 12321000,
        "netincomelossattributabletononcontrollinginterest": 4146000,
        "netincomeloss": 48813000,
        "earningspersharebasic": 0.32,
        "earningspersharediluted": 0.32
    },
    {
        "date": "2016-11-29",
        "symbol": "GPN",
        "period": "Q4",
        "profitloss": 52615000,
        "othercomprehensiveincomelossforeigncurrencytransactionandtranslationadjustmentbeforetax": -58008000,
        "othercomprehensiveincomeunrealizedgainlossonderivativesarisingduringperiodbeforetax": 7089000,
        "derivativeinstrumentsgainreclassifiedfromaccumulatedociintoincomeeffectiveportion": 1768000,
        "othercomprehensiveincomelossderivativesqualifyingashedgestax": 3328000,
        "othercomprehensiveincomelosspensionandotherpostretirementbenefitplansadjustmentbeforetax": 246000,
        "othercomprehensiveincomelossnetoftax": -49488000,
        "comprehensiveincomenetoftaxincludingportionattributabletononcontrollinginterest": -110000,
        "comprehensiveincomenetoftaxattributabletononcontrollinginterest": -5356000,
        "comprehensiveincomenetoftax": 5246000,
        "revenues": 701300000,
        "costofservices": 468383000,
        "sellinggeneralandadministrativeexpense": 368171000,
        "costsandexpenses": 836554000,
        "operatingincomeloss": 105746000,
        "interestandotherincome": 1353000,
        "interestandotherexpense": 52448000,
        "nonoperatingincomeexpense": -51095000,
        "incomelossfromcontinuingoperationsbeforeincometaxesextraordinaryitemsnoncontrollinginterest": 54172000,
        "incometaxexpensebenefit": 1557000,
        "netincomelossattributabletononcontrollinginterest": 3163000,
        "netincomeloss": 49452000,
        "earningspersharebasic": 0.32,
        "earningspersharediluted": 0.32
    },
    {
        "date": "2016-08-30",
        "symbol": "GPN",
        "period": "Q3",
        "profitloss": 92458000,
        "othercomprehensiveincomelossforeigncurrencytransactionandtranslationadjustmentbeforetax": -18781000,
        "othercomprehensiveincomeunrealizedgainlossonderivativesarisingduringperiodbeforetax": -3205000,
        "derivativeinstrumentsgainreclassifiedfromaccumulatedociintoincomeeffectiveportion": 1897000,
        "othercomprehensiveincomelossderivativesqualifyingashedgestax": -518000,
        "othercomprehensiveincomelosspensionandotherpostretirementbenefitplansadjustmentbeforetax": -108000,
        "othercomprehensiveincomelossnetoftax": -19461000,
        "comprehensiveincomenetoftaxincludingportionattributabletononcontrollinginterest": 72995000,
        "comprehensiveincomenetoftaxattributabletononcontrollinginterest": 7363000,
        "comprehensiveincomenetoftax": 65632000,
        "revenues": 939492000,
        "costofservices": 462626000,
        "sellinggeneralandadministrativeexpense": 355760000,
        "costsandexpenses": 818386000,
        "operatingincomeloss": 121106000,
        "interestandotherincome": 42473000,
        "interestandotherexpense": 43077000,
        "nonoperatingincomeexpense": -604000,
        "incomelossfromcontinuingoperationsbeforeincometaxesextraordinaryitemsnoncontrollinginterest": 120502000,
        "incometaxexpensebenefit": 28044000,
        "netincomelossattributabletononcontrollinginterest": 7365000,
        "netincomeloss": 85093000,
        "earningspersharebasic": 0.55,
        "earningspersharediluted": 0.55
    },
    {
        "date": "2016-05-30",
        "symbol": "GPN",
        "period": "FY",
        "profitloss": 290217000,
        "othercomprehensiveincomelossforeigncurrencytransactionandtranslationadjustmentbeforetax": -55858000,
        "othercomprehensiveincomeunrealizedgainlossonderivativesarisingduringperiodbeforetax": -12859000,
        "derivativeinstrumentsgainreclassifiedfromaccumulatedociintoincomeeffectiveportion": 8240000,
        "othercomprehensiveincomelossderivativesqualifyingashedgestax": -1738000,
        "othercomprehensiveincomelosspensionandotherpostretirementbenefitplansadjustmentbeforetax": 1382000,
        "othercomprehensiveincomelosspensionandotherpostretirementbenefitplanstax": 534000,
        "othercomprehensiveincomelossnetoftax": -60058000,
        "comprehensiveincomenetoftaxincludingportionattributabletononcontrollinginterest": 230630000,
        "comprehensiveincomenetoftaxattributabletononcontrollinginterest": 19022000,
        "comprehensiveincomenetoftax": 211608000,
        "revenues": 2052623000,
        "costofservices": 1147639000,
        "sellinggeneralandadministrativeexpense": 1325567000,
        "costsandexpenses": 2473206000,
        "operatingincomeloss": 307626000,
        "interestandotherincome": 5284000,
        "interestandotherexpense": 69316000,
        "nonoperatingincomeexpense": -64032000,
        "incomelossfromcontinuingoperationsbeforeincometaxesextraordinaryitemsnoncontrollinginterest": 360912000,
        "incometaxexpensebenefit": 70695000,
        "netincomelossattributabletononcontrollinginterest": 18551000,
        "netincomeloss": 271666000,
        "earningspersharebasic": 2.05,
        "earningspersharediluted": 2.04
    },
    {
        "date": "2016-02-28",
        "symbol": "GPN",
        "period": "Q1",
        "profitloss": 72912000,
        "othercomprehensiveincomelossforeigncurrencytransactionandtranslationadjustmentbeforetax": -25719000,
        "othercomprehensiveincomelossforeigncurrencytranslationadjustmenttax": -2008000,
        "othercomprehensiveincomeunrealizedgainlossonderivativesarisingduringperiodbeforetax": -11946000,
        "derivativeinstrumentsgainreclassifiedfromaccumulatedociintoincomeeffectiveportion": 2083000,
        "othercomprehensiveincomelossderivativesqualifyingashedgestax": -3681000,
        "othercomprehensiveincomelossnetoftax": -25885000,
        "comprehensiveincomenetoftaxincludingportionattributabletononcontrollinginterest": 43019000,
        "comprehensiveincomenetoftaxattributabletononcontrollinginterest": 6026000,
        "comprehensiveincomenetoftax": 36993000,
        "revenues": 478059000,
        "costofservices": 258728000,
        "sellinggeneralandadministrativeexpense": 313407000,
        "costsandexpenses": 572135000,
        "operatingincomeloss": 71379000,
        "interestandotherincome": 1092000,
        "interestandotherexpense": 13300000,
        "nonoperatingincomeexpense": -12208000,
        "incomelossfromcontinuingoperationsbeforeincometaxesextraordinaryitemsnoncontrollinginterest": 95597000,
        "incometaxexpensebenefit": 22685000,
        "netincomelossattributabletononcontrollinginterest": 3851000,
        "netincomeloss": 69061000,
        "earningspersharebasic": 0.53,
        "earningspersharediluted": 0.53
    },
    {
        "date": "2015-11-29",
        "symbol": "GPN",
        "period": "Q4",
        "profitloss": 83078000,
        "othercomprehensiveincomelossforeigncurrencytransactionandtranslationadjustmentbeforetax": -35582000,
        "othercomprehensiveincomelossforeigncurrencytranslationadjustmenttax": 2256000,
        "othercomprehensiveincomeunrealizedgainlossonderivativesarisingduringperiodbeforetax": -3968000,
        "derivativeinstrumentsgainreclassifiedfromaccumulatedociintoincomeeffectiveportion": 2467000,
        "othercomprehensiveincomelossderivativesqualifyingashedgestax": -562000,
        "othercomprehensiveincomelossnetoftax": -31568000,
        "comprehensiveincomenetoftaxincludingportionattributabletononcontrollinginterest": 44301000,
        "comprehensiveincomenetoftaxattributabletononcontrollinginterest": -1965000,
        "comprehensiveincomenetoftax": 46266000,
        "revenues": 511335000,
        "costofservices": 270565000,
        "sellinggeneralandadministrativeexpense": 328620000,
        "costsandexpenses": 599185000,
        "operatingincomeloss": 79121000,
        "interestandotherincome": 1292000,
        "interestandotherexpense": 14126000,
        "nonoperatingincomeexpense": -12834000,
        "incomelossfromcontinuingoperationsbeforeincometaxesextraordinaryitemsnoncontrollinginterest": 110331000,
        "incometaxexpensebenefit": 27253000,
        "netincomelossattributabletononcontrollinginterest": 4307000,
        "netincomeloss": 78771000,
        "earningspersharebasic": 0.61,
        "earningspersharediluted": 0.6
    },
    {
        "date": "2015-08-30",
        "symbol": "GPN",
        "period": "Q3",
        "profitloss": 93048000,
        "othercomprehensiveincomelossforeigncurrencytransactionandtranslationadjustmentbeforetax": -37017000,
        "othercomprehensiveincomelossforeigncurrencytranslationadjustmenttax": -11100000,
        "othercomprehensiveincomeunrealizedgainlossonderivativesarisingduringperiodbeforetax": -32000,
        "derivativeinstrumentsgainreclassifiedfromaccumulatedociintoincomeeffectiveportion": 1734000,
        "othercomprehensiveincomelossderivativesqualifyingashedgestax": 622000,
        "othercomprehensiveincomelossnetoftax": -27815000,
        "comprehensiveincomenetoftaxincludingportionattributabletononcontrollinginterest": 68211000,
        "comprehensiveincomenetoftaxattributabletononcontrollinginterest": 8300000,
        "comprehensiveincomenetoftax": 59911000,
        "revenues": 748796000,
        "costofservices": 272666000,
        "sellinggeneralandadministrativeexpense": 338358000,
        "costsandexpenses": 611024000,
        "operatingincomeloss": 137772000,
        "interestandotherincome": 1142000,
        "interestandotherexpense": 13243000,
        "nonoperatingincomeexpense": -12101000,
        "incomelossfromcontinuingoperationsbeforeincometaxesextraordinaryitemsnoncontrollinginterest": 125671000,
        "incometaxexpensebenefit": 32623000,
        "netincomelossattributabletononcontrollinginterest": 6402000,
        "netincomeloss": 86646000,
        "earningspersharebasic": 1.33,
        "earningspersharediluted": 1.32
    },
    {
        "date": "2015-05-30",
        "symbol": "GPN",
        "period": "FY",
        "profitloss": 309115000,
        "othercomprehensiveincomelossforeigncurrencytransactionandtranslationadjustmentbeforetax": -220641000,
        "othercomprehensiveincomelossforeigncurrencytranslationadjustmenttax": -12152000,
        "othercomprehensiveincomeunrealizedgainlossonderivativesarisingduringperiodbeforetax": -10116000,
        "derivativeinstrumentsgainreclassifiedfromaccumulatedociintoincomeeffectiveportion": 3958000,
        "othercomprehensiveincomelossderivativesqualifyingashedgestax": -2284000,
        "othercomprehensiveincomelosspensionandotherpostretirementbenefitplansadjustmentbeforetax": 691000,
        "othercomprehensiveincomelosspensionandotherpostretirementbenefitplanstax": 241000,
        "othercomprehensiveincomelossnetoftax": -184216000,
        "comprehensiveincomenetoftaxincludingportionattributabletononcontrollinginterest": 96302000,
        "comprehensiveincomenetoftaxattributabletononcontrollinginterest": 2478000,
        "comprehensiveincomenetoftax": 93824000,
        "revenues": 615966000,
        "costofservices": 1022107000,
        "sellinggeneralandadministrativeexpense": 1295014000,
        "costsandexpenses": 2317121000,
        "operatingincomeloss": 279711000,
        "interestandotherincome": 4949000,
        "interestandotherexpense": 44436000,
        "nonoperatingincomeexpense": -39487000,
        "incomelossfromcontinuingoperationsbeforeincometaxesextraordinaryitemsnoncontrollinginterest": 417110000,
        "incometaxexpensebenefit": 107995000,
        "netincomelossattributabletononcontrollinginterest": 31075000,
        "netincomeloss": 278040000,
        "earningspersharebasic": 4.15,
        "earningspersharediluted": 4.12
    },
    {
        "date": "2015-02-27",
        "symbol": "GPN",
        "period": "Q1",
        "profitloss": 69315000,
        "othercomprehensiveincomelossforeigncurrencytransactionandtranslationadjustmentbeforetax": -103283000,
        "othercomprehensiveincomelossforeigncurrencytranslationadjustmenttax": -7958000,
        "othercomprehensiveincomeunrealizedgainlossonderivativesarisingduringperiodbeforetax": -1859000,
        "derivativeinstrumentsgainreclassifiedfromaccumulatedociintoincomeeffectiveportion": 1750000,
        "othercomprehensiveincomelossderivativesqualifyingashedgestax": -41000,
        "othercomprehensiveincomelossnetoftax": -95393000,
        "comprehensiveincomenetoftaxincludingportionattributabletononcontrollinginterest": -26078000,
        "comprehensiveincomenetoftaxattributabletononcontrollinginterest": -7146000,
        "comprehensiveincomenetoftax": -18932000,
        "revenues": 138378000,
        "costofservices": 250255000,
        "sellinggeneralandadministrativeexpense": 310113000,
        "costsandexpenses": 560368000,
        "operatingincomeloss": 64902000,
        "interestandotherincome": 1160000,
        "interestandotherexpense": 13429000,
        "nonoperatingincomeexpense": -12269000,
        "incomelossfromcontinuingoperationsbeforeincometaxesextraordinaryitemsnoncontrollinginterest": 92346000,
        "incometaxexpensebenefit": 23031000,
        "netincomelossattributabletononcontrollinginterest": 6747000,
        "netincomeloss": 62568000,
        "earningspersharebasic": 0.77,
        "earningspersharediluted": 0.76
    },
    {
        "date": "2014-11-29",
        "symbol": "GPN",
        "period": "Q4",
        "profitloss": 85256000,
        "othercomprehensiveincomelossforeigncurrencytransactionandtranslationadjustmentbeforetax": -92634000,
        "othercomprehensiveincomelossforeigncurrencytranslationadjustmenttax": -4774000,
        "othercomprehensiveincomeunrealizedgainlossonderivativesarisingduringperiodbeforetax": -4419000,
        "derivativeinstrumentsgainlossreclassifiedfromaccumulatedociintoincomeeffectiveportionnet": 531000,
        "othercomprehensiveincomelossderivativesqualifyingashedgestax": -1443000,
        "othercomprehensiveincomelossnetoftax": -90305000,
        "comprehensiveincomenetoftaxincludingportionattributabletononcontrollinginterest": -5049000,
        "comprehensiveincomenetoftaxattributabletononcontrollinginterest": 3546000,
        "comprehensiveincomenetoftax": -8595000,
        "revenues": 83992000,
        "costofservices": 257796000,
        "sellinggeneralandadministrativeexpense": 315511000,
        "costsandexpenses": 573307000,
        "operatingincomeloss": 74246000,
        "interestandotherincome": 1282000,
        "interestandotherexpense": 10350000,
        "nonoperatingincomeexpense": -9068000,
        "incomelossfromcontinuingoperationsbeforeincometaxesextraordinaryitemsnoncontrollinginterest": 114916000,
        "incometaxexpensebenefit": 29660000,
        "netincomelossattributabletononcontrollinginterest": 10475000,
        "netincomeloss": 74781000,
        "earningspersharebasic": 1.02,
        "earningspersharediluted": 1.02
    },
    {
        "date": "2014-08-30",
        "symbol": "GPN",
        "period": "Q3",
        "profitloss": 84434000,
        "othercomprehensiveincomelossforeigncurrencytransactionandtranslationadjustmentbeforetax": -25220000,
        "othercomprehensiveincomelossforeigncurrencytranslationadjustmenttax": -2516000,
        "othercomprehensiveincomelossnetoftax": -22704000,
        "comprehensiveincomenetoftaxincludingportionattributabletononcontrollinginterest": 61730000,
        "comprehensiveincomenetoftaxattributabletononcontrollinginterest": 3939000,
        "comprehensiveincomenetoftax": 57791000,
        "revenues": 162787000,
        "costofservices": 259839000,
        "sellinggeneralandadministrativeexpense": 320658000,
        "costsandexpenses": 580497000,
        "operatingincomeloss": -27141000,
        "interestandotherincome": 1192000,
        "interestandotherexpense": 11010000,
        "nonoperatingincomeexpense": -9818000,
        "incomelossfromcontinuingoperationsbeforeincometaxesextraordinaryitemsnoncontrollinginterest": 114580000,
        "incometaxexpensebenefit": 30146000,
        "netincomelossattributabletononcontrollinginterest": 9068000,
        "netincomeloss": 75366000,
        "earningspersharebasic": 1.11,
        "earningspersharediluted": 1.1
    },
    {
        "date": "2014-05-30",
        "symbol": "GPN",
        "period": "FY",
        "profitloss": 269952000,
        "othercomprehensiveincomelossforeigncurrencytransactionandtranslationadjustmentbeforetax": 17034000,
        "othercomprehensiveincomelossforeigncurrencytranslationadjustmenttax": -3133000,
        "othercomprehensiveincomelosspensionandotherpostretirementbenefitplansadjustmentbeforetax": -236000,
        "othercomprehensiveincomelosspensionandotherpostretirementbenefitplanstax": -63000,
        "othercomprehensiveincomelossnetoftax": 20340000,
        "comprehensiveincomenetoftaxincludingportionattributabletononcontrollinginterest": 290292000,
        "comprehensiveincomenetoftaxattributabletononcontrollinginterest": 31720000,
        "comprehensiveincomenetoftax": 258572000,
        "revenues": 1808992000,
        "costofservices": 952225000,
        "sellinggeneralandadministrativeexpense": 1203512000,
        "processingsystemintrusionexpense": -7000000,
        "costsandexpenses": 2148737000,
        "operatingincomeloss": -106931000,
        "interestandotherincome": 13663000,
        "interestandotherexpense": 41812000,
        "nonoperatingincomeexpense": -28149000,
        "incomelossfromcontinuingoperationsbeforeincometaxesextraordinaryitemsnoncontrollinginterest": 377350000,
        "incometaxexpensebenefit": 107398000,
        "netincomelossattributabletononcontrollinginterest": 24666000,
        "netincomeloss": 245286000,
        "earningspersharebasic": 3.4,
        "earningspersharediluted": 3.37
    },
    {
        "date": "2013-11-29",
        "symbol": "GPN",
        "period": "Q4",
        "profitloss": 79857000,
        "othercomprehensiveincomelossforeigncurrencytransactionandtranslationadjustmentbeforetax": 23948000,
        "othercomprehensiveincomelossforeigncurrencytranslationadjustmenttax": 283000,
        "othercomprehensiveincomelossnetoftax": 23665000,
        "comprehensiveincomenetoftaxincludingportionattributabletononcontrollinginterest": 103522000,
        "comprehensiveincomenetoftaxattributabletononcontrollinginterest": 10015000,
        "comprehensiveincomenetoftax": 93507000,
        "revenues": 447033000,
        "costofservices": 235170000,
        "sellinggeneralandadministrativeexpense": 294045000,
        "unusualorinfrequentitemnetofinsuranceproceeds": -7000000,
        "costsandexpenses": 522215000,
        "operatingincomeloss": 70437000,
        "interestandotherincome": 5288000,
        "interestandotherexpense": 8025000,
        "nonoperatingincomeexpense": -2737000,
        "incomelossfromcontinuingoperationsbeforeincometaxesextraordinaryitemsnoncontrollinginterest": 109170000,
        "incometaxexpensebenefit": 29313000,
        "netincomelossattributabletononcontrollinginterest": 5960000,
        "netincomeloss": 73897000,
        "earningspersharebasic": 0.89,
        "earningspersharediluted": 0.89
    },
    {
        "date": "2013-08-30",
        "symbol": "GPN",
        "period": "Q3",
        "profitloss": 71708000,
        "othercomprehensiveincomelossforeigncurrencytransactionandtranslationadjustmentbeforetax": -2288000,
        "othercomprehensiveincomelossforeigncurrencytranslationadjustmenttax": -2536000,
        "othercomprehensiveincomelossnetoftax": 248000,
        "comprehensiveincomenetoftaxincludingportionattributabletononcontrollinginterest": 71956000,
        "comprehensiveincomenetoftaxattributabletononcontrollinginterest": 9627000,
        "comprehensiveincomenetoftax": 62329000,
        "revenues": 363833000,
        "costofservices": 230745000,
        "sellinggeneralandadministrativeexpense": 291556000,
        "costsandexpenses": 522301000,
        "operatingincomeloss": -23856000,
        "interestandotherincome": 3338000,
        "interestandotherexpense": 7879000,
        "nonoperatingincomeexpense": -4541000,
        "incomelossfromcontinuingoperationsbeforeincometaxesextraordinaryitemsnoncontrollinginterest": 102843000,
        "incometaxexpensebenefit": 31135000,
        "netincomelossattributabletononcontrollinginterest": 7065000,
        "netincomeloss": 64643000,
        "earningspersharebasic": 0.88,
        "earningspersharediluted": 0.87,
        "incometaxexpensebenefitattributabletononcontrollinginterest": 1749000
    },
    {
        "date": "2013-05-30",
        "symbol": "GPN",
        "period": "FY",
        "profitloss": 238713000,
        "othercomprehensiveincomelossforeigncurrencytransactionandtranslationadjustmentbeforetax": 20629000,
        "othercomprehensiveincomelossforeigncurrencytranslationadjustmenttax": -582000,
        "othercomprehensiveincomelosspensionandotherpostretirementbenefitplansadjustmentbeforetax": -2302000,
        "othercomprehensiveincomelosspensionandotherpostretirementbenefitplanstax": -785000,
        "othercomprehensiveincomelossnetoftax": 22728000,
        "comprehensiveincomenetoftaxincludingportionattributabletononcontrollinginterest": 261441000,
        "comprehensiveincomenetoftaxattributabletononcontrollinginterest": 30378000,
        "comprehensiveincomenetoftax": 231063000,
        "revenues": 147655000,
        "costofservices": 862075000,
        "sellinggeneralandadministrativeexpense": 1119860000,
        "unusualorinfrequentitemnetofinsuranceproceeds": 36775000,
        "costsandexpenses": 2018710000,
        "operatingincomeloss": 258910000,
        "interestandotherincome": 10353000,
        "interestandotherexpense": 33282000,
        "nonoperatingincomeexpense": -22929000,
        "incomelossfromcontinuingoperationsbeforeincometaxesextraordinaryitemsnoncontrollinginterest": 334284000,
        "incometaxexpensebenefit": 95571000,
        "incomelossfromcontinuingoperationsincludingportionattributabletononcontrollinginterest": 238713000,
        "netincomelossattributabletononcontrollinginterest": 22588000,
        "netincomeloss": 216125000,
        "incomelossfromcontinuingoperations": 216125000,
        "incomelossfromcontinuingoperationsperbasicshare": 2.78,
        "earningspersharebasic": 2.78,
        "incomelossfromcontinuingoperationsperdilutedshare": 2.76,
        "earningspersharediluted": 2.76
    },
    {
        "date": "2013-02-27",
        "symbol": "GPN",
        "period": "Q1",
        "profitloss": 62814000,
        "othercomprehensiveincomelossforeigncurrencytransactionandtranslationadjustmentbeforetax": -28288000,
        "othercomprehensiveincomelossforeigncurrencytranslationadjustmenttax": -3960000,
        "othercomprehensiveincomelossnetoftax": -24328000,
        "comprehensiveincomenetoftaxincludingportionattributabletononcontrollinginterest": 38486000,
        "comprehensiveincomenetoftaxattributabletononcontrollinginterest": 5230000,
        "comprehensiveincomenetoftax": 33256000,
        "revenues": 39424000,
        "costofservices": 2000000,
        "sellinggeneralandadministrativeexpense": 271696000,
        "processingsystemintrusionexpense": -1200000,
        "costsandexpenses": 487972000,
        "operatingincomeloss": 51820000,
        "interestandotherincome": 2536000,
        "interestanddebtexpense": 7063000,
        "nonoperatingincomeexpense": -4527000,
        "incomelossfromcontinuingoperationsbeforeincometaxesextraordinaryitemsnoncontrollinginterest": 86247000,
        "incometaxexpensebenefit": 23433000,
        "netincomelossattributabletononcontrollinginterest": 4352000,
        "netincomeloss": 58462000,
        "earningspersharebasic": 0.75,
        "earningspersharediluted": 0.75,
        "commonstockdividendspersharecashpaid": 0.02,
        "taxonnetincomelossattributabletononcontrollinginterest": 707000
    },
    {
        "date": "2012-11-29",
        "symbol": "GPN",
        "period": "Q4",
        "profitloss": 75371000,
        "othercomprehensiveincomeforeigncurrencytransactionandtranslationadjustmentbeforetaxperiodincreasedecrease": 18089000,
        "othercomprehensiveincomeforeigncurrencytranslationadjustmenttax": 3433000,
        "othercomprehensiveincomelossnetoftaxperiodincreasedecrease": 21522000,
        "comprehensiveincomenetoftaxincludingportionattributabletononcontrollinginterest": 96893000,
        "comprehensiveincomenetoftaxattributabletononcontrollinginterest": 9776000,
        "comprehensiveincomenetoftax": 87117000,
        "revenues": 36609000,
        "costofservices": 2500000,
        "sellinggeneralandadministrativeexpense": 276177000,
        "processingsystemintrusionexpense": -14500000,
        "costsandexpenses": 471956000,
        "operatingincomeloss": 53987000,
        "interestandotherincome": 2187000,
        "interestanddebtexpense": 14609000,
        "nonoperatingincomeexpense": -12422000,
        "incomelossfromcontinuingoperationsbeforeincometaxesextraordinaryitemsnoncontrollinginterest": 104160000,
        "incometaxexpensebenefit": 28789000,
        "netincomelossattributabletononcontrollinginterest": 5188000,
        "netincomeloss": 70183000,
        "earningspersharebasic": 0.89,
        "earningspersharediluted": 0.89,
        "commonstockdividendspersharecashpaid": 0.02,
        "taxonnetincomelossattributabletononcontrollinginterest": 948000
    },
    {
        "date": "2012-08-30",
        "symbol": "GPN",
        "period": "Q3",
        "profitloss": 54162000,
        "othercomprehensiveincomeforeigncurrencytransactionandtranslationadjustmentbeforetaxperiodincreasedecrease": 41041000,
        "othercomprehensiveincomeforeigncurrencytranslationadjustmenttax": -6579000,
        "othercomprehensiveincomelossnetoftaxperiodincreasedecrease": 34462000,
        "comprehensiveincomenetoftaxincludingportionattributabletononcontrollinginterest": 88624000,
        "comprehensiveincomenetoftaxattributabletononcontrollinginterest": 10451000,
        "comprehensiveincomenetoftax": 78173000,
        "revenues": 128465000,
        "costofservices": 2800000,
        "sellinggeneralandadministrativeexpense": 281419000,
        "processingsystemintrusionexpense": 23989000,
        "costsandexpenses": 509799000,
        "operatingincomeloss": 67217000,
        "interestandotherincome": 1983000,
        "interestanddebtexpense": 3545000,
        "nonoperatingincomeexpense": -1562000,
        "incomelossfromcontinuingoperationsbeforeincometaxesextraordinaryitemsnoncontrollinginterest": 78926000,
        "incometaxexpensebenefit": 24764000,
        "netincomelossattributabletononcontrollinginterest": 7487000,
        "netincomeloss": 46675000,
        "earningspersharebasic": 0.59,
        "earningspersharediluted": 0.59,
        "commonstockdividendspersharecashpaid": 0.02,
        "taxonnetincomelossattributabletononcontrollinginterest": 1620000
    },
    {
        "date": "2012-05-30",
        "symbol": "GPN",
        "period": "FY",
        "revenues": 636595000,
        "costofservices": 8800000,
        "sellinggeneralandadministrativeexpense": 1027304000,
        "processingsystemintrusionexpense": 84438000,
        "costsandexpenses": 1896498000,
        "operatingincomeloss": 281305000,
        "interestandotherincome": 9946000,
        "interestanddebtexpense": 16848000,
        "nonoperatingincomeexpense": -6902000,
        "incomelossfromcontinuingoperationsbeforeincometaxesextraordinaryitemsnoncontrollinginterest": 300447000,
        "incometaxexpensebenefit": 82881000,
        "incomelossfromcontinuingoperationsincludingportionattributabletononcontrollinginterest": 217566000,
        "profitloss": 217566000,
        "netincomelossattributabletononcontrollinginterest": 29405000,
        "netincomeloss": 188161000,
        "incomelossfromcontinuingoperations": 188161000,
        "incomelossfromcontinuingoperationsperbasicshare": 2.39,
        "earningspersharebasic": 2.39,
        "incomelossfromcontinuingoperationsperdilutedshare": 2.37,
        "earningspersharediluted": 2.37,
        "commonstockdividendspersharecashpaid": 0.08
    },
    {
        "date": "2012-02-28",
        "symbol": "GPN",
        "period": "Q1",
        "revenues": 76677000,
        "costofservices": 2100000,
        "sellinggeneralandadministrativeexpense": 246973000,
        "costsandexpenses": 441191000,
        "operatingincomeloss": 47911000,
        "interestandotherincome": 2368000,
        "interestanddebtexpense": 3698000,
        "nonoperatingincomeexpense": -1330000,
        "incomelossfromcontinuingoperationsbeforeincometaxesextraordinaryitemsnoncontrollinginterest": 91018000,
        "incometaxexpensebenefit": 25328000,
        "incomelossfromcontinuingoperationsincludingportionattributabletononcontrollinginterest": 65690000,
        "profitloss": 65690000,
        "netincomelossattributabletononcontrollinginterest": 7770000,
        "netincomeloss": 57920000,
        "incomelossfromcontinuingoperations": 57920000,
        "incomelossfromcontinuingoperationsperbasicshare": 0.74,
        "earningspersharebasic": 0.74,
        "incomelossfromcontinuingoperationsperdilutedshare": 0.73,
        "earningspersharediluted": 0.73,
        "commonstockdividendspersharecashpaid": 0.02,
        "taxonnetincomelossattributabletononcontrollinginterest": 771000
    },
    {
        "date": "2011-11-29",
        "symbol": "GPN",
        "period": "Q4",
        "revenues": 85521000,
        "costofservices": 2900000,
        "sellinggeneralandadministrativeexpense": 247994000,
        "costsandexpenses": 433925000,
        "operatingincomeloss": 44494000,
        "interestandotherincome": 2259000,
        "interestanddebtexpense": 4878000,
        "nonoperatingincomeexpense": -2619000,
        "incomelossfromcontinuingoperationsbeforeincometaxesextraordinaryitemsnoncontrollinginterest": 93961000,
        "incometaxexpensebenefit": 1077000,
        "incomelossfromcontinuingoperationsincludingportionattributabletononcontrollinginterest": 68149000,
        "profitloss": 68149000,
        "netincomelossattributabletononcontrollinginterest": 6968000,
        "netincomeloss": 61181000,
        "incomelossfromcontinuingoperations": 61181000,
        "incomelossfromcontinuingoperationsperbasicshare": 0.78,
        "earningspersharebasic": 0.78,
        "incomelossfromcontinuingoperationsperdilutedshare": 0.78,
        "earningspersharediluted": 0.78,
        "commonstockdividendspersharecashpaid": 0.02
    },
    {
        "date": "2011-08-30",
        "symbol": "GPN",
        "period": "Q3",
        "revenues": 378646000,
        "costofservices": 2400000,
        "sellinggeneralandadministrativeexpense": 242625000,
        "costsandexpenses": 434161000,
        "operatingincomeloss": -18806000,
        "interestandotherincome": 2501000,
        "interestanddebtexpense": 4087000,
        "nonoperatingincomeexpense": -1586000,
        "incomelossfromcontinuingoperationsbeforeincometaxesextraordinaryitemsnoncontrollinginterest": 107024000,
        "incometaxexpensebenefit": 1858000,
        "incomelossfromcontinuingoperationsincludingportionattributabletononcontrollinginterest": 72081000,
        "profitloss": 72081000,
        "netincomelossattributabletononcontrollinginterest": 8107000,
        "netincomeloss": 63974000,
        "incomelossfromcontinuingoperations": 63974000,
        "incomelossfromcontinuingoperationsperbasicshare": 0.8,
        "earningspersharebasic": 0.8,
        "incomelossfromcontinuingoperationsperdilutedshare": 0.79,
        "earningspersharediluted": 0.79,
        "commonstockdividendspersharecashpaid": 0.02
    },
    {
        "date": "2011-05-30",
        "symbol": "GPN",
        "period": "FY",
        "salesrevenuenet": 1859802000,
        "costofservices": 665017000,
        "sellinggeneralandadministrativeexpense": 863191000,
        "costsandexpenses": 1528208000,
        "operatingincomeloss": 331594000,
        "interestandotherincome": 10774000,
        "interestanddebtexpense": 18161000,
        "nonoperatingincomeexpense": -7387000,
        "incomelossfromcontinuingoperationsbeforeincometaxesminorityinterestandincomelossfromequitymethodinvestments": 324207000,
        "incometaxexpensebenefit": 95076000,
        "incomelossfromcontinuingoperationsincludingportionattributabletononcontrollinginterest": 229131000,
        "incomelossfromdiscontinuedoperationsnetoftax": -975000,
        "profitloss": 228156000,
        "netincomelossattributabletononcontrollinginterest": 18918000,
        "netincomeloss": 209238000,
        "incomelossfromcontinuingoperations": 210213000,
        "incomelossfromdiscontinuedoperationsnetoftaxattributabletoreportingentity": -975000,
        "incomelossfromcontinuingoperationsperbasicshare": 2.63,
        "incomelossfromdiscontinuedoperationsnetoftaxperbasicshare": -0.01,
        "earningspersharebasic": 2.62,
        "incomelossfromcontinuingoperationsperdilutedshare": 2.61,
        "incomelossfromdiscontinuedoperationsnetoftaxperdilutedshare": -0.01,
        "earningspersharediluted": 2.6,
        "commonstockdividendspersharecashpaid": 0.08
    },
    {
        "date": "2010-11-29",
        "symbol": "GPN",
        "period": "Q4",
        "netrevenue": 443527000,
        "costofservices": 154205000,
        "sellinggeneralandadministrativeexpense": 206178000,
        "costsandexpenses": 360383000,
        "operatingincomeloss": 83144000,
        "interestincomeandother": 4071000,
        "interestanddebtexpense": 4299000,
        "nonoperatingincomeexpense": -228000,
        "incomelossfromcontinuingoperationsbeforeincometaxes": 82916000,
        "incometaxexpensebenefit": 24546000,
        "incomelossfromcontinuingoperationsincludingportionattributabletononcontrollinginterest": 58370000,
        "incomelossfromdiscontinuedoperationsnetoftax": -487000,
        "profitloss": 57883000,
        "netincomelossattributabletononcontrollinginterest": 4378000,
        "netincomeloss": 53505000,
        "incomelossfromcontinuingoperations": 53992000,
        "incomelossfromdiscontinuedoperationsnetoftaxattributabletoreportingentity": -487000,
        "incomelossfromcontinuingoperationsperbasicshare": 0.68,
        "earningspersharebasic": 0.67,
        "incomelossfromcontinuingoperationsperdilutedshare": 0.68,
        "earningspersharediluted": 0.67,
        "commonstockdividendspersharecashpaid": 0.02,
        "taxonnetincomelossattributabletononcontrollinginterest": 1010000
    },
    {
        "date": "2010-08-30",
        "symbol": "GPN",
        "period": "Q3",
        "netrevenue": 440138000,
        "costofservices": 151041000,
        "sellinggeneralandadministrativeexpense": 206990000,
        "costsandexpenses": 358031000,
        "operatingincomeloss": 82107000,
        "interestincomeandother": 1537000,
        "interestanddebtexpense": 4841000,
        "nonoperatingincomeexpense": -3304000,
        "incomelossfromcontinuingoperationsbeforeincometaxes": 78803000,
        "incometaxexpensebenefit": 24981000,
        "incomelossfromcontinuingoperationsincludingportionattributabletononcontrollinginterest": 53822000,
        "incomelossfromdiscontinuedoperationsnetoftax": -28000,
        "profitloss": 53794000,
        "netincomelossattributabletononcontrollinginterest": 4426000,
        "netincomeloss": 49368000,
        "incomelossfromcontinuingoperations": 49396000,
        "incomelossfromdiscontinuedoperationsnetoftaxattributabletoreportingentity": -28000,
        "incomelossfromcontinuingoperationsperbasicshare": 0.62,
        "earningspersharebasic": 0.62,
        "incomelossfromcontinuingoperationsperdilutedshare": 0.61,
        "earningspersharediluted": 0.61,
        "commonstockdividendspersharecashpaid": 0.02,
        "taxonnetincomelossattributabletononcontrollinginterest": 295000
    }
]