[
    {
        "date": "2024-09-29",
        "symbol": "EOG",
        "period": "Q3",
        "revenuefromcontractwithcustomerincludingassessedtax": 1481000000,
        "revenuenotfromcontractwithcustomer": 28000000,
        "gainlossondispositionofassets1": -7000000,
        "revenues": 5965000000,
        "operatingleaseexpense": 392000000,
        "gatheringprocessingandtransportationcosts": 445000000,
        "explorationexpense": 43000000,
        "impairmentofoilandgasproperties": 15000000,
        "marketingcosts": 1500000000,
        "depreciationdepletionandamortization": 1031000000,
        "generalandadministrativeexpense": 167000000,
        "taxesotherthanincome": 283000000,
        "costsandexpenses": 3876000000,
        "operatingincomeloss": 2089000000,
        "othernonoperatingincomeexpense": 76000000,
        "incomebeforeinterestexpenseandincometaxes": 2165000000,
        "interestexpensenonoperating": 31000000,
        "incomelossfromcontinuingoperationsbeforeincometaxesextraordinaryitemsnoncontrollinginterest": 2134000000,
        "incometaxexpensebenefit": 461000000,
        "netincomeloss": 1673000000,
        "earningspersharebasic": 2.97,
        "earningspersharediluted": 2.95,
        "weightedaveragenumberofsharesoutstandingbasic": 564000000,
        "weightedaveragenumberofdilutedsharesoutstanding": 568000000,
        "othercomprehensiveincomelossforeigncurrencytransactionandtranslationadjustmentnetoftax": -1000000,
        "othercomprehensiveincomelossnetoftax": -1000000,
        "comprehensiveincomenetoftaxincludingportionattributabletononcontrollinginterest": 1672000000
    },
    {
        "date": "2024-06-29",
        "symbol": "EOG",
        "period": "Q2",
        "revenuefromcontractwithcustomerincludingassessedtax": 3692000000,
        "revenuenotfromcontractwithcustomer": -47000000,
        "gainlossondispositionofassets1": 20000000,
        "revenues": 6025000000,
        "operatingleaseexpense": 390000000,
        "gatheringprocessingandtransportationcosts": 423000000,
        "explorationexpense": 34000000,
        "resultsofoperationsdryholecosts": 5000000,
        "impairmentofoilandgasproperties": 81000000,
        "marketingcosts": 1490000000,
        "depreciationdepletionandamortization": 984000000,
        "generalandadministrativeexpense": 151000000,
        "taxesotherthanincome": 337000000,
        "costsandexpenses": 3895000000,
        "operatingincomeloss": 2130000000,
        "othernonoperatingincomeexpense": 66000000,
        "incomebeforeinterestexpenseandincometaxes": 2196000000,
        "incomelossfromcontinuingoperationsbeforeincometaxesextraordinaryitemsnoncontrollinginterest": 2160000000,
        "incometaxexpensebenefit": 470000000,
        "netincomeloss": 1690000000,
        "earningspersharebasic": 2.97,
        "earningspersharediluted": 2.9499999999999997,
        "weightedaveragenumberofsharesoutstandingbasic": 572000000,
        "weightedaveragenumberofdilutedsharesoutstanding": 575000000,
        "othercomprehensiveincomelossforeigncurrencytransactionandtranslationadjustmentnetoftax": 0,
        "othercomprehensiveincomelossnetoftax": 0,
        "comprehensiveincomenetoftaxincludingportionattributabletononcontrollinginterest": 1690000000
    },
    {
        "date": "2024-03-30",
        "symbol": "EOG",
        "period": "Q1",
        "revenuefromcontractwithcustomerincludingassessedtax": 3480000000,
        "revenuenotfromcontractwithcustomer": 237000000,
        "gainlossondispositionofassets1": 26000000,
        "revenues": 6123000000,
        "operatingleaseexpense": 396000000,
        "gatheringprocessingandtransportationcosts": 413000000,
        "explorationexpense": 45000000,
        "resultsofoperationsdryholecosts": 1000000,
        "impairmentofoilandgasproperties": 19000000,
        "marketingcosts": 1404000000,
        "depreciationdepletionandamortization": 1074000000,
        "generalandadministrativeexpense": 162000000,
        "taxesotherthanincome": 338000000,
        "costsandexpenses": 3852000000,
        "operatingincomeloss": 2271000000,
        "othernonoperatingincomeexpense": 62000000,
        "incomebeforeinterestexpenseandincometaxes": 2333000000,
        "interestexpense": 33000000,
        "incomelossfromcontinuingoperationsbeforeincometaxesextraordinaryitemsnoncontrollinginterest": 2300000000,
        "incometaxexpensebenefit": 511000000,
        "netincomeloss": 1789000000,
        "earningspersharebasic": 3.11,
        "earningspersharediluted": 3.1,
        "weightedaveragenumberofsharesoutstandingbasic": 575000000,
        "weightedaveragenumberofdilutedsharesoutstanding": 577000000,
        "othercomprehensiveincomelossforeigncurrencytransactionandtranslationadjustmentnetoftax": 1000000,
        "othercomprehensiveincomelossnetoftax": 1000000,
        "comprehensiveincomenetoftaxincludingportionattributabletononcontrollinginterest": 1790000000
    },
    {
        "date": "2023-12-30",
        "symbol": "EOG",
        "period": "Q4",
        "revenuefromcontractwithcustomerincludingassessedtax": 3597000000,
        "revenuenotfromcontractwithcustomer": 298000000,
        "revenues": 6357000000,
        "operatingleaseexpense": 378000000,
        "resultsofoperationstransportationcosts": 245000000,
        "gatheringandprocessingcosts": 178000000,
        "explorationexpense": 41000000,
        "impairmentofoilandgasproperties": 79000000,
        "marketingcosts": 1509000000,
        "depreciationdepletionandamortization": 930000000,
        "generalandadministrativeexpense": 192000000,
        "taxesotherthanincome": 301000000,
        "costsandexpenses": 3853000000,
        "operatingincomeloss": 2504000000,
        "othernonoperatingincomeexpense": 66000000,
        "incomebeforeinterestexpenseandincometaxes": 2570000000,
        "interestexpense": 35000000,
        "incomelossfromcontinuingoperationsbeforeincometaxesextraordinaryitemsnoncontrollinginterest": 2535000000,
        "incometaxexpensebenefit": 547000000,
        "netincomeloss": 1988000000,
        "earningspersharebasic": 3.419999999999999,
        "earningspersharediluted": 3.4000000000000004,
        "weightedaveragenumberofsharesoutstandingbasic": 581000000,
        "weightedaveragenumberofdilutedsharesoutstanding": 584000000,
        "comprehensiveincomenetoftaxincludingportionattributabletononcontrollinginterest": 1986000000
    },
    {
        "date": "2023-09-29",
        "symbol": "EOG",
        "period": "Q3",
        "revenuefromcontractwithcustomerincludingassessedtax": 3717000000,
        "revenuenotfromcontractwithcustomer": 43000000,
        "revenues": 6212000000,
        "operatingleaseexpense": 369000000,
        "resultsofoperationstransportationcosts": 240000000,
        "gatheringandprocessingcosts": 166000000,
        "explorationexpense": 43000000,
        "impairmentofoilandgasproperties": 54000000,
        "marketingcosts": 1383000000,
        "depreciationdepletionandamortization": 898000000,
        "generalandadministrativeexpense": 161000000,
        "taxesotherthanincome": 341000000,
        "costsandexpenses": 3655000000,
        "operatingincomeloss": 2557000000,
        "othernonoperatingincomeexpense": 52000000,
        "incomebeforeinterestexpenseandincometaxes": 2609000000,
        "interestexpense": 36000000,
        "incomelossfromcontinuingoperationsbeforeincometaxesextraordinaryitemsnoncontrollinginterest": 2573000000,
        "incometaxexpensebenefit": 543000000,
        "netincomeloss": 2030000000,
        "earningspersharebasic": 3.5100000000000007,
        "earningspersharediluted": 3.5,
        "weightedaveragenumberofsharesoutstandingbasic": -1000000,
        "weightedaveragenumberofdilutedsharesoutstanding": -2000000,
        "comprehensiveincomenetoftaxincludingportionattributabletononcontrollinginterest": 2032000000
    },
    {
        "date": "2023-06-29",
        "symbol": "EOG",
        "period": "Q2",
        "revenuefromcontractwithcustomerincludingassessedtax": 3252000000,
        "revenuenotfromcontractwithcustomer": 101000000,
        "revenues": 5573000000,
        "operatingleaseexpense": 348000000,
        "resultsofoperationstransportationcosts": 236000000,
        "gatheringandprocessingcosts": 160000000,
        "explorationexpense": 47000000,
        "resultsofoperationsdryholecosts": 0,
        "impairmentofoilandgasproperties": 35000000,
        "marketingcosts": 1456000000,
        "depreciationdepletionandamortization": 866000000,
        "generalandadministrativeexpense": 142000000,
        "taxesotherthanincome": 313000000,
        "costsandexpenses": 3603000000,
        "operatingincomeloss": 1970000000,
        "othernonoperatingincomeexpense": 51000000,
        "incomebeforeinterestexpenseandincometaxes": 2021000000,
        "interestexpense": 35000000,
        "incomelossfromcontinuingoperationsbeforeincometaxesextraordinaryitemsnoncontrollinginterest": 1986000000,
        "incometaxexpensebenefit": 433000000,
        "netincomeloss": 1553000000,
        "earningspersharebasic": 2.6799999999999997,
        "earningspersharediluted": 2.6499999999999995,
        "weightedaveragenumberofsharesoutstandingbasic": -2000000,
        "weightedaveragenumberofdilutedsharesoutstanding": -1000000,
        "comprehensiveincomenetoftaxincludingportionattributabletononcontrollinginterest": 1552000000
    },
    {
        "date": "2023-03-30",
        "symbol": "EOG",
        "period": "Q1",
        "revenuefromcontractwithcustomerincludingassessedtax": 3182000000,
        "revenuenotfromcontractwithcustomer": 376000000,
        "revenues": 6044000000,
        "operatingleaseexpense": 359000000,
        "resultsofoperationstransportationcosts": 236000000,
        "gatheringandprocessingcosts": 159000000,
        "explorationexpense": 50000000,
        "resultsofoperationsdryholecosts": 1000000,
        "impairmentofoilandgasproperties": 34000000,
        "marketingcosts": 1361000000,
        "depreciationdepletionandamortization": 798000000,
        "generalandadministrativeexpense": 145000000,
        "taxesotherthanincome": 329000000,
        "costsandexpenses": 3472000000,
        "operatingincomeloss": 2572000000,
        "othernonoperatingincomeexpense": 65000000,
        "incomebeforeinterestexpenseandincometaxes": 2637000000,
        "interestexpense": 42000000,
        "incomelossfromcontinuingoperationsbeforeincometaxesextraordinaryitemsnoncontrollinginterest": 2595000000,
        "incometaxexpensebenefit": 572000000,
        "netincomeloss": 2023000000,
        "earningspersharebasic": 3.46,
        "earningspersharediluted": 3.45,
        "weightedaveragenumberofsharesoutstandingbasic": 584000000,
        "weightedaveragenumberofdilutedsharesoutstanding": 587000000,
        "comprehensiveincomenetoftaxincludingportionattributabletononcontrollinginterest": 2023000000
    },
    {
        "date": "2022-12-30",
        "symbol": "EOG",
        "period": "Q4",
        "revenuefromcontractwithcustomerincludingassessedtax": 3670000000,
        "revenues": 6719000000,
        "operatingleaseexpense": 354000000,
        "resultsofoperationstransportationcosts": 237000000,
        "gatheringandprocessingcosts": 158000000,
        "explorationexpense": 44000000,
        "resultsofoperationsdryholecosts": 4000000,
        "impairmentofoilandgasproperties": 142000000,
        "marketingcosts": 1504000000,
        "depreciationdepletionandamortization": 878000000,
        "generalandadministrativeexpense": 156000000,
        "taxesotherthanincome": 389000000,
        "costsandexpenses": 3866000000,
        "operatingincomeloss": 2853000000,
        "othernonoperatingincomeexpense": 48000000,
        "incomebeforeinterestexpenseandincometaxes": 2901000000,
        "interestexpense": 42000000,
        "incomelossfromcontinuingoperationsbeforeincometaxesextraordinaryitemsnoncontrollinginterest": 2859000000,
        "incometaxexpensebenefit": 582000000,
        "netincomeloss": 2277000000,
        "earningspersharebasic": 3.9000000000000004,
        "earningspersharediluted": 3.879999999999999,
        "weightedaveragenumberofsharesoutstandingbasic": -1165000000,
        "weightedaveragenumberofdilutedsharesoutstanding": -1174000000,
        "othercomprehensiveincomelossforeigncurrencytransactionandtranslationadjustmentnetoftax": -2000000,
        "othercomprehensiveincomelossnetoftax": -2000000,
        "comprehensiveincomenetoftaxincludingportionattributabletononcontrollinginterest": 2275000000
    },
    {
        "date": "2022-09-29",
        "symbol": "EOG",
        "period": "Q3",
        "revenuefromcontractwithcustomerincludingassessedtax": 4109000000,
        "revenuenotfromcontractwithcustomer": -18000000,
        "revenues": 7593000000,
        "operatingleaseexpense": 335000000,
        "resultsofoperationstransportationcosts": 257000000,
        "gatheringandprocessingcosts": 167000000,
        "explorationexpense": 35000000,
        "resultsofoperationsdryholecosts": 18000000,
        "impairmentofoilandgasproperties": 94000000,
        "marketingcosts": 1621000000,
        "depreciationdepletionandamortization": 906000000,
        "generalandadministrativeexpense": 162000000,
        "taxesotherthanincome": 334000000,
        "costsandexpenses": 3929000000,
        "operatingincomeloss": 3664000000,
        "othernonoperatingincomeexpense": 40000000,
        "incomebeforeinterestexpenseandincometaxes": 3704000000,
        "interestexpense": 41000000,
        "incomelossfromcontinuingoperationsbeforeincometaxesextraordinaryitemsnoncontrollinginterest": 3663000000,
        "incometaxexpensebenefit": 809000000,
        "netincomeloss": 2854000000,
        "earningspersharebasic": 4.9,
        "earningspersharediluted": 4.86,
        "weightedaveragenumberofsharesoutstandingbasic": 583000000,
        "weightedaveragenumberofdilutedsharesoutstanding": 587000000,
        "othercomprehensiveincomelossforeigncurrencytransactionandtranslationadjustmentnetoftax": 5000000,
        "othercomprehensiveincomeothernetoftax": 1000000,
        "othercomprehensiveincomelossnetoftax": 6000000,
        "comprehensiveincomenetoftaxincludingportionattributabletononcontrollinginterest": 2860000000
    },
    {
        "date": "2022-06-29",
        "symbol": "EOG",
        "period": "Q2",
        "revenuefromcontractwithcustomerincludingassessedtax": 4699000000,
        "revenuenotfromcontractwithcustomer": -1377000000,
        "revenues": 7407000000,
        "operatingleaseexpense": 324000000,
        "resultsofoperationstransportationcosts": 244000000,
        "gatheringandprocessingcosts": 152000000,
        "explorationexpense": 35000000,
        "resultsofoperationsdryholecosts": 20000000,
        "impairmentofoilandgasproperties": 91000000,
        "marketingcosts": 2127000000,
        "depreciationdepletionandamortization": 911000000,
        "generalandadministrativeexpense": 128000000,
        "taxesotherthanincome": 472000000,
        "costsandexpenses": 4504000000,
        "operatingincomeloss": 2903000000,
        "othernonoperatingincomeexpense": 27000000,
        "incomebeforeinterestexpenseandincometaxes": 2930000000,
        "interestexpense": 48000000,
        "incomelossfromcontinuingoperationsbeforeincometaxesextraordinaryitemsnoncontrollinginterest": 2882000000,
        "incometaxexpensebenefit": 644000000,
        "netincomeloss": 2238000000,
        "earningspersharebasic": 3.84,
        "earningspersharediluted": 3.81,
        "weightedaveragenumberofsharesoutstandingbasic": 583000000,
        "weightedaveragenumberofdilutedsharesoutstanding": 588000000,
        "othercomprehensiveincomelossforeigncurrencytransactionandtranslationadjustmentnetoftax": 2000000,
        "othercomprehensiveincomeothernetoftax": -1000000,
        "othercomprehensiveincomelossnetoftax": 1000000,
        "comprehensiveincomenetoftaxincludingportionattributabletononcontrollinginterest": 2239000000
    },
    {
        "date": "2022-03-30",
        "symbol": "EOG",
        "period": "Q1",
        "revenuefromcontractwithcustomerincludingassessedtax": 3889000000,
        "revenues": 3983000000,
        "operatingleaseexpense": 318000000,
        "resultsofoperationstransportationcosts": 228000000,
        "gatheringandprocessingcosts": 144000000,
        "explorationexpense": 45000000,
        "resultsofoperationsdryholecosts": 3000000,
        "impairmentofoilandgasproperties": 55000000,
        "marketingcosts": 1283000000,
        "depreciationdepletionandamortization": 847000000,
        "generalandadministrativeexpense": 124000000,
        "taxesotherthanincome": 390000000,
        "costsandexpenses": 3437000000,
        "operatingincomeloss": 546000000,
        "othernonoperatingincomeexpense": -1000000,
        "incomebeforeinterestexpenseandincometaxes": 545000000,
        "interestexpense": 48000000,
        "incomelossfromcontinuingoperationsbeforeincometaxesextraordinaryitemsnoncontrollinginterest": 497000000,
        "incometaxexpensebenefit": 107000000,
        "netincomeloss": 390000000,
        "earningspersharebasic": 0.67,
        "earningspersharediluted": 0.67,
        "weightedaveragenumberofsharesoutstandingbasic": 582000000,
        "weightedaveragenumberofdilutedsharesoutstanding": 586000000,
        "othercomprehensiveincomelossforeigncurrencytransactionandtranslationadjustmentnetoftax": -1000000,
        "othercomprehensiveincomelossnetoftax": -1000000,
        "comprehensiveincomenetoftaxincludingportionattributabletononcontrollinginterest": 389000000
    },
    {
        "date": "2021-12-30",
        "symbol": "EOG",
        "period": "Q4",
        "revenuefromcontractwithcustomerincludingassessedtax": 3246000000,
        "revenues": 6044000000,
        "operatingleaseexpense": 325000000,
        "resultsofoperationstransportationcosts": 228000000,
        "gatheringandprocessingcosts": 147000000,
        "explorationexpense": 42000000,
        "resultsofoperationsdryholecosts": 43000000,
        "impairmentofoilandgasproperties": 206000000,
        "marketingcosts": 1160000000,
        "depreciationdepletionandamortization": 910000000,
        "generalandadministrativeexpense": 139000000,
        "taxesotherthanincome": 316000000,
        "costsandexpenses": 3516000000,
        "operatingincomeloss": 2528000000,
        "othernonoperatingincomeexpense": 9000000,
        "incomebeforeinterestexpenseandincometaxes": 2537000000,
        "interestexpense": 38000000,
        "incomelossfromcontinuingoperationsbeforeincometaxesextraordinaryitemsnoncontrollinginterest": 2499000000,
        "incometaxexpensebenefit": 514000000,
        "netincomeloss": 1985000000,
        "earningspersharebasic": 3.42,
        "earningspersharediluted": 3.4000000000000004,
        "weightedaveragenumberofsharesoutstandingbasic": -1160000000,
        "weightedaveragenumberofdilutedsharesoutstanding": -1167000000,
        "othercomprehensiveincomelossforeigncurrencytransactionandtranslationadjustmentnetoftax": 0,
        "othercomprehensiveincomelossnetoftax": 0,
        "comprehensiveincomenetoftaxincludingportionattributabletononcontrollinginterest": 1986000000
    },
    {
        "date": "2021-09-29",
        "symbol": "EOG",
        "period": "Q3",
        "revenuefromcontractwithcustomerincludingassessedtax": 2929000000,
        "revenues": 4765000000,
        "operatingleaseexpense": 270000000,
        "resultsofoperationstransportationcosts": 219000000,
        "gatheringandprocessingcosts": 145000000,
        "explorationexpense": 44000000,
        "resultsofoperationsdryholecosts": 4000000,
        "impairmentofoilandgasproperties": 82000000,
        "marketingcosts": 1184000000,
        "depreciationdepletionandamortization": 927000000,
        "generalandadministrativeexpense": 142000000,
        "taxesotherthanincome": 277000000,
        "costsandexpenses": 3294000000,
        "operatingincomeloss": 1471000000,
        "othernonoperatingincomeexpense": 6000000,
        "incomebeforeinterestexpenseandincometaxes": 1477000000,
        "interestexpense": 48000000,
        "incomelossfromcontinuingoperationsbeforeincometaxesextraordinaryitemsnoncontrollinginterest": 1429000000,
        "incometaxexpensebenefit": 334000000,
        "netincomeloss": 1095000000,
        "earningspersharebasic": 1.88,
        "earningspersharediluted": 1.88,
        "weightedaveragenumberofsharesoutstandingbasic": 581000000,
        "weightedaveragenumberofdilutedsharesoutstanding": 584000000,
        "othercomprehensiveincomelossforeigncurrencytransactionandtranslationadjustmentnetoftax": 2000000,
        "othercomprehensiveincomelossnetoftax": 2000000,
        "comprehensiveincomenetoftaxincludingportionattributabletononcontrollinginterest": 1097000000
    },
    {
        "date": "2021-06-29",
        "symbol": "EOG",
        "period": "Q2",
        "revenuefromcontractwithcustomerincludingassessedtax": 2699000000,
        "revenues": 4139000000,
        "operatingleaseexpense": 270000000,
        "resultsofoperationstransportationcosts": 214000000,
        "gatheringandprocessingcosts": 128000000,
        "explorationexpense": 35000000,
        "resultsofoperationsdryholecosts": 13000000,
        "impairmentofoilandgasproperties": 44000000,
        "marketingcosts": 991000000,
        "depreciationdepletionandamortization": 914000000,
        "generalandadministrativeexpense": 120000000,
        "taxesotherthanincome": 239000000,
        "costsandexpenses": 2968000000,
        "operatingincomeloss": 1171000000,
        "othernonoperatingincomeexpense": -2000000,
        "incomebeforeinterestexpenseandincometaxes": 1169000000,
        "interestexpense": 45000000,
        "incomelossfromcontinuingoperationsbeforeincometaxesextraordinaryitemsnoncontrollinginterest": 1124000000,
        "incometaxexpensebenefit": 217000000,
        "netincomeloss": 907000000,
        "earningspersharebasic": 1.56,
        "earningspersharediluted": 1.55,
        "weightedaveragenumberofsharesoutstandingbasic": 580000000,
        "weightedaveragenumberofdilutedsharesoutstanding": 584000000,
        "othercomprehensiveincomelossforeigncurrencytransactionandtranslationadjustmentnetoftax": -1000000,
        "othercomprehensiveincomelossnetoftax": -1000000,
        "comprehensiveincomenetoftaxincludingportionattributabletononcontrollinginterest": 906000000
    },
    {
        "date": "2021-03-30",
        "symbol": "EOG",
        "period": "Q1",
        "revenuefromcontractwithcustomerincludingassessedtax": 2251000000,
        "revenues": 3694000000,
        "operatingleaseexpense": 270000000,
        "resultsofoperationstransportationcosts": 202000000,
        "gatheringandprocessingcosts": 139000000,
        "explorationexpense": 33000000,
        "resultsofoperationsdryholecosts": 11000000,
        "impairmentofoilandgasproperties": 44000000,
        "marketingcosts": 838000000,
        "depreciationdepletionandamortization": 900000000,
        "generalandadministrativeexpense": 110000000,
        "taxesotherthanincome": 215000000,
        "costsandexpenses": 2762000000,
        "operatingincomeloss": 932000000,
        "othernonoperatingincomeexpense": -4000000,
        "incomebeforeinterestexpenseandincometaxes": 928000000,
        "interestexpense": 47000000,
        "incomelossfromcontinuingoperationsbeforeincometaxesextraordinaryitemsnoncontrollinginterest": 881000000,
        "incometaxexpensebenefit": 204000000,
        "netincomeloss": 677000000,
        "earningspersharebasic": 1.17,
        "earningspersharediluted": 1.16,
        "weightedaveragenumberofsharesoutstandingbasic": 580000000,
        "weightedaveragenumberofdilutedsharesoutstanding": 583000000,
        "othercomprehensiveincomelossforeigncurrencytransactionandtranslationadjustmentnetoftax": -2000000,
        "othercomprehensiveincomelossnetoftax": -2000000,
        "comprehensiveincomenetoftaxincludingportionattributabletononcontrollinginterest": 675000000
    },
    {
        "date": "2020-09-29",
        "symbol": "EOG",
        "period": "Q3",
        "revenuefromcontractwithcustomerincludingassessedtax": 1394622000,
        "revenues": 2245484000,
        "operatingleaseexpense": 227473000,
        "resultsofoperationstransportationcosts": 180257000,
        "gatheringandprocessingcosts": 114790000,
        "explorationexpense": 38413000,
        "resultsofoperationsdryholecosts": 12604000,
        "impairmentofoilandgasproperties": 78990000,
        "marketingcosts": 521351000,
        "depreciationdepletionandamortization": 823050000,
        "generalandadministrativeexpense": 124460000,
        "taxesotherthanincome": 126810000,
        "costsandexpenses": 2248198000,
        "operatingincomeloss": -2714000,
        "othernonoperatingincomeexpense": 3401000,
        "incomebeforeinterestexpenseandincometaxes": 687000,
        "interestexpense": 53242000,
        "incomelossfromcontinuingoperationsbeforeincometaxesextraordinaryitemsnoncontrollinginterest": -52555000,
        "incometaxexpensebenefit": -10088000,
        "netincomeloss": -42467000,
        "earningspersharebasic": -0.07,
        "earningspersharediluted": -0.07,
        "weightedaveragenumberofsharesoutstandingbasic": 579055000,
        "weightedaveragenumberofdilutedsharesoutstanding": 579055000,
        "othercomprehensiveincomelossforeigncurrencytransactionandtranslationadjustmentnetoftax": -1807000,
        "othercomprehensiveincomeothernetoftax": 7000,
        "othercomprehensiveincomelossnetoftax": -1800000,
        "comprehensiveincomenetoftaxincludingportionattributabletononcontrollinginterest": -44267000
    },
    {
        "date": "2020-06-29",
        "symbol": "EOG",
        "period": "Q2",
        "revenuefromcontractwithcustomerincludingassessedtax": 614627000,
        "revenues": 1103374000,
        "operatingleaseexpense": 245346000,
        "resultsofoperationstransportationcosts": 151728000,
        "gatheringandprocessingcosts": 96767000,
        "explorationexpense": 27283000,
        "resultsofoperationsdryholecosts": 87000,
        "impairmentofoilandgasproperties": 305415000,
        "marketingcosts": 444444000,
        "depreciationdepletionandamortization": 706679000,
        "generalandadministrativeexpense": 131855000,
        "taxesotherthanincome": 80319000,
        "costsandexpenses": 2189923000,
        "operatingincomeloss": -1086549000,
        "othernonoperatingincomeexpense": -4500000,
        "incomebeforeinterestexpenseandincometaxes": -1091049000,
        "interestexpense": 54213000,
        "incomelossfromcontinuingoperationsbeforeincometaxesextraordinaryitemsnoncontrollinginterest": -1145262000,
        "incometaxexpensebenefit": -235878000,
        "netincomeloss": -909384000,
        "earningspersharebasic": -1.57,
        "earningspersharediluted": -1.57,
        "weightedaveragenumberofsharesoutstandingbasic": 578719000,
        "weightedaveragenumberofdilutedsharesoutstanding": 578719000,
        "othercomprehensiveincomelossforeigncurrencytransactionandtranslationadjustmentnetoftax": -2831000,
        "othercomprehensiveincomeothernetoftax": 6000,
        "othercomprehensiveincomelossnetoftax": -2825000,
        "comprehensiveincomenetoftaxincludingportionattributabletononcontrollinginterest": -912209000
    },
    {
        "date": "2020-03-30",
        "symbol": "EOG",
        "period": "Q1",
        "revenuefromcontractwithcustomerincludingassessedtax": 2065498000,
        "revenues": 4717692000,
        "operatingleaseexpense": 329659000,
        "resultsofoperationstransportationcosts": 208296000,
        "gatheringandprocessingcosts": 128482000,
        "explorationexpense": 39677000,
        "resultsofoperationsdryholecosts": 372000,
        "impairmentofoilandgasproperties": 1572935000,
        "marketingcosts": 1108993000,
        "depreciationdepletionandamortization": 1000060000,
        "generalandadministrativeexpense": 114273000,
        "taxesotherthanincome": 157360000,
        "costsandexpenses": 4660107000,
        "operatingincomeloss": 57585000,
        "othernonoperatingincomeexpense": 18108000,
        "incomebeforeinterestexpenseandincometaxes": 75693000,
        "interestexpense": 44690000,
        "incomelossfromcontinuingoperationsbeforeincometaxesextraordinaryitemsnoncontrollinginterest": 31003000,
        "incometaxexpensebenefit": 21190000,
        "netincomeloss": 9813000,
        "earningspersharebasic": 0.02,
        "earningspersharediluted": 0.02,
        "weightedaveragenumberofsharesoutstandingbasic": 578462000,
        "weightedaveragenumberofdilutedsharesoutstanding": 580283000,
        "othercomprehensiveincomelossforeigncurrencytransactionandtranslationadjustmentnetoftax": 1341000,
        "othercomprehensiveincomeothernetoftax": 6000,
        "othercomprehensiveincomelossnetoftax": 1347000,
        "comprehensiveincomenetoftaxincludingportionattributabletononcontrollinginterest": 11160000
    },
    {
        "date": "2019-09-29",
        "symbol": "EOG",
        "period": "Q3",
        "revenuefromcontractwithcustomerincludingassessedtax": 2418989000,
        "revenues": 4303455000,
        "operatingleaseexpense": 348883000,
        "resultsofoperationstransportationcosts": 199365000,
        "gatheringandprocessingcosts": 127549000,
        "explorationexpense": 34540000,
        "resultsofoperationsdryholecosts": 24138000,
        "impairmentofoilandgasproperties": 105275000,
        "marketingcosts": 1343293000,
        "depreciationdepletionandamortization": 953597000,
        "generalandadministrativeexpense": 135758000,
        "taxesotherthanincome": 203098000,
        "costsandexpenses": 3475496000,
        "operatingincomeloss": 827959000,
        "othernonoperatingincomeexpense": 9118000,
        "incomebeforeinterestexpenseandincometaxes": 837077000,
        "interestexpense": 39620000,
        "incomelossfromcontinuingoperationsbeforeincometaxesextraordinaryitemsnoncontrollinginterest": 797457000,
        "incometaxexpensebenefit": 182335000,
        "netincomeloss": 615122000,
        "earningspersharebasic": 1.06,
        "earningspersharediluted": 1.06,
        "weightedaveragenumberofsharesoutstandingbasic": 577839000,
        "weightedaveragenumberofdilutedsharesoutstanding": 581271000,
        "othercomprehensiveincomelossforeigncurrencytransactionandtranslationadjustmentnetoftax": 833000,
        "othercomprehensiveincomeothernetoftax": 6000,
        "othercomprehensiveincomelossnetoftax": 839000,
        "comprehensiveincomenetoftaxincludingportionattributabletononcontrollinginterest": 615961000
    },
    {
        "date": "2019-06-29",
        "symbol": "EOG",
        "period": "Q2",
        "revenuefromcontractwithcustomerincludingassessedtax": 2528866000,
        "revenues": 4697630000,
        "operatingleaseexpense": 347281000,
        "resultsofoperationstransportationcosts": 174101000,
        "gatheringandprocessingcosts": 112643000,
        "explorationexpense": 32522000,
        "resultsofoperationsdryholecosts": 3769000,
        "impairmentofoilandgasproperties": 112130000,
        "marketingcosts": 1500915000,
        "depreciationdepletionandamortization": 957304000,
        "generalandadministrativeexpense": 121780000,
        "taxesotherthanincome": 204414000,
        "costsandexpenses": 3566859000,
        "operatingincomeloss": 1130771000,
        "othernonoperatingincomeexpense": 8503000,
        "incomebeforeinterestexpenseandincometaxes": 1139274000,
        "interestexpense": 49908000,
        "incomelossfromcontinuingoperationsbeforeincometaxesextraordinaryitemsnoncontrollinginterest": 1089366000,
        "incometaxexpensebenefit": 241525000,
        "netincomeloss": 847841000,
        "earningspersharebasic": 1.47,
        "earningspersharediluted": 1.46,
        "weightedaveragenumberofsharesoutstandingbasic": 577460000,
        "weightedaveragenumberofdilutedsharesoutstanding": 580247000,
        "othercomprehensiveincomelossforeigncurrencytransactionandtranslationadjustmentnetoftax": -1665000,
        "othercomprehensiveincomeothernetoftax": 6000,
        "othercomprehensiveincomelossnetoftax": -1659000,
        "comprehensiveincomenetoftaxincludingportionattributabletononcontrollinginterest": 846182000
    },
    {
        "date": "2019-03-30",
        "symbol": "EOG",
        "period": "Q1",
        "revenuefromcontractwithcustomerincludingassessedtax": 2200403000,
        "revenues": 11755000,
        "operatingleaseexpense": 336291000,
        "resultsofoperationstransportationcosts": 176522000,
        "gatheringandprocessingcosts": 111295000,
        "explorationexpense": 36324000,
        "resultsofoperationsdryholecosts": 94000,
        "impairmentofoilandgasproperties": 72356000,
        "marketingcosts": 1270057000,
        "depreciationdepletionandamortization": 879595000,
        "generalandadministrativeexpense": 106672000,
        "taxesotherthanincome": 192906000,
        "costsandexpenses": 3182112000,
        "operatingincomeloss": -13202000,
        "othernonoperatingincomeexpense": 5612000,
        "incomebeforeinterestexpenseandincometaxes": 882142000,
        "interestexpense": 54906000,
        "incomelossfromcontinuingoperationsbeforeincometaxesextraordinaryitemsnoncontrollinginterest": 827236000,
        "incometaxexpensebenefit": 191810000,
        "netincomeloss": 635426000,
        "earningspersharebasic": 1.1,
        "earningspersharediluted": 1.1,
        "weightedaveragenumberofsharesoutstandingbasic": 577207000,
        "weightedaveragenumberofdilutedsharesoutstanding": 580222000,
        "othercomprehensiveincomelossforeigncurrencytransactionandtranslationadjustmentnetoftax": -1784000,
        "othercomprehensiveincomeothernetoftax": 6000,
        "othercomprehensiveincomelossnetoftax": -1778000,
        "comprehensiveincomenetoftaxincludingportionattributabletononcontrollinginterest": 633648000
    },
    {
        "date": "2018-12-30",
        "symbol": "EOG",
        "period": "Q4",
        "revenues": -3545203000,
        "resultsofoperationstransportationcosts": -549933000,
        "gatheringandprocessingcosts": -34155000,
        "explorationexpense": 33862000,
        "impairmentofoilandgasproperties": 186087000,
        "marketingcosts": 1346225000,
        "depreciationdepletionandamortization": -2468507000,
        "generalandadministrativeexpense": 116904000,
        "taxesotherthanincome": 190086000,
        "costsandexpenses": 3391218000,
        "operatingincomeloss": -876131000,
        "othernonoperatingincomeexpense": 21220000,
        "incomebeforeinterestexpenseandincometaxes": 1144360000,
        "interestexpense": -197332000,
        "incomelossfromcontinuingoperationsbeforeincometaxesextraordinaryitemsnoncontrollinginterest": -3162866000,
        "incometaxexpensebenefit": -624686000,
        "netincomeloss": 892768000,
        "earningspersharebasic": 1.5499999999999996,
        "earningspersharediluted": 1.5399999999999996,
        "weightedaveragenumberofsharesoutstandingbasic": -1152586000,
        "weightedaveragenumberofdilutedsharesoutstanding": -1161219000,
        "othercomprehensiveincomelossforeigncurrencytransactionandtranslationadjustmentnetoftax": 16995000,
        "othercomprehensiveincomeothernetoftax": 1105000,
        "othercomprehensiveincomelossnetoftax": 16977000,
        "comprehensiveincomenetoftaxincludingportionattributabletononcontrollinginterest": 910868000
    },
    {
        "date": "2018-09-29",
        "symbol": "EOG",
        "period": "Q3",
        "revenuefromcontractwithcustomerincludingassessedtax": 2655278000,
        "revenues": 43634000,
        "operatingleaseexpense": 321568000,
        "resultsofoperationstransportationcosts": 196027000,
        "gatheringandprocessingcosts": 56899000,
        "explorationexpense": 32823000,
        "resultsofoperationsdryholecosts": 358000,
        "impairmentofoilandgasproperties": 44617000,
        "marketingcosts": 1321891000,
        "depreciationdepletionandamortization": 918180000,
        "generalandadministrativeexpense": 111284000,
        "taxesotherthanincome": 209043000,
        "costsandexpenses": 3212690000,
        "operatingincomeloss": -942000,
        "othernonoperatingincomeexpense": 3308000,
        "incomebeforeinterestexpenseandincometaxes": 1509995000,
        "interestexpense": 63632000,
        "incomelossfromcontinuingoperationsbeforeincometaxesextraordinaryitemsnoncontrollinginterest": 1446363000,
        "incometaxexpensebenefit": 255411000,
        "netincomeloss": 1190952000,
        "earningspersharebasic": 2.06,
        "earningspersharediluted": 2.05,
        "commonstockdividendspersharedeclared": 0.22,
        "weightedaveragenumberofsharesoutstandingbasic": 577254000,
        "weightedaveragenumberofdilutedsharesoutstanding": 581559000,
        "othercomprehensiveincomelossforeigncurrencytransactionandtranslationadjustmentnetoftax": -1952000,
        "othercomprehensiveincomeothernetoftax": 6000,
        "othercomprehensiveincomelossnetoftax": -1946000,
        "comprehensiveincomenetoftaxincludingportionattributabletononcontrollinginterest": 1189006000
    },
    {
        "date": "2018-06-29",
        "symbol": "EOG",
        "period": "Q2",
        "oilandcondensaterevenue": 2377528000,
        "naturalgasliquids": 284898000,
        "naturalgasproductionrevenue": 257652000,
        "unrealizedgainlossonderivativesandcommoditycontracts": -185883000,
        "gasgatheringtransportationmarketingandprocessingrevenue": 1431077000,
        "gainlossondispositionofassets1": -6317000,
        "resultsofoperationsrevenueother": 29114000,
        "revenues": 41856000,
        "leaseoperatingexpense": 314604000,
        "resultsofoperationstransportationcosts": 177797000,
        "gatheringandprocessingcosts": 109169000,
        "explorationexpense": 47478000,
        "resultsofoperationsdryholecosts": 4902000,
        "impairmentofoilandgasproperties": 51708000,
        "marketingcosts": 1415104000,
        "depreciationdepletionandamortization": 848674000,
        "generalandadministrativeexpense": 104083000,
        "taxesotherthanincome": 194268000,
        "costsandexpenses": 3223138000,
        "operatingincomeloss": -9773000,
        "othernonoperatingincomeexpense": -8551000,
        "incomebeforeinterestexpenseandincometaxes": 956380000,
        "interestexpense": 63444000,
        "incomelossfromcontinuingoperationsbeforeincometaxesextraordinaryitemsnoncontrollinginterest": 892936000,
        "incometaxexpensebenefit": 196205000,
        "netincomeloss": 696731000,
        "earningspersharebasic": 1.21,
        "earningspersharediluted": 1.2,
        "commonstockdividendspersharedeclared": 0.185,
        "weightedaveragenumberofsharesoutstandingbasic": 576135000,
        "weightedaveragenumberofdilutedsharesoutstanding": 580375000,
        "othercomprehensiveincomelossforeigncurrencytransactionandtranslationadjustmentnetoftax": -3229000,
        "othercomprehensiveincomeothernetoftax": 6000,
        "othercomprehensiveincomelossnetoftax": -3223000,
        "comprehensiveincomenetoftaxincludingportionattributabletononcontrollinginterest": 693508000
    },
    {
        "date": "2018-03-30",
        "symbol": "EOG",
        "period": "Q1",
        "oilandcondensaterevenue": 2101308000,
        "naturalgasliquids": 219646000,
        "naturalgasproductionrevenue": 256620000,
        "unrealizedgainlossonderivativesandcommoditycontracts": -59771000,
        "gasgatheringtransportationmarketingandprocessingrevenue": 1096236000,
        "gainlossondispositionofassets1": -15000000,
        "resultsofoperationsrevenueother": 31591000,
        "revenues": 3630661000,
        "leaseoperatingexpense": 300064000,
        "resultsofoperationstransportationcosts": 176957000,
        "gatheringandprocessingcosts": 101345000,
        "explorationexpense": 34836000,
        "impairmentofoilandgasproperties": 64609000,
        "marketingcosts": 1100804000,
        "depreciationdepletionandamortization": 748591000,
        "generalandadministrativeexpense": 94698000,
        "taxesotherthanincome": 179084000,
        "costsandexpenses": 2756073000,
        "operatingincomeloss": 874588000,
        "othernonoperatingincomeexpense": 727000,
        "incomebeforeinterestexpenseandincometaxes": 875315000,
        "interestexpense": 61956000,
        "incomelossfromcontinuingoperationsbeforeincometaxesextraordinaryitemsnoncontrollinginterest": 813359000,
        "incometaxexpensebenefit": 174770000,
        "netincomeloss": 638589000,
        "earningspersharebasic": 1.11,
        "earningspersharediluted": 1.1,
        "commonstockdividendspersharedeclared": 0.185,
        "weightedaveragenumberofsharesoutstandingbasic": 575775000,
        "weightedaveragenumberofdilutedsharesoutstanding": 579726000,
        "othercomprehensiveincomelossforeigncurrencytransactionandtranslationadjustmentnetoftax": 5002000,
        "othercomprehensiveincomeothernetoftax": 6000,
        "othercomprehensiveincomelossnetoftax": 5008000,
        "comprehensiveincomenetoftaxincludingportionattributabletononcontrollinginterest": 643597000
    },
    {
        "date": "2017-09-29",
        "symbol": "EOG",
        "period": "Q3",
        "oilandcondensaterevenue": 1451410000,
        "naturalgasliquids": 180038000,
        "naturalgasproductionrevenue": 220402000,
        "unrealizedgainlossonderivativesandcommoditycontracts": -6606000,
        "gasgatheringtransportationmarketingandprocessingrevenue": 784368000,
        "gainlossondispositionofassets1": -8202000,
        "resultsofoperationsrevenueother": 23434000,
        "revenues": 11177000,
        "leaseoperatingexpense": 251943000,
        "resultsofoperationstransportationcosts": 183565000,
        "gatheringandprocessingcosts": 32590000,
        "explorationexpense": 30796000,
        "resultsofoperationsdryholecosts": 50000,
        "impairmentofoilandgasproperties": 53677000,
        "marketingcosts": 793536000,
        "depreciationdepletionandamortization": 846222000,
        "generalandadministrativeexpense": 111717000,
        "taxesotherthanincome": 125912000,
        "costsandexpenses": 2430008000,
        "operatingincomeloss": -14076000,
        "othernonoperatingincomeexpense": 226000,
        "incomebeforeinterestexpenseandincometaxes": 215062000,
        "interestexpense": 69082000,
        "incomelossfromcontinuingoperationsbeforeincometaxesextraordinaryitemsnoncontrollinginterest": 145980000,
        "incometaxexpensebenefit": 45439000,
        "netincomeloss": 100541000,
        "earningspersharebasic": 0.17,
        "earningspersharediluted": 0.17,
        "commonstockdividendspersharedeclared": 0.1675,
        "weightedaveragenumberofsharesoutstandingbasic": 574783000,
        "weightedaveragenumberofdilutedsharesoutstanding": 578736000,
        "othercomprehensiveincomelossforeigncurrencytransactionandtranslationadjustmentnetoftax": 355000,
        "othercomprehensiveincomeothernetoftax": -25000,
        "othercomprehensiveincomelossnetoftax": 330000,
        "comprehensiveincomenetoftaxincludingportionattributabletononcontrollinginterest": 100871000
    },
    {
        "date": "2017-06-29",
        "symbol": "EOG",
        "period": "Q2",
        "oilandcondensaterevenue": 1445454000,
        "naturalgasliquids": 146907000,
        "naturalgasproductionrevenue": 224008000,
        "unrealizedgainlossonderivativesandcommoditycontracts": 9446000,
        "gasgatheringtransportationmarketingandprocessingrevenue": 778797000,
        "gainlossondispositionofassets1": -8916000,
        "resultsofoperationsrevenueother": 16776000,
        "revenues": 9288000,
        "leaseoperatingexpense": 255186000,
        "resultsofoperationstransportationcosts": 186356000,
        "gatheringandprocessingcosts": 34746000,
        "explorationexpense": 34711000,
        "resultsofoperationsdryholecosts": 27000,
        "impairmentofoilandgasproperties": 78934000,
        "marketingcosts": 790599000,
        "depreciationdepletionandamortization": 865384000,
        "generalandadministrativeexpense": 108507000,
        "taxesotherthanincome": 130114000,
        "costsandexpenses": 2484564000,
        "operatingincomeloss": -34766000,
        "othernonoperatingincomeexpense": 4972000,
        "incomebeforeinterestexpenseandincometaxes": 132880000,
        "interestexpense": 70413000,
        "incomelossfromcontinuingoperationsbeforeincometaxesextraordinaryitemsnoncontrollinginterest": 62467000,
        "incometaxexpensebenefit": 39414000,
        "netincomeloss": 23053000,
        "earningspersharebasic": 0.04,
        "earningspersharediluted": 0.04,
        "commonstockdividendspersharedeclared": 0.1675,
        "weightedaveragenumberofsharesoutstandingbasic": 574439000,
        "weightedaveragenumberofdilutedsharesoutstanding": 578483000,
        "othercomprehensiveincomelossforeigncurrencytransactionandtranslationadjustmentnetoftax": 1260000,
        "othercomprehensiveincomeothernetoftax": -86000,
        "othercomprehensiveincomelossnetoftax": 1174000,
        "comprehensiveincomenetoftaxincludingportionattributabletononcontrollinginterest": 24227000
    },
    {
        "date": "2016-12-30",
        "symbol": "EOG",
        "period": "Q4",
        "oilandcondensaterevenue": 1366223000,
        "naturalgasliquids": -299389000,
        "naturalgasproductionrevenue": -494450000,
        "unrealizedgainlossonderivativesandcommoditycontracts": -65787000,
        "gatheringprocessingandmarketing": 615725000,
        "gainslossesonsalesofassets": -91864000,
        "othernet": -51625000,
        "revenues": -1315467000,
        "gatheringandprocessingcosts": 32516000,
        "explorationexpense": 39110000,
        "resultsofoperationsdryholecosts": -10336000,
        "impairmentofoilandgasproperties": 297946000,
        "marketingcosts": 634248000,
        "depreciationdepletionandamortization": -2648457000,
        "generalandadministrativeexpense": 102182000,
        "taxesotherthanincome": 103642000,
        "costsandexpenses": 2507526000,
        "operatingincomeloss": 599074000,
        "othernonoperatingincomeexpense": -17198000,
        "incomebeforeinterestexpenseandincometaxes": -122685000,
        "interestexpense": 71325000,
        "incometaxexpensebenefit": 400241000,
        "netincomeloss": -142352000,
        "earningspersharebasic": -0.23999999999999988,
        "earningspersharediluted": -0.23999999999999988,
        "commonstockdividendspersharedeclared": 0.16750000000000007,
        "weightedaveragenumberofsharesoutstandingbasic": -1088504000,
        "weightedaveragenumberofdilutedsharesoutstanding": -1088504000,
        "netincomelossrelatingtocomprehensiveincome": -142352000,
        "othercomprehensiveincomelossforeigncurrencytransactionandtranslationadjustmentnetoftax": 3927000,
        "other": 2163000,
        "othercomprehensiveincomelossnetoftax": 6090000,
        "comprehensiveincomenetoftaxincludingportionattributabletononcontrollinginterest": -136262000
    },
    {
        "date": "2016-09-29",
        "symbol": "EOG",
        "period": "Q3",
        "oilandcondensaterevenue": 1137717000,
        "naturalgasliquids": 112439000,
        "naturalgasproductionrevenue": 205293000,
        "unrealizedgainlossonderivativesandcommoditycontracts": 5117000,
        "gatheringprocessingandmarketing": 532456000,
        "gainslossesonsalesofassets": 108204000,
        "othernet": 17278000,
        "revenues": 37437000,
        "leaseoperatingexpense": 226348000,
        "resultsofoperationstransportationcosts": 200862000,
        "gatheringandprocessingcosts": 32635000,
        "explorationexpense": 25455000,
        "resultsofoperationsdryholecosts": 10390000,
        "impairmentofoilandgasproperties": 177990000,
        "marketingcosts": 552487000,
        "depreciationdepletionandamortization": 899511000,
        "generalandadministrativeexpense": 94397000,
        "taxesotherthanincome": 91909000,
        "costsandexpenses": 2311984000,
        "operatingincomeloss": -15715000,
        "othernonoperatingincomeexpense": -7912000,
        "incomebeforeinterestexpenseandincometaxes": -201392000,
        "interestexpense": 70858000,
        "incomelossfromcontinuingoperationsbeforeincometaxesextraordinaryitemsnoncontrollinginterest": -272250000,
        "incometaxexpensebenefit": -82250000,
        "netincomeloss": -190000000,
        "earningspersharebasic": -0.35,
        "earningspersharediluted": -0.35,
        "commonstockdividendspersharedeclared": 0.1675,
        "weightedaveragenumberofsharesoutstandingbasic": 547838000,
        "weightedaveragenumberofdilutedsharesoutstanding": 547838000,
        "netincomelossrelatingtocomprehensiveincome": -190000000,
        "othercomprehensiveincomelossforeigncurrencytransactionandtranslationadjustmentnetoftax": 141000,
        "other": 23000,
        "othercomprehensiveincomelossnetoftax": 164000,
        "comprehensiveincomenetoftaxincludingportionattributabletononcontrollinginterest": -189836000
    },
    {
        "date": "2016-06-29",
        "symbol": "EOG",
        "period": "Q2",
        "oilandcondensaterevenue": 1059690000,
        "naturalgasliquids": 111643000,
        "naturalgasproductionrevenue": 155983000,
        "unrealizedgainlossonderivativesandcommoditycontracts": -44373000,
        "gatheringprocessingandmarketing": 485256000,
        "gainslossesonsalesofassets": -15550000,
        "othernet": 23091000,
        "revenues": 8689000,
        "leaseoperatingexpense": 218393000,
        "resultsofoperationstransportationcosts": 179471000,
        "gatheringandprocessingcosts": 29226000,
        "explorationexpense": 30559000,
        "resultsofoperationsdryholecosts": -172000,
        "impairmentofoilandgasproperties": 72714000,
        "marketingcosts": 480046000,
        "depreciationdepletionandamortization": 862491000,
        "generalandadministrativeexpense": 97705000,
        "taxesotherthanincome": 93480000,
        "costsandexpenses": 2063913000,
        "operatingincomeloss": -24634000,
        "othernonoperatingincomeexpense": -20996000,
        "incomebeforeinterestexpenseandincometaxes": -309169000,
        "interestexpense": 71108000,
        "incomelossfromcontinuingoperationsbeforeincometaxesextraordinaryitemsnoncontrollinginterest": -380277000,
        "incometaxexpensebenefit": -87719000,
        "netincomeloss": -292558000,
        "earningspersharebasic": -0.53,
        "earningspersharediluted": -0.53,
        "commonstockdividendspersharedeclared": 0.1675,
        "weightedaveragenumberofsharesoutstandingbasic": 547335000,
        "weightedaveragenumberofdilutedsharesoutstanding": 547335000,
        "netincomelossrelatingtocomprehensiveincome": -292558000,
        "othercomprehensiveincomelossforeigncurrencytransactionandtranslationadjustmentnetoftax": 5844000,
        "other": 23000,
        "othercomprehensiveincomelossnetoftax": 5867000,
        "comprehensiveincomenetoftaxincludingportionattributabletononcontrollinginterest": -286691000
    },
    {
        "date": "2016-03-30",
        "symbol": "EOG",
        "period": "Q1",
        "oilandcondensaterevenue": 753711000,
        "naturalgasliquids": 75319000,
        "naturalgasproductionrevenue": 165503000,
        "unrealizedgainlossonderivativesandcommoditycontracts": 5435000,
        "gatheringprocessingandmarketing": 333953000,
        "gainslossesonsalesofassets": 9147000,
        "othernet": 11281000,
        "revenues": 1354349000,
        "leaseoperatingexpense": 240865000,
        "resultsofoperationstransportationcosts": 190454000,
        "gatheringandprocessingcosts": 28524000,
        "explorationexpense": 29829000,
        "resultsofoperationsdryholecosts": 246000,
        "impairmentofoilandgasproperties": 71617000,
        "marketingcosts": 340854000,
        "depreciationdepletionandamortization": 928891000,
        "generalandadministrativeexpense": 100531000,
        "taxesotherthanincome": 60679000,
        "costsandexpenses": 1992490000,
        "operatingincomeloss": -638141000,
        "othernonoperatingincomeexpense": -4437000,
        "incomebeforeinterestexpenseandincometaxes": -642578000,
        "interestexpense": 68390000,
        "incomelossfromcontinuingoperationsbeforeincometaxesextraordinaryitemsnoncontrollinginterest": -710968000,
        "incometaxexpensebenefit": -239192000,
        "netincomeloss": -471776000,
        "earningspersharebasic": -0.86,
        "earningspersharediluted": -0.86,
        "commonstockdividendspersharedeclared": 0.1675,
        "weightedaveragenumberofsharesoutstandingbasic": 546715000,
        "weightedaveragenumberofdilutedsharesoutstanding": 546715000,
        "netincomelossrelatingtocomprehensiveincome": -471776000,
        "othercomprehensiveincomelossforeigncurrencytransactionandtranslationadjustmentnetoftax": 2185000,
        "other": 22000,
        "othercomprehensiveincomelossnetoftax": 2207000,
        "comprehensiveincomenetoftaxincludingportionattributabletononcontrollinginterest": -469569000
    },
    {
        "date": "2015-12-30",
        "symbol": "EOG",
        "period": "Q4",
        "oilandcondensaterevenue": 1040470000,
        "naturalgasliquids": -311049000,
        "naturalgasproductionrevenue": -788710000,
        "unrealizedgainlossonderivativesandcommoditycontracts": 4970000,
        "gatheringprocessingandmarketing": 433634000,
        "gainslossesonsalesofassets": 8127000,
        "othernet": -38678000,
        "revenues": 15050000,
        "leaseandwell": 247916000,
        "transportationcosts": 207580000,
        "gatheringandprocessingcosts": 39653000,
        "explorationexpense": 34946000,
        "resultsofoperationsdryholecosts": -6162000,
        "impairmentofoilandgasproperties": 168171000,
        "marketingcosts": 461848000,
        "depreciationdepletionandamortization": -2525259000,
        "generalandadministrativeexpense": 109014000,
        "taxesotherthanincome": 87500000,
        "costsandexpenses": 2126514000,
        "operatingincomeloss": -71920000,
        "othernonoperatingincomeexpense": -6080000,
        "incomebeforeinterestexpenseandincometaxes": -335833000,
        "interestexpense": 62993000,
        "incometaxexpensebenefit": 2285181000,
        "netincomeloss": -284296000,
        "earningspersharebasic": -0.5199999999999994,
        "earningspersharediluted": -0.5199999999999994,
        "commonstockdividendspersharedeclared": 0.16750000000000007,
        "weightedaveragenumberofsharesoutstandingbasic": -1090725000,
        "weightedaveragenumberofdilutedsharesoutstanding": -1094904000,
        "netincomelossrelatingtocomprehensiveincome": -284296000,
        "othercomprehensiveincomelossforeigncurrencytransactionandtranslationadjustmentnetoftax": 250000,
        "other": 1391000,
        "othercomprehensiveincomelossnetoftax": 1641000,
        "comprehensiveincomenetoftaxincludingportionattributabletononcontrollinginterest": -282655000
    },
    {
        "date": "2015-09-29",
        "symbol": "EOG",
        "period": "Q3",
        "oilandcondensaterevenue": 1181092000,
        "naturalgasliquids": 95217000,
        "naturalgasproductionrevenue": 281837000,
        "unrealizedgainlossonderivativesandcommoditycontracts": 29239000,
        "gatheringprocessingandmarketing": 572217000,
        "gainslossesonsalesofassets": -1185000,
        "othernet": 14011000,
        "revenues": 33054000,
        "leaseandwell": 283221000,
        "transportationcosts": 203594000,
        "gatheringandprocessingcosts": 35497000,
        "explorationexpense": 31344000,
        "resultsofoperationsdryholecosts": 198000,
        "impairmentofoilandgasproperties": 6307420000,
        "marketingcosts": 615303000,
        "depreciationdepletionandamortization": 722172000,
        "generalandadministrativeexpense": 90959000,
        "taxesotherthanincome": 105677000,
        "costsandexpenses": 8395385000,
        "operatingincomeloss": -158903000,
        "othernonoperatingincomeexpense": 8607000,
        "incomebeforeinterestexpenseandincometaxes": -6214350000,
        "interestexpense": 60571000,
        "incomelossfromcontinuingoperationsbeforeincometaxesextraordinaryitemsnoncontrollinginterest": -6274921000,
        "incometaxexpensebenefit": -2199182000,
        "netincomeloss": -4075739000,
        "earningspersharebasic": -7.47,
        "earningspersharediluted": -7.47,
        "commonstockdividendspersharedeclared": 0.1675,
        "weightedaveragenumberofsharesoutstandingbasic": 545920000,
        "weightedaveragenumberofdilutedsharesoutstanding": 545920000,
        "netincomelossrelatingtocomprehensiveincome": -4075739000,
        "othercomprehensiveincomelossforeigncurrencytransactionandtranslationadjustmentnetoftax": -7004000,
        "other": 28000,
        "othercomprehensiveincomelossnetoftax": -6976000,
        "comprehensiveincomenetoftaxincludingportionattributabletononcontrollinginterest": -4082715000
    },
    {
        "date": "2015-06-29",
        "symbol": "EOG",
        "period": "Q2",
        "oilandcondensaterevenue": 1452756000,
        "naturalgasliquids": 103930000,
        "naturalgasproductionrevenue": 274038000,
        "unrealizedgainlossonderivativesandcommoditycontracts": -48493000,
        "gatheringprocessingandmarketing": 678356000,
        "gainslossesonsalesofassets": -5564000,
        "othernet": 14678000,
        "revenues": 4679000,
        "leaseandwell": 289664000,
        "transportationcosts": 209833000,
        "gatheringandprocessingcosts": 34997000,
        "explorationexpense": 43755000,
        "resultsofoperationsdryholecosts": -551000,
        "impairmentofoilandgasproperties": 68519000,
        "marketingcosts": 670169000,
        "depreciationdepletionandamortization": 909227000,
        "generalandadministrativeexpense": 82324000,
        "taxesotherthanincome": 122138000,
        "costsandexpenses": 2430075000,
        "operatingincomeloss": -26513000,
        "othernonoperatingincomeexpense": 9380000,
        "incomebeforeinterestexpenseandincometaxes": 49006000,
        "interestexpense": 60484000,
        "incomelossfromcontinuingoperationsbeforeincometaxesextraordinaryitemsnoncontrollinginterest": -11478000,
        "incometaxexpensebenefit": -16746000,
        "netincomeloss": 5268000,
        "earningspersharebasic": 0.01,
        "earningspersharediluted": 0.01,
        "commonstockdividendspersharedeclared": 0.1675,
        "weightedaveragenumberofsharesoutstandingbasic": 545504000,
        "weightedaveragenumberofdilutedsharesoutstanding": 549683000,
        "netincomelossrelatingtocomprehensiveincome": 5268000,
        "othercomprehensiveincomelossforeigncurrencytransactionandtranslationadjustmentnetoftax": 8404000,
        "other": 27000,
        "othercomprehensiveincomelossnetoftax": 8431000,
        "comprehensiveincomenetoftaxincludingportionattributabletononcontrollinginterest": 13699000
    },
    {
        "date": "2015-03-30",
        "symbol": "EOG",
        "period": "Q1",
        "oilandcondensaterevenue": 1260244000,
        "naturalgasliquids": 111990000,
        "naturalgasproductionrevenue": 287782000,
        "unrealizedgainlossonderivativesandcommoditycontracts": 76208000,
        "gatheringprocessingandmarketing": 570270000,
        "gainslossesonsalesofassets": 1607000,
        "othernet": 10437000,
        "revenues": 9394000,
        "leaseandwell": 361481000,
        "transportationcosts": 228312000,
        "gatheringandprocessingcosts": 36009000,
        "explorationexpense": 39449000,
        "resultsofoperationsdryholecosts": 14670000,
        "impairmentofoilandgasproperties": 69436000,
        "marketingcosts": 638662000,
        "depreciationdepletionandamortization": 912788000,
        "generalandadministrativeexpense": 84297000,
        "taxesotherthanincome": 106429000,
        "costsandexpenses": 2491533000,
        "operatingincomeloss": -38119000,
        "othernonoperatingincomeexpense": -9991000,
        "incomebeforeinterestexpenseandincometaxes": -182986000,
        "interestexpense": 53345000,
        "incomelossfromcontinuingoperationsbeforeincometaxesextraordinaryitemsnoncontrollinginterest": -236331000,
        "incometaxexpensebenefit": -66583000,
        "netincomeloss": -169748000,
        "earningspersharebasic": -0.31,
        "earningspersharediluted": -0.31,
        "commonstockdividendspersharedeclared": 0.1675,
        "weightedaveragenumberofsharesoutstandingbasic": 544998000,
        "weightedaveragenumberofdilutedsharesoutstanding": 544998000,
        "netincomelossrelatingtocomprehensiveincome": -169748000,
        "othercomprehensiveincomelossforeigncurrencytransactionandtranslationadjustmentnetoftax": -13167000,
        "other": -211000,
        "othercomprehensiveincomelossnetoftax": -13378000,
        "comprehensiveincomenetoftaxincludingportionattributabletononcontrollinginterest": -183126000
    },
    {
        "date": "2014-12-30",
        "symbol": "EOG",
        "period": "Q4",
        "oilandcondensaterevenue": 2054901000,
        "naturalgasliquids": 171319000,
        "naturalgasproductionrevenue": -1493026000,
        "unrealizedgainlossonderivativesandcommoditycontracts": 750154000,
        "gatheringprocessingandmarketing": 799885000,
        "gainslossesonsalesofassets": 20639000,
        "othernet": 9671000,
        "revenues": -379967000,
        "leaseandwell": 380781000,
        "transportationcosts": 242293000,
        "gatheringandprocessingcosts": 37785000,
        "explorationexpense": 45167000,
        "resultsofoperationsdryholecosts": -7183000,
        "impairmentofoilandgasproperties": 535637000,
        "marketingcosts": 862589000,
        "depreciationdepletionandamortization": -2964879000,
        "generalandadministrativeexpense": 131285000,
        "taxesotherthanincome": 151153000,
        "costsandexpenses": 3418845000,
        "operatingincomeloss": -680458000,
        "othernonoperatingincomeexpense": -28324000,
        "incomebeforeinterestexpenseandincometaxes": 1198328000,
        "interestexpense": 49735000,
        "incometaxexpensebenefit": -1312546000,
        "netincomeloss": 444588000,
        "earningspersharebasic": 0.8100000000000003,
        "earningspersharediluted": 0.8100000000000005,
        "commonstockdividendspersharedeclared": 0.16749999999999998,
        "weightedaveragenumberofsharesoutstandingbasic": 357000,
        "weightedaveragenumberofdilutedsharesoutstanding": 138000,
        "netincomelossrelatingtocomprehensiveincome": 444588000,
        "othercomprehensiveincomelossforeigncurrencytransactionandtranslationadjustmentnetoftax": -410290000,
        "other": -491000,
        "othercomprehensiveincomelossnetoftax": 28605000,
        "comprehensiveincomenetoftaxincludingportionattributabletononcontrollinginterest": 33807000
    },
    {
        "date": "2014-09-29",
        "symbol": "EOG",
        "period": "Q3",
        "oilandcondensaterevenue": 2671502000,
        "naturalgasliquids": 258927000,
        "naturalgasproductionrevenue": 443108000,
        "unrealizedgainlossonderivativesandcommoditycontracts": 469125000,
        "gatheringprocessingandmarketing": 1196933000,
        "gainslossesonsalesofassets": 60346000,
        "othernet": 18675000,
        "revenues": 123154000,
        "leaseandwell": 368340000,
        "transportationcosts": 246067000,
        "gatheringandprocessingcosts": 41621000,
        "explorationexpense": 48955000,
        "resultsofoperationsdryholecosts": 16359000,
        "impairmentofoilandgasproperties": 55542000,
        "marketingcosts": 1213652000,
        "depreciationdepletionandamortization": 1040018000,
        "generalandadministrativeexpense": 96931000,
        "taxesotherthanincome": 204969000,
        "costsandexpenses": 3332454000,
        "operatingincomeloss": 61328000,
        "othernonoperatingincomeexpense": -21338000,
        "incomebeforeinterestexpenseandincometaxes": 1764824000,
        "interestexpense": 49704000,
        "incomelossfromcontinuingoperationsbeforeincometaxesextraordinaryitemsnoncontrollinginterest": 1715120000,
        "incometaxexpensebenefit": 611502000,
        "netincomeloss": 1103618000,
        "earningspersharebasic": 2.0300000000000002,
        "earningspersharediluted": 2.0199999999999996,
        "commonstockdividendspersharedeclared": 0.16749999999999998,
        "weightedaveragenumberofsharesoutstandingbasic": 542543325,
        "weightedaveragenumberofdilutedsharesoutstanding": 547852954,
        "netincomelossrelatingtocomprehensiveincome": 1103618000,
        "othercomprehensiveincomelossforeigncurrencytransactionandtranslationadjustmentnetoftax": -38886000,
        "other": 23000,
        "othercomprehensiveincomelossnetoftax": -38863000,
        "comprehensiveincomenetoftaxincludingportionattributabletononcontrollinginterest": 1064755000
    },
    {
        "date": "2014-06-29",
        "symbol": "EOG",
        "period": "Q2",
        "oilandcondensaterevenue": 2618975000,
        "naturalgasliquids": 247973000,
        "naturalgasproductionrevenue": 509091000,
        "unrealizedgainlossonderivativesandcommoditycontracts": -229270000,
        "gatheringprocessingandmarketing": 1027795000,
        "gainslossesonsalesofassets": 3856000,
        "othernet": 9136000,
        "revenues": 270687000,
        "leaseandwell": 346458000,
        "transportationcosts": 240579000,
        "gatheringandprocessingcosts": 32470000,
        "explorationexpense": 42208000,
        "resultsofoperationsdryholecosts": 5558000,
        "impairmentofoilandgasproperties": 39035000,
        "marketingcosts": 1043515000,
        "depreciationdepletionandamortization": 996602000,
        "generalandadministrativeexpense": 90932000,
        "taxesotherthanincome": 205469000,
        "costsandexpenses": 3042826000,
        "operatingincomeloss": 169476000,
        "othernonoperatingincomeexpense": 7950000,
        "incomebeforeinterestexpenseandincometaxes": 1152680000,
        "interestexpense": 51867000,
        "incomelossfromcontinuingoperationsbeforeincometaxesextraordinaryitemsnoncontrollinginterest": 1100813000,
        "incometaxexpensebenefit": 394460000,
        "netincomeloss": 706353000,
        "earningspersharebasic": 1.3,
        "earningspersharediluted": 1.2800000000000002,
        "commonstockdividendspersharedeclared": 0.125,
        "weightedaveragenumberofsharesoutstandingbasic": -541735325,
        "weightedaveragenumberofdilutedsharesoutstanding": -547522954,
        "netincomelossrelatingtocomprehensiveincome": 706353000,
        "othercomprehensiveincomelossforeigncurrencytransactionandtranslationadjustmentnetoftax": 24378000,
        "foreigncurrencyswaptransaction": 0,
        "incometaxrelatedtoforeigncurrencyswaptransaction": 0,
        "interestswaptransactions": 0,
        "incometaxrelatedtointerestswaptransactions": 0,
        "other": -593000,
        "othercomprehensiveincomelossnetoftax": 23785000,
        "comprehensiveincomenetoftaxincludingportionattributabletononcontrollinginterest": 730138000
    },
    {
        "date": "2014-03-30",
        "symbol": "EOG",
        "period": "Q1",
        "oilandcondensaterevenue": 2397102000,
        "naturalgasliquids": 246235000,
        "naturalgasproductionrevenue": 556693000,
        "unrealizedgainlossonderivativesandcommoditycontracts": -155736000,
        "gatheringprocessingandmarketing": 1015411000,
        "gainslossesonsalesofassets": 11498000,
        "othernet": 12468000,
        "revenues": 4299000,
        "leaseandwell": 320834000,
        "transportationcosts": 243237000,
        "gatheringandprocessingcosts": 33924000,
        "explorationexpense": 48058000,
        "resultsofoperationsdryholecosts": 8348000,
        "impairmentofoilandgasproperties": 113361000,
        "marketingcosts": 1006304000,
        "depreciationdepletionandamortization": 946491000,
        "generalandadministrativeexpense": 82862000,
        "taxesotherthanincome": 195973000,
        "costsandexpenses": 2999392000,
        "operatingincomeloss": -21019000,
        "othernonoperatingincomeexpense": -3338000,
        "incomebeforeinterestexpenseandincometaxes": 1080941000,
        "interestexpense": 50152000,
        "incomelossfromcontinuingoperationsbeforeincometaxesextraordinaryitemsnoncontrollinginterest": 1030789000,
        "incometaxexpensebenefit": 369861000,
        "netincomeloss": 660928000,
        "earningspersharebasic": 1.22,
        "earningspersharediluted": 1.21,
        "commonstockdividendspersharedeclared": 0.125,
        "weightedaveragenumberofsharesoutstandingbasic": 542278000,
        "weightedaveragenumberofdilutedsharesoutstanding": 548071000,
        "netincomelossrelatingtocomprehensiveincome": 660928000,
        "othercomprehensiveincomelossforeigncurrencytransactionandtranslationadjustmentnetoftax": -12930000,
        "foreigncurrencyswaptransaction": 50000,
        "incometaxrelatedtoforeigncurrencyswaptransaction": -670000,
        "interestswaptransactions": 777000,
        "incometaxrelatedtointerestswaptransactions": -281000,
        "other": 23000,
        "othercomprehensiveincomelossnetoftax": -13031000,
        "comprehensiveincomenetoftaxincludingportionattributabletononcontrollinginterest": 647897000
    },
    {
        "date": "2013-12-30",
        "symbol": "EOG",
        "period": "Q4",
        "oilandcondensaterevenue": 2168073000,
        "naturalgasliquids": -543741000,
        "naturalgasproductionrevenue": -1251932000,
        "unrealizedgainlossonderivativesandcommoditycontracts": 40504000,
        "gatheringprocessingandmarketing": 881140000,
        "gainslossesonsalesofassets": -184450000,
        "othernet": -41186000,
        "revenues": 4522000,
        "leaseandwell": 288921000,
        "transportationcosts": 224506000,
        "gatheringandprocessingcosts": 26349000,
        "explorationexpense": 30378000,
        "resultsofoperationsdryholecosts": -12938000,
        "impairmentofoilandgasproperties": 109509000,
        "marketingcosts": 901940000,
        "depreciationdepletionandamortization": -2671165000,
        "generalandadministrativeexpense": 91066000,
        "taxesotherthanincome": 165378000,
        "costsandexpenses": 2768699000,
        "operatingincomeloss": -18947000,
        "othernonoperatingincomeexpense": -8732000,
        "incomebeforeinterestexpenseandincometaxes": 971592000,
        "interestexpense": 52510000,
        "incometaxexpensebenefit": -941308000,
        "netincomeloss": 580194000,
        "earningspersharebasic": 2.1400000000000006,
        "earningspersharediluted": 2.1099999999999994,
        "commonstockdividendspersharedeclared": 0.1875,
        "weightedaveragenumberofsharesoutstandingbasic": -539675000,
        "weightedaveragenumberofdilutedsharesoutstanding": -545464000,
        "netincomelossrelatingtocomprehensiveincome": 580194000,
        "othercomprehensiveincomelossforeigncurrencytransactionandtranslationadjustmentnetoftax": -10923000,
        "foreigncurrencyswaptransaction": 2556000,
        "interestswaptransactions": 2212000,
        "incometaxrelatedtointerestswaptransactions": -262000,
        "other": 1899000,
        "othercomprehensiveincomelossnetoftax": -9449000,
        "comprehensiveincomenetoftaxincludingportionattributabletononcontrollinginterest": 570745000
    },
    {
        "date": "2013-09-29",
        "symbol": "EOG",
        "period": "Q3",
        "oilandcondensaterevenue": 2337742000,
        "naturalgasliquids": 208190000,
        "naturalgasproductionrevenue": 396123000,
        "unrealizedgainlossonderivativesandcommoditycontracts": -293387000,
        "gatheringprocessingandmarketing": 872699000,
        "gainslossesonsalesofassets": 8183000,
        "othernet": 11846000,
        "revenues": 4593000,
        "leaseandwell": 299169000,
        "transportationcosts": 219790000,
        "gatheringandprocessingcosts": 31121000,
        "explorationexpense": 39429000,
        "resultsofoperationsdryholecosts": 19548000,
        "impairmentofoilandgasproperties": 85917000,
        "marketingcosts": 876761000,
        "depreciationdepletionandamortization": 928800000,
        "generalandadministrativeexpense": 98654000,
        "taxesotherthanincome": 172438000,
        "costsandexpenses": 2771627000,
        "operatingincomeloss": -17629000,
        "othernonoperatingincomeexpense": 11168000,
        "incomebeforeinterestexpenseandincometaxes": 780937000,
        "interestexpense": 59382000,
        "incomelossfromcontinuingoperationsbeforeincometaxesextraordinaryitemsnoncontrollinginterest": 721555000,
        "incometaxexpensebenefit": 259057000,
        "netincomeloss": 462498000,
        "earningspersharebasic": 1.71,
        "earningspersharediluted": 1.69,
        "commonstockdividendspersharedeclared": 0.1875,
        "weightedaveragenumberofsharesoutstandingbasic": 270471000,
        "weightedaveragenumberofdilutedsharesoutstanding": 273576000,
        "netincomelossrelatingtocomprehensiveincome": 462498000,
        "othercomprehensiveincomelossforeigncurrencytransactionandtranslationadjustmentnetoftax": 15106000,
        "foreigncurrencyswaptransaction": 1459000,
        "interestswaptransactions": 678000,
        "incometaxrelatedtointerestswaptransactions": -244000,
        "other": 27000,
        "othercomprehensiveincomelossnetoftax": 17026000,
        "comprehensiveincomenetoftaxincludingportionattributabletononcontrollinginterest": 479524000
    },
    {
        "date": "2013-06-29",
        "symbol": "EOG",
        "period": "Q2",
        "oilandcondensaterevenue": 2012999000,
        "naturalgasliquids": 178457000,
        "naturalgasproductionrevenue": 462602000,
        "unrealizedgainlossonderivativesandcommoditycontracts": 191490000,
        "gatheringprocessingandmarketing": 959413000,
        "gainslossesonsalesofassets": 13153000,
        "othernet": 22071000,
        "revenues": 5897000,
        "leaseandwell": 268888000,
        "transportationcosts": 224491000,
        "gatheringandprocessingcosts": 25897000,
        "explorationexpense": 47323000,
        "resultsofoperationsdryholecosts": 35750000,
        "impairmentofoilandgasproperties": 37967000,
        "marketingcosts": 965490000,
        "depreciationdepletionandamortization": 910531000,
        "generalandadministrativeexpense": 80607000,
        "taxesotherthanincome": 151197000,
        "costsandexpenses": 2748141000,
        "operatingincomeloss": -43409000,
        "othernonoperatingincomeexpense": 4833000,
        "incomebeforeinterestexpenseandincometaxes": 1096877000,
        "interestexpense": 61647000,
        "incomebeforeincometaxes": 1035230000,
        "incometaxexpensebenefit": 375538000,
        "netincomeloss": 659692000,
        "earningspersharebasic": 2.44,
        "earningspersharediluted": 2.42,
        "commonstockdividendspersharedeclared": 0.1875,
        "weightedaveragenumberofsharesoutstandingbasic": 270016000,
        "weightedaveragenumberofdilutedsharesoutstanding": 272739000,
        "netincomelossrelatingtocomprehensiveincome": 659692000,
        "othercomprehensiveincomelossforeigncurrencytransactionandtranslationadjustmentnetoftax": -19314000,
        "foreigncurrencyswaptransaction": -662000,
        "interestswaptransactions": 584000,
        "incometaxrelatedtointerestswaptransactions": -210000,
        "other": 27000,
        "othercomprehensiveincomelossnetoftax": -19575000,
        "comprehensiveincomenetoftaxincludingportionattributabletononcontrollinginterest": 640117000
    },
    {
        "date": "2013-03-30",
        "symbol": "EOG",
        "period": "Q1",
        "oilandcondensaterevenue": 1781833000,
        "naturalgasliquids": 169529000,
        "naturalgasproductionrevenue": 410879000,
        "unrealizedgainlossonderivativesandcommoditycontracts": -104956000,
        "gatheringprocessingandmarketing": 922957000,
        "gainslossesonsalesofassets": 164233000,
        "othernet": 12039000,
        "revenues": 5571000,
        "leaseandwell": 249000000,
        "transportationcosts": 184257000,
        "gatheringandprocessingcosts": 24504000,
        "explorationexpense": 44216000,
        "resultsofoperationsdryholecosts": 3962000,
        "impairmentofoilandgasproperties": 53548000,
        "marketingcosts": 904649000,
        "depreciationdepletionandamortization": 846388000,
        "generalandadministrativeexpense": 77985000,
        "taxesotherthanincome": 134931000,
        "costsandexpenses": 2523440000,
        "operatingincomeloss": -9760000,
        "othernonoperatingincomeexpense": -10134000,
        "incomebeforeinterestexpenseandincometaxes": 822940000,
        "interestexpense": 61921000,
        "incomebeforeincometaxes": 761019000,
        "incometaxexpensebenefit": 266294000,
        "netincomeloss": 494725000,
        "earningspersharebasic": 1.84,
        "earningspersharediluted": 1.82,
        "commonstockdividendspersharedeclared": 0.1875,
        "weightedaveragenumberofsharesoutstandingbasic": 269358000,
        "weightedaveragenumberofdilutedsharesoutstanding": 272263000,
        "netincomelossrelatingtocomprehensiveincome": 494725000,
        "othercomprehensiveincomelossforeigncurrencytransactionandtranslationadjustmentnetoftax": -14264000,
        "foreigncurrencyswaptransaction": -1701000,
        "interestswaptransactions": -737000,
        "incometaxrelatedtointerestswaptransactions": -265000,
        "other": -28000,
        "othercomprehensiveincomelossnetoftax": -12063000,
        "comprehensiveincomenetoftaxincludingportionattributabletononcontrollinginterest": 482662000
    },
    {
        "date": "2012-12-30",
        "symbol": "EOG",
        "period": "Q4",
        "oilandcondensaterevenue": 1460684000,
        "naturalgasliquids": -505004000,
        "naturalgasproductionrevenue": -1133817000,
        "unrealizedgainlossonderivativesandcommoditycontracts": 66416000,
        "gatheringprocessingandmarketing": -2187877000,
        "gainslossesonsalesofassets": -221675000,
        "othernet": -31188000,
        "revenues": 4996000,
        "leaseandwell": 234349000,
        "transportationcosts": 169789000,
        "gatheringandprocessingcosts": 25542000,
        "explorationexpense": 48660000,
        "impairmentofoilandgasproperties": 1020496000,
        "marketingcosts": 880451000,
        "depreciationdepletionandamortization": -2364970000,
        "generalandadministrativeexpense": 86679000,
        "taxesotherthanincome": 135597000,
        "costsandexpenses": 3389872000,
        "operatingincomeloss": 2279669000,
        "othernonoperatingincomeexpense": -13902000,
        "incomebeforeinterestexpenseandincometaxes": -386468000,
        "interestexpense": 59354000,
        "incomebeforeincometaxes": -1745139000,
        "incometaxexpensebenefit": -653947000,
        "netincomeloss": -504999000,
        "earningspersharebasic": -1.9000000000000001,
        "earningspersharediluted": -1.87,
        "commonstockdividendspersharedeclared": 0.16999999999999996,
        "weightedaveragenumberofsharesoutstandingbasic": -533912000,
        "weightedaveragenumberofdilutedsharesoutstanding": -540447000,
        "netincomelossrelatingtocomprehensiveincome": -504999000,
        "othercomprehensiveincomelossforeigncurrencytransactionandtranslationadjustmentnetoftax": -10523000,
        "foreigncurrencyswaptransaction": -749000,
        "incometaxrelatedtoforeigncurrencyswaptransaction": 193000,
        "interestswaptransactions": 548000,
        "incometaxrelatedtointerestswaptransactions": -197000,
        "other": -776000,
        "comprehensiveincomenetoftaxincludingportionattributabletononcontrollinginterest": -516503000
    },
    {
        "date": "2012-09-29",
        "symbol": "EOG",
        "period": "Q3",
        "oilandcondensaterevenue": 1512168000,
        "naturalgasliquids": 170351000,
        "naturalgasproductionrevenue": 426728000,
        "unrealizedgainlossonderivativesandcommoditycontracts": 4671000,
        "gatheringprocessingandmarketing": 764385000,
        "gainslossesonsalesofassets": 67376000,
        "othernet": 9176000,
        "revenues": 5907000,
        "leaseandwell": 253452000,
        "transportationcosts": 164407000,
        "gatheringandprocessingcosts": 26223000,
        "explorationexpense": 45953000,
        "resultsofoperationsdryholecosts": 1924000,
        "impairmentofoilandgasproperties": 62875000,
        "marketingcosts": 755457000,
        "depreciationdepletionandamortization": 825851000,
        "generalandadministrativeexpense": 92870000,
        "taxesotherthanincome": 120096000,
        "costsandexpenses": 2349108000,
        "operatingincomeloss": -14467000,
        "othernonoperatingincomeexpense": 7596000,
        "incomebeforeinterestexpenseandincometaxes": 613343000,
        "interestexpense": 53154000,
        "incomebeforeincometaxes": 560189000,
        "incometaxexpensebenefit": 204698000,
        "netincomeloss": 355491000,
        "earningspersharebasic": 1.33,
        "earningspersharediluted": 1.31,
        "commonstockdividendspersharedeclared": 0.17,
        "weightedaveragenumberofsharesoutstandingbasic": 267941000,
        "weightedaveragenumberofdilutedsharesoutstanding": 270982000,
        "netincomelossrelatingtocomprehensiveincome": 355491000,
        "othercomprehensiveincomelossforeigncurrencytransactionandtranslationadjustmentnetoftax": 50426000,
        "foreigncurrencyswaptransaction": 1708000,
        "incometaxrelatedtoforeigncurrencyswaptransaction": -646000,
        "interestswaptransactions": -318000,
        "incometaxrelatedtointerestswaptransactions": 114000,
        "other": 29000,
        "othercomprehensiveincomelossnetoftax": 51313000,
        "comprehensiveincomenetoftaxincludingportionattributabletononcontrollinginterest": 406804000
    },
    {
        "date": "2012-06-29",
        "symbol": "EOG",
        "period": "Q2",
        "oilandcondensaterevenue": 1376250000,
        "naturalgasliquids": 150023000,
        "naturalgasproductionrevenue": 359421000,
        "unrealizedgainlossonderivativesandcommoditycontracts": 188449000,
        "gatheringprocessingandmarketing": 710748000,
        "gainslossesonsalesofassets": 113290000,
        "othernet": 11138000,
        "revenues": 6104000,
        "leaseandwell": 250756000,
        "transportationcosts": 135393000,
        "gatheringandprocessingcosts": 20588000,
        "explorationexpense": 48149000,
        "resultsofoperationsdryholecosts": 11081000,
        "impairmentofoilandgasproperties": 54217000,
        "marketingcosts": 694118000,
        "depreciationdepletionandamortization": 808765000,
        "generalandadministrativeexpense": 75727000,
        "taxesotherthanincome": 118186000,
        "costsandexpenses": 2216980000,
        "operatingincomeloss": -21483000,
        "othernonoperatingincomeexpense": 4675000,
        "incomebeforeinterestexpenseandincometaxes": 697014000,
        "interestexpense": 50775000,
        "incomebeforeincometaxes": 646239000,
        "incometaxexpensebenefit": 250461000,
        "netincomeloss": 395778000,
        "earningspersharebasic": 1.48,
        "earningspersharediluted": 1.47,
        "commonstockdividendspersharedeclared": 0.17,
        "weightedaveragenumberofsharesoutstandingbasic": 266874000,
        "weightedaveragenumberofdilutedsharesoutstanding": 269985000,
        "netincomelossrelatingtocomprehensiveincome": 395778000,
        "othercomprehensiveincomelossforeigncurrencytransactionandtranslationadjustmentnetoftax": -28689000,
        "foreigncurrencyswaptransaction": -1431000,
        "incometaxrelatedtoforeigncurrencyswaptransaction": 576000,
        "interestswaptransactions": 231000,
        "incometaxrelatedtointerestswaptransactions": -83000,
        "other": 31000,
        "othercomprehensiveincomelossnetoftax": -29365000,
        "comprehensiveincomenetoftaxincludingportionattributabletononcontrollinginterest": 366413000
    },
    {
        "date": "2012-03-30",
        "symbol": "EOG",
        "period": "Q1",
        "oilandcondensaterevenue": 1310335000,
        "naturalgasliquids": 198310000,
        "naturalgasproductionrevenue": 367284000,
        "unrealizedgainlossonderivativesandcommoditycontracts": 134208000,
        "gatheringprocessingandmarketing": 718157000,
        "gainslossesonsalesofassets": 67468000,
        "othernet": 10889000,
        "revenues": 6170000,
        "leaseandwell": 261495000,
        "transportationcosts": 131842000,
        "gatheringandprocessingcosts": 25592000,
        "explorationexpense": 42807000,
        "impairmentofoilandgasproperties": 133147000,
        "marketingcosts": 705468000,
        "depreciationdepletionandamortization": 748743000,
        "generalandadministrativeexpense": 76269000,
        "taxesotherthanincome": 121516000,
        "costsandexpenses": 2246879000,
        "operatingincomeloss": -9808000,
        "othernonoperatingincomeexpense": 10631000,
        "incomebeforeinterestexpenseandincometaxes": 570403000,
        "interestexpense": 50269000,
        "incomebeforeincometaxes": 520134000,
        "incometaxexpensebenefit": 196125000,
        "netincomeloss": 324009000,
        "earningspersharebasic": 1.22,
        "earningspersharediluted": 1.2,
        "commonstockdividendspersharedeclared": 0.17,
        "weightedaveragenumberofsharesoutstandingbasic": 266674000,
        "weightedaveragenumberofdilutedsharesoutstanding": 270242000,
        "netincomelossrelatingtocomprehensiveincome": 324009000,
        "othercomprehensiveincomelossforeigncurrencytransactionandtranslationadjustmentnetoftax": 26525000,
        "foreigncurrencyswaptransaction": 2061000,
        "incometaxrelatedtoforeigncurrencyswaptransaction": -527000,
        "interestswaptransactions": -595000,
        "incometaxrelatedtointerestswaptransactions": 214000,
        "other": 27000,
        "othercomprehensiveincomelossnetoftaxperiodincreasedecrease": 27705000,
        "comprehensiveincomenetoftaxincludingportionattributabletononcontrollinginterest": 351714000
    },
    {
        "date": "2011-09-29",
        "symbol": "EOG",
        "period": "Q3",
        "crudeoilandcondensate": 953154000,
        "naturalgasliquids": 206572000,
        "naturalgasproductionrevenue": 576803000,
        "unrealizedgainlossonderivativesandcommoditycontracts": 357664000,
        "gatheringprocessingandmarketing": 578022000,
        "gainslossesonsalesofassets": 207468000,
        "othernet": 6061000,
        "revenues": 6621000,
        "leaseandwell": 248926000,
        "transportationcosts": 108678000,
        "gatheringandprocessingcosts": 18532000,
        "explorationexpense": 48469000,
        "resultsofoperationsdryholecosts": 22604000,
        "impairmentofoilandgasproperties": 83431000,
        "marketingcosts": 572604000,
        "depreciationdepletionandamortization": 651684000,
        "generalandadministrativeexpense": 82260000,
        "taxesotherthanincome": 98526000,
        "costsandexpenses": 1935714000,
        "operatingincomeloss": -33488000,
        "othernonoperatingincomeexpense": 1377000,
        "incomebeforeinterestexpenseandincometaxes": 951407000,
        "interestexpensenet": 52186000,
        "incomebeforeincometaxes": 899221000,
        "incometaxexpensebenefit": 358343000,
        "netincomeloss": 540878000,
        "earningspersharebasic": 2.03,
        "earningspersharediluted": 2.01,
        "commonstockdividendspersharedeclared": 0.16,
        "weightedaveragenumberofsharesoutstandingbasic": 266053,
        "weightedaveragenumberofdilutedsharesoutstanding": 269292
    },
    {
        "date": "2011-06-29",
        "symbol": "EOG",
        "period": "Q2",
        "crudeoilandcondensate": 938518000,
        "naturalgasliquids": 183805000,
        "naturalgasproductionrevenue": 599993000,
        "unrealizedgainlossonderivativesandcommoditycontracts": 189621000,
        "gatheringprocessingandmarketing": 487698000,
        "gainslossesonsalesofassets": 163771000,
        "othernet": 6844000,
        "revenues": 2570250000,
        "leaseandwell": 216695000,
        "transportationcosts": 101965000,
        "gatheringandprocessingcosts": 17716000,
        "explorationexpense": 41238000,
        "resultsofoperationsdryholecosts": 1676000,
        "impairmentofoilandgasproperties": 358654000,
        "marketingcosts": 469437000,
        "depreciationdepletionandamortization": 602944000,
        "generalandadministrativeexpense": 67406000,
        "taxesotherthanincome": 104266000,
        "costsandexpenses": 1981997000,
        "operatingincomeloss": -8329000,
        "othernonoperatingincomeexpense": 6224000,
        "incomebeforeinterestexpenseandincometaxes": 594477000,
        "interestexpensenet": 51253000,
        "incomebeforeincometaxes": 543224000,
        "incometaxexpensebenefit": 247650000,
        "netincomeloss": 295574000,
        "earningspersharebasic": 1.11,
        "earningspersharediluted": 1.1,
        "commonstockdividendspersharedeclared": 0.16,
        "weightedaveragenumberofsharesoutstandingbasic": 265830000,
        "weightedaveragenumberofdilutedsharesoutstanding": 269332000
    },
    {
        "date": "2011-03-30",
        "symbol": "EOG",
        "period": "Q1",
        "crudeoilandcondensate": 757362000,
        "naturalgasliquids": 148727000,
        "naturalgasproductionrevenue": 583919000,
        "unrealizedgainlossonderivativesandcommoditycontracts": -66746000,
        "gatheringprocessingandmarketing": 395583000,
        "gainslossesonsalesofassets": 71742000,
        "othernet": 6519000,
        "revenues": 7657000,
        "leaseandwell": 215089000,
        "transportationcosts": 97633000,
        "gatheringandprocessingcosts": 19196000,
        "explorationexpense": 50909000,
        "resultsofoperationsdryholecosts": 22951000,
        "impairmentofoilandgasproperties": 89328000,
        "marketingcosts": 385409000,
        "depreciationdepletionandamortization": 568226000,
        "generalandadministrativeexpense": 70037000,
        "taxesotherthanincome": 105877000,
        "costsandexpenses": 1624655000,
        "operatingincomeloss": -9199000,
        "othernonoperatingincomeexpense": 3604000,
        "incomebeforeinterestexpenseandincometaxes": 276055000,
        "interestexpensenet": 50333000,
        "incomebeforeincometaxes": 225722000,
        "incometaxexpensebenefit": 91749000,
        "netincomeloss": 133973000,
        "earningspersharebasic": 0.52,
        "earningspersharediluted": 0.52,
        "commonstockdividendspersharedeclared": 0.16,
        "weightedaveragenumberofsharesoutstandingbasic": 255200000,
        "weightedaveragenumberofdilutedsharesoutstanding": 258819000
    },
    {
        "date": "2010-09-29",
        "symbol": "EOG",
        "period": "Q3",
        "naturalgasproductionrevenue": 602242000,
        "crudeoilcondensateandnaturalgas": 613850000,
        "unrealizedgainlossonderivativesandcommoditycontracts": 60998000,
        "gatheringprocessingandmarketing": 233971000,
        "gainslossesonsalesofassets": 64809000,
        "othernet": 6205000,
        "revenues": 7688000,
        "leaseandwell": 180921000,
        "transportationcosts": 103262000,
        "gatheringandprocessingcosts": 18472000,
        "explorationexpense": 47307000,
        "resultsofoperationsdryholecosts": 2700000,
        "impairmentofoilandgasproperties": 352908000,
        "marketingcosts": 231758000,
        "depreciationdepletionandamortization": 500888000,
        "generalandadministrativeexpense": 81310000,
        "taxesotherthanincome": 74244000,
        "costsandexpenses": 1593770000,
        "operatingincomeloss": -9609000,
        "othernonoperatingincomeexpense": 5772000,
        "incomebeforeinterestexpenseandincometaxes": -5923000,
        "interestexpensenet": 32890000,
        "incomebeforeincometaxes": -38813000,
        "incometaxexpensebenefit": 32093000,
        "netincomeloss": -70906000,
        "earningspersharebasic": -0.28,
        "earningspersharediluted": -0.28,
        "commonstockdividendspersharedeclared": 0.155,
        "weightedaveragenumberofsharesoutstandingbasic": 251015000,
        "weightedaveragenumberofdilutedsharesoutstanding": 251015000
    },
    {
        "date": "2010-06-29",
        "symbol": "EOG",
        "period": "Q2",
        "naturalgasproductionrevenue": 553354000,
        "crudeoilcondensateandnaturalgas": 560049000,
        "unrealizedgainlossonderivativesandcommoditycontracts": 37015000,
        "gatheringprocessingandmarketing": 195876000,
        "othernet": 11674000,
        "revenues": 6465000,
        "leaseandwell": 160734000,
        "transportationcosts": 94345000,
        "gatheringandprocessingcosts": 13220000,
        "explorationexpense": 50131000,
        "resultsofoperationsdryholecosts": 19318000,
        "impairmentofoilandgasproperties": 80362000,
        "marketingcosts": 191213000,
        "depreciationdepletionandamortization": 465343000,
        "generalandadministrativeexpense": 64737000,
        "taxesotherthanincome": 78064000,
        "costsandexpenses": 1217467000,
        "operatingincomeloss": -10116000,
        "othernonoperatingincomeexpense": -545000,
        "incomebeforeinterestexpenseandincometaxes": 139956000,
        "interestexpensenet": 29897000,
        "incomebeforeincometaxes": 110059000,
        "incometaxexpensebenefit": 50187000,
        "netincomeloss": 59872000,
        "earningspersharebasic": 0.24,
        "earningspersharediluted": 0.24,
        "commonstockdividendspersharedeclared": 0.155,
        "weightedaveragenumberofsharesoutstandingbasic": 250825,
        "weightedaveragenumberofdilutedsharesoutstanding": 254503
    },
    {
        "date": "2009-09-29",
        "symbol": "EOG",
        "period": "Q3",
        "naturalgasproductionrevenue": 450304000,
        "crudeoilcondensateandnaturalgas": 398806000,
        "gainslossesonmarktomarketcommodityderivativecontracts": 20877000,
        "gatheringprocessingandmarketing": 134553000,
        "othernet": 2309000,
        "revenues": 1006849000,
        "leaseandwell": 142183000,
        "transportationcosts": 70971000,
        "gatheringandprocessingcosts": 13318000,
        "explorationexpense": 44910000,
        "dryholecosts": 3016000,
        "impairmentofoilandgasproperties": 69404000,
        "marketingcosts": 131816000,
        "depreciationandamortization": 385330000,
        "generalandadministrativeexpense": 62775000,
        "taxesotherthanincome": 47823000,
        "costsandexpenses": 971546000,
        "operatingincomeloss": 35303000,
        "othernonoperatingincomeexpense": -339000,
        "incomebeforeinterestexpenseandincometaxes": 34964000,
        "interestexpensenet": 30407000,
        "incomelossfromcontinuingoperationsbeforeincometaxesminorityinterestandincomelossfromequitymethodinvestments": 4557000,
        "incometaxexpensebenefit": 361000,
        "netincomelossattributabletocompany": 4196000,
        "netincomelossavailabletocommonstockholdersbasic": 4196000,
        "earningspersharebasic": 0.02,
        "earningspersharediluted": 0.02,
        "commonstockdividendspersharedeclared": 0.145,
        "weightedaveragenumberofsharesoutstandingbasic": 249535000,
        "weightedaveragenumberofdilutedsharesoutstanding": 252422000
    }
]