[
    {
        "date": "2023-06-29",
        "symbol": "BIIB",
        "period": "Q2",
        "revenues": 2400000,
        "costofgoodsandservicessold": 592700000,
        "researchanddevelopmentexpenseexcludingacquiredinprocesscost": 2600000,
        "sellinggeneralandadministrativeexpense": 548000000,
        "amortizationandimpairmentofacquiredintangibleassets": 52900000,
        "collaborationprofitlosssharing": 56900000,
        "restructuringcharges": 17800000,
        "otheroperatingincomeexpensenet": -100000,
        "costsandexpenses": 1747900000,
        "incomelossfromcontinuingoperationsbeforeincometaxesminorityinterestandincomelossfromequitymethodinvestments": 708100000,
        "incometaxexpensebenefit": -400000,
        "profitloss": 1700000,
        "netincomelossattributabletononcontrollinginterest": 1700000,
        "netincomeloss": 2300000,
        "earningspersharebasic": 4.09,
        "earningspersharediluted": 4.07,
        "weightedaveragenumberofsharesoutstandingbasic": 144700000,
        "weightedaveragenumberofdilutedsharesoutstanding": 145500000,
        "othercomprehensiveincomelossavailableforsalesecuritiesadjustmentnetoftax": -4500000,
        "othercomprehensiveincomelosscashflowhedgegainlossafterreclassificationandtax": 6900000,
        "othercomprehensiveincomelosspensionandotherpostretirementbenefitplansadjustmentnetoftax": -200000,
        "othercomprehensiveincomelossforeigncurrencytransactionandtranslationadjustmentnetoftax": -3400000,
        "othercomprehensiveincomelossnetoftaxportionattributabletoparent": -800000,
        "comprehensiveincomenetoftax": 590800000,
        "comprehensiveincomenetoftaxattributabletononcontrollinginterest": 1700000,
        "comprehensiveincomenetoftaxincludingportionattributabletononcontrollinginterest": 592500000
    },
    {
        "date": "2023-03-30",
        "symbol": "BIIB",
        "period": "Q1",
        "revenues": 17600000,
        "costofgoodsandservicessold": 662800000,
        "researchanddevelopmentexpenseexcludingacquiredinprocesscost": 200000,
        "sellinggeneralandadministrativeexpense": 605000000,
        "amortizationandimpairmentofacquiredintangibleassets": 50200000,
        "collaborationprofitlosssharing": 57100000,
        "restructuringcharges": 7100000,
        "otheroperatingincomeexpensenet": -100000,
        "costsandexpenses": 2024700000,
        "incomelossfromcontinuingoperationsbeforeincometaxesminorityinterestandincomelossfromequitymethodinvestments": 438300000,
        "incometaxexpensebenefit": -1900000,
        "profitloss": -300000,
        "netincomelossattributabletononcontrollinginterest": -300000,
        "netincomeloss": 14700000,
        "earningspersharebasic": 2.69,
        "earningspersharediluted": 2.67,
        "weightedaveragenumberofsharesoutstandingbasic": 144400000,
        "weightedaveragenumberofdilutedsharesoutstanding": 145200000,
        "othercomprehensiveincomelossavailableforsalesecuritiesadjustmentnetoftax": 5700000,
        "othercomprehensiveincomelosscashflowhedgegainlossafterreclassificationandtax": -35400000,
        "othercomprehensiveincomelosspensionandotherpostretirementbenefitplansadjustmentnetoftax": -500000,
        "othercomprehensiveincomelossforeigncurrencytransactionandtranslationadjustmentnetoftax": 22100000,
        "othercomprehensiveincomelossnetoftaxportionattributabletoparent": -7100000,
        "comprehensiveincomenetoftax": 380800000,
        "comprehensiveincomenetoftaxattributabletononcontrollinginterest": -300000,
        "comprehensiveincomenetoftaxincludingportionattributabletononcontrollinginterest": 380500000
    },
    {
        "date": "2022-12-30",
        "symbol": "BIIB",
        "period": "Q4",
        "revenues": -95600000,
        "costofgoodsandservicessold": -1624400000,
        "researchanddevelopmentexpenseexcludingacquiredinprocesscost": -12300000,
        "sellinggeneralandadministrativeexpense": 632800000,
        "amortizationandimpairmentofacquiredintangibleassets": 175000000,
        "fairvaluemeasurementwithunobservableinputsreconciliationrecurringbasisliabilitygainlossincludedinearnings": -222800000,
        "restructuringcharges": -11500000,
        "costsandexpenses": 1940200000,
        "incomelossfromcontinuingoperationsbeforeincometaxesminorityinterestandincomelossfromequitymethodinvestments": 603800000,
        "incometaxexpensebenefit": -5800000,
        "profitloss": -900000,
        "netincomelossattributabletononcontrollinginterest": -900000,
        "netincomeloss": 47900000,
        "earningspersharebasic": 3.8400000000000003,
        "earningspersharediluted": 3.800000000000001,
        "weightedaveragenumberofsharesoutstandingbasic": -500000,
        "weightedaveragenumberofdilutedsharesoutstanding": -200000,
        "othercomprehensiveincomelossavailableforsalesecuritiesadjustmentnetoftax": 5500000.000000001,
        "othercomprehensiveincomelosspensionandotherpostretirementbenefitplansadjustmentnetoftax": -39500000,
        "othercomprehensiveincomelossforeigncurrencytransactionandtranslationadjustmentnetoftax": 71400000,
        "othercomprehensiveincomelossnetoftaxportionattributabletoparent": 32700000,
        "comprehensiveincomenetoftax": 549100000,
        "comprehensiveincomenetoftaxattributabletononcontrollinginterest": -900000,
        "comprehensiveincomenetoftaxincludingportionattributabletononcontrollinginterest": 548200000
    },
    {
        "date": "2022-09-29",
        "symbol": "BIIB",
        "period": "Q3",
        "revenues": 77700000,
        "costofgoodsandservicessold": 1157400000,
        "researchanddevelopmentexpenseexcludingacquiredinprocesscost": 14000000,
        "sellinggeneralandadministrativeexpense": 563300000,
        "amortizationandimpairmentofacquiredintangibleassets": 79100000,
        "collaborationprofitlosssharing": 48699999.99999999,
        "fairvaluemeasurementwithunobservableinputsreconciliationrecurringbasisliabilitygainlossincludedinearnings": 2100000,
        "restructuringcharges": 35500000,
        "costsandexpenses": 1400700000,
        "incomelossfromcontinuingoperationsbeforeincometaxesminorityinterestandincomelossfromequitymethodinvestments": 1371100000,
        "incometaxexpensebenefit": -7800000,
        "incomelossfromequitymethodinvestmentsnetoftax": 0,
        "profitloss": 200000,
        "netincomelossattributabletononcontrollinginterest": 200000,
        "netincomeloss": 62800000,
        "earningspersharebasic": 7.8100000000000005,
        "earningspersharediluted": 7.77,
        "weightedaveragenumberofsharesoutstandingbasic": -147200000,
        "weightedaveragenumberofdilutedsharesoutstanding": -147600000,
        "othercomprehensiveincomelossavailableforsalesecuritiesadjustmentnetoftax": -1000000,
        "othercomprehensiveincomelosscashflowhedgegainlossafterreclassificationandtax": 5900000,
        "translationadjustmentfornetinvestmenthedgenetoftaxperiodincreasedecrease": 0,
        "othercomprehensiveincomelosspensionandotherpostretirementbenefitplansadjustmentnetoftax": -1500000,
        "othercomprehensiveincomelossforeigncurrencytransactionandtranslationadjustmentnetoftax": -59600000,
        "othercomprehensiveincomelossnetoftaxportionattributabletoparent": -53200000,
        "comprehensiveincomenetoftax": 1081500000,
        "comprehensiveincomenetoftaxattributabletononcontrollinginterest": 200000,
        "comprehensiveincomenetoftaxincludingportionattributabletononcontrollinginterest": 1081700000
    },
    {
        "date": "2022-06-29",
        "symbol": "BIIB",
        "period": "Q2",
        "revenues": 44600000,
        "costofgoodsandservicessold": 275000000,
        "researchanddevelopmentexpenseexcludingacquiredinprocesscost": 18000000,
        "sellinggeneralandadministrativeexpense": 572600000,
        "amortizationandimpairmentofacquiredintangibleassets": 67500000,
        "collaborationprofitlosssharing": 58300000,
        "fairvaluemeasurementwithunobservableinputsreconciliationrecurringbasisliabilitygainlossincludedinearnings": 4500000,
        "restructuringcharges": 60900000,
        "otheroperatingincomeexpensenet": -58900000,
        "costsandexpenses": 1319600000,
        "incomelossfromcontinuingoperationsbeforeincometaxesminorityinterestandincomelossfromequitymethodinvestments": 1269500000,
        "incometaxexpensebenefit": -4200000,
        "incomelossfromequitymethodinvestmentsnetoftax": 5900000,
        "profitloss": 700000,
        "netincomelossattributabletononcontrollinginterest": 700000,
        "netincomeloss": 17600000,
        "earningspersharebasic": 7.25,
        "earningspersharediluted": 7.24,
        "weightedaveragenumberofsharesoutstandingbasic": 145900000,
        "weightedaveragenumberofdilutedsharesoutstanding": 146200000,
        "othercomprehensiveincomelossavailableforsalesecuritiesadjustmentnetoftax": -8300000.000000001,
        "othercomprehensiveincomelosscashflowhedgegainlossafterreclassificationandtax": 57200000,
        "translationadjustmentfornetinvestmenthedgenetoftaxperiodincreasedecrease": 10300000,
        "othercomprehensiveincomelosspensionandotherpostretirementbenefitplansadjustmentnetoftax": -1800000,
        "othercomprehensiveincomelossforeigncurrencytransactionandtranslationadjustmentnetoftax": -14200000,
        "othercomprehensiveincomelossnetoftaxportionattributabletoparent": 4800000,
        "comprehensiveincomenetoftax": 1062800000,
        "comprehensiveincomenetoftaxattributabletononcontrollinginterest": 700000,
        "comprehensiveincomenetoftaxincludingportionattributabletononcontrollinginterest": 1063500000
    },
    {
        "date": "2022-03-30",
        "symbol": "BIIB",
        "period": "Q1",
        "revenues": 20900000,
        "costofgoodsandservicessold": 275000000,
        "researchanddevelopmentexpenseexcludingacquiredinprocesscost": 19500000,
        "sellinggeneralandadministrativeexpense": 634900000,
        "amortizationandimpairmentofacquiredintangibleassets": 44300000,
        "collaborationprofitlosssharing": 64400000.00000001,
        "fairvaluemeasurementwithunobservableinputsreconciliationrecurringbasisliabilitygainlossincludedinearnings": 7100000,
        "restructuringcharges": 27700000,
        "costsandexpenses": 1921100000,
        "operatingincomeloss": 610700000,
        "nonoperatingincomeexpense": -1100000,
        "incomelossfromcontinuingoperationsbeforeincometaxesminorityinterestandincomelossfromequitymethodinvestments": 347400000,
        "incometaxexpensebenefit": -2000000,
        "incomelossfromequitymethodinvestmentsnetoftax": -3300000,
        "profitloss": -85300000,
        "netincomelossattributabletononcontrollinginterest": -85300000,
        "netincomeloss": 16900000,
        "earningspersharebasic": 2.06,
        "earningspersharediluted": 2.06,
        "weightedaveragenumberofsharesoutstandingbasic": 147100000,
        "weightedaveragenumberofdilutedsharesoutstanding": 147600000,
        "othercomprehensiveincomelossavailableforsalesecuritiesadjustmentnetoftax": -9700000,
        "othercomprehensiveincomelosscashflowhedgegainlossafterreclassificationandtax": 15900000,
        "translationadjustmentfornetinvestmenthedgenetoftaxperiodincreasedecrease": 10100000,
        "othercomprehensiveincomelosspensionandotherpostretirementbenefitplansadjustmentnetoftax": -900000,
        "othercomprehensiveincomelossforeigncurrencytransactionandtranslationadjustmentnetoftax": -21800000,
        "othercomprehensiveincomelossnetoftaxportionattributabletoparent": -8500000,
        "comprehensiveincomenetoftax": 295300000,
        "comprehensiveincomenetoftaxattributabletononcontrollinginterest": -85300000,
        "comprehensiveincomenetoftaxincludingportionattributabletononcontrollinginterest": 210000000
    },
    {
        "date": "2021-12-30",
        "symbol": "BIIB",
        "period": "Q4",
        "revenues": 105400000,
        "costofgoodsandservicessold": -1388000000,
        "researchanddevelopmentexpenseexcludingacquiredinprocesscost": 4199999.99999994,
        "sellinggeneralandadministrativeexpense": 787900000,
        "amortizationandimpairmentofacquiredintangibleassets": 862000000,
        "fairvaluemeasurementwithunobservableinputsreconciliationrecurringbasisliabilitygainlossincludedinearnings": 1600000,
        "costsandexpenses": 2146700000,
        "operatingincomeloss": 587100000,
        "nonoperatingincomeexpense": 500000,
        "incomelossfromcontinuingoperationsbeforeincometaxesminorityinterestandincomelossfromequitymethodinvestments": 405000000,
        "incometaxexpensebenefit": 0,
        "incomelossfromequitymethodinvestmentsnetoftax": 17700000,
        "profitloss": -388700000,
        "netincomelossattributabletononcontrollinginterest": -388700000,
        "netincomeloss": 121200000,
        "earningspersharebasic": 2.5100000000000007,
        "earningspersharediluted": 2.4999999999999996,
        "weightedaveragenumberofsharesoutstandingbasic": -800000,
        "weightedaveragenumberofdilutedsharesoutstanding": -700000,
        "othercomprehensiveincomelossavailableforsalesecuritiesadjustmentnetoftax": -2200000,
        "othercomprehensiveincomelosspensionandotherpostretirementbenefitplansadjustmentnetoftax": -17600000,
        "othercomprehensiveincomelossforeigncurrencytransactionandtranslationadjustmentnetoftax": -12100000,
        "othercomprehensiveincomelossnetoftaxportionattributabletoparent": -254800000,
        "comprehensiveincomenetoftax": 398100000,
        "comprehensiveincomenetoftaxattributabletononcontrollinginterest": -388700000,
        "comprehensiveincomenetoftaxincludingportionattributabletononcontrollinginterest": 9399999.99999988
    },
    {
        "date": "2021-09-29",
        "symbol": "BIIB",
        "period": "Q3",
        "revenues": -76300000,
        "costofgoodsandservicessold": 511800000,
        "researchanddevelopmentexpenseexcludingacquiredinprocesscost": -506500000.00000006,
        "sellinggeneralandadministrativeexpense": 654100000,
        "amortizationandimpairmentofacquiredintangibleassets": -69300000,
        "collaborationprofitlosssharing": 71800000,
        "fairvaluemeasurementwithunobservableinputsreconciliationrecurringbasisliabilitygainlossincludedinearnings": 15600000,
        "costsandexpenses": 1984900000,
        "operatingincomeloss": 794000000,
        "nonoperatingincomeexpense": -200000,
        "incomelossfromcontinuingoperationsbeforeincometaxesminorityinterestandincomelossfromequitymethodinvestments": 291100000,
        "incometaxexpensebenefit": -2300000,
        "incomelossfromequitymethodinvestmentsnetoftax": 1100000,
        "profitloss": -11200000,
        "netincomelossattributabletononcontrollinginterest": -11200000,
        "netincomeloss": -14000000,
        "earningspersharebasic": 2.2299999999999995,
        "earningspersharediluted": 2.22,
        "weightedaveragenumberofsharesoutstandingbasic": -151700000,
        "weightedaveragenumberofdilutedsharesoutstanding": -152100000,
        "othercomprehensiveincomelossavailableforsalesecuritiesadjustmentnetoftax": -100000,
        "translationadjustmentfornetinvestmenthedgenetoftaxperiodincreasedecrease": 24800000,
        "othercomprehensiveincomelosspensionandotherpostretirementbenefitplansadjustmentnetoftax": -1500000,
        "othercomprehensiveincomelossforeigncurrencytransactionandtranslationadjustmentnetoftax": -47700000,
        "othercomprehensiveincomelossnetoftaxportionattributabletoparent": 35200000,
        "comprehensiveincomenetoftax": 364400000,
        "comprehensiveincomenetoftaxattributabletononcontrollinginterest": -11200000,
        "comprehensiveincomenetoftaxincludingportionattributabletononcontrollinginterest": 353199999.9999999
    },
    {
        "date": "2021-06-29",
        "symbol": "BIIB",
        "period": "Q2",
        "revenues": 30700000,
        "costofgoodsandservicessold": 459700000,
        "researchanddevelopmentexpenseexcludingacquiredinprocesscost": 77200000,
        "sellinggeneralandadministrativeexpense": 637300000,
        "amortizationandimpairmentofacquiredintangibleassets": 44300000,
        "collaborationprofitlosssharing": 69900000,
        "fairvaluemeasurementwithunobservableinputsreconciliationrecurringbasisliabilitygainlossincludedinearnings": -300000,
        "researchanddevelopmentinprocess": 18000000,
        "costsandexpenses": 2289300000,
        "operatingincomeloss": 485700000,
        "nonoperatingincomeexpense": 100000,
        "incomelossfromcontinuingoperationsbeforeincometaxesminorityinterestandincomelossfromequitymethodinvestments": 582100000,
        "incometaxexpensebenefit": 31200000,
        "incomelossfromequitymethodinvestmentsnetoftax": 34300000,
        "profitloss": 577000000,
        "netincomelossattributabletononcontrollinginterest": 577000000,
        "netincomeloss": -27600000,
        "earningspersharebasic": 3,
        "earningspersharediluted": 2.99,
        "weightedaveragenumberofsharesoutstandingbasic": 149700000,
        "weightedaveragenumberofdilutedsharesoutstanding": 150100000,
        "othercomprehensiveincomelossavailableforsalesecuritiesadjustmentnetoftax": -500000,
        "othercomprehensiveincomelossderivativesqualifyingashedgesnetoftax": -11000000,
        "translationadjustmentfornetinvestmenthedgenetoftaxperiodincreasedecrease": -2500000,
        "othercomprehensiveincomelosspensionandotherpostretirementbenefitplansadjustmentnetoftax": -400000,
        "othercomprehensiveincomelossforeigncurrencytransactionandtranslationadjustmentnetoftax": 15900000,
        "othercomprehensiveincomelossnetoftaxportionattributabletoparent": 2500000,
        "comprehensiveincomenetoftax": 451000000,
        "comprehensiveincomenetoftaxattributabletononcontrollinginterest": 576900000,
        "comprehensiveincomenetoftaxincludingportionattributabletononcontrollinginterest": 1027900000.0000001
    },
    {
        "date": "2021-03-30",
        "symbol": "BIIB",
        "period": "Q1",
        "revenues": -23100000,
        "costofgoodsandservicessold": 478100000,
        "researchanddevelopmentexpenseexcludingacquiredinprocesscost": 514200000.00000006,
        "sellinggeneralandadministrativeexpense": 595000000,
        "amortizationandimpairmentofacquiredintangibleassets": 44300000,
        "collaborationprofitlosssharing": 68500000,
        "fairvaluemeasurementwithunobservableinputsreconciliationrecurringbasisliabilitygainlossincludedinearnings": 33800000,
        "costsandexpenses": 1720100000,
        "operatingincomeloss": 973900000,
        "nonoperatingincomeexpense": 200000,
        "incomelossfromcontinuingoperationsbeforeincometaxesminorityinterestandincomelossfromequitymethodinvestments": 467000000,
        "incometaxexpensebenefit": 2300000,
        "incomelossfromequitymethodinvestmentsnetoftax": -18200000,
        "profitloss": -5600000,
        "netincomelossattributabletononcontrollinginterest": -5600000,
        "netincomeloss": -21400000,
        "earningspersharebasic": 2.7,
        "earningspersharediluted": 2.69,
        "weightedaveragenumberofsharesoutstandingbasic": 151900000,
        "weightedaveragenumberofdilutedsharesoutstanding": 152300000,
        "othercomprehensiveincomelossavailableforsalesecuritiesadjustmentnetoftax": -800000,
        "othercomprehensiveincomelossderivativesqualifyingashedgesnetoftax": 149600000,
        "translationadjustmentfornetinvestmenthedgenetoftaxperiodincreasedecrease": 23800000,
        "othercomprehensiveincomelosspensionandotherpostretirementbenefitplansadjustmentnetoftax": -2000000,
        "othercomprehensiveincomelossforeigncurrencytransactionandtranslationadjustmentnetoftax": -48500000,
        "othercomprehensiveincomelossnetoftaxportionattributabletoparent": 124700000,
        "comprehensiveincomenetoftax": 534900000,
        "comprehensiveincomenetoftaxattributabletononcontrollinginterest": -4900000,
        "comprehensiveincomenetoftaxincludingportionattributabletononcontrollinginterest": 530000000
    },
    {
        "date": "2020-12-30",
        "symbol": "BIIB",
        "period": "Q4",
        "revenues": 10357400000,
        "costofgoodsandservicessold": 490600000,
        "researchanddevelopmentexpenseexcludingacquiredinprocesscost": 1726100000,
        "sellinggeneralandadministrativeexpense": 806200000,
        "fairvaluemeasurementwithunobservableinputsreconciliationrecurringbasisliabilitygainlossincludedinearnings": 62800000,
        "costsandexpenses": 3183200000,
        "operatingincomeloss": -330600000,
        "nonoperatingincomeexpense": 554100000,
        "incomelossfromcontinuingoperationsbeforeincometaxesminorityinterestandincomelossfromequitymethodinvestments": 352900000,
        "incometaxexpensebenefit": 254000000,
        "profitloss": 1059100000,
        "netincomelossattributabletononcontrollinginterest": -300000,
        "netincomeloss": 1066000000,
        "earningspersharebasic": 2.5700000000000003,
        "earningspersharediluted": 2.5500000000000007,
        "weightedaveragenumberofsharesoutstandingbasic": -2500000,
        "weightedaveragenumberofdilutedsharesoutstanding": -2400000,
        "othercomprehensiveincomelossavailableforsalesecuritiesadjustmentnetoftax": -3800000,
        "othercomprehensiveincomelosspensionandotherpostretirementbenefitplansadjustmentnetoftax": 33900000,
        "othercomprehensiveincomelossforeigncurrencytransactionandtranslationadjustmentnetoftax": 89000000,
        "othercomprehensiveincomelossnetoftaxportionattributabletoparent": -73500000,
        "comprehensiveincomenetoftax": 284400000,
        "comprehensiveincomenetoftaxattributabletononcontrollinginterest": -200000,
        "comprehensiveincomenetoftaxincludingportionattributabletononcontrollinginterest": 284200000
    },
    {
        "date": "2020-09-29",
        "symbol": "BIIB",
        "period": "Q3",
        "revenues": 5400000,
        "costofgoodsandservicessold": 449100000,
        "researchanddevelopmentexpenseexcludingacquiredinprocesscost": 1140900000,
        "sellinggeneralandadministrativeexpense": 573100000,
        "amortizationofintangibleassets": 63300000,
        "collaborationprofitlosssharing": 72900000,
        "fairvaluemeasurementwithunobservableinputsreconciliationrecurringbasisliabilitygainlossincludedinearnings": 29000000,
        "costsandexpenses": 2289700000,
        "operatingincomeloss": 1086400000,
        "nonoperatingincomeexpense": 800000,
        "incomelossfromcontinuingoperationsbeforeincometaxesminorityinterestandincomelossfromequitymethodinvestments": 957800000,
        "incometaxexpensebenefit": 100000,
        "profitloss": 2400000,
        "netincomelossattributabletononcontrollinginterest": 2400000,
        "netincomeloss": -6600000,
        "earningspersharebasic": 4.640000000000001,
        "earningspersharediluted": 4.640000000000001,
        "weightedaveragenumberofsharesoutstandingbasic": -3300000,
        "weightedaveragenumberofdilutedsharesoutstanding": -3300000,
        "othercomprehensiveincomelossavailableforsalesecuritiesadjustmentnetoftax": 100000,
        "othercomprehensiveincomelossderivativesqualifyingashedgesnetoftax": -83700000,
        "translationadjustmentfornetinvestmenthedgenetoftaxperiodincreasedecrease": -10400000,
        "othercomprehensiveincomelosspensionandotherpostretirementbenefitplansadjustmentnetoftax": 500000,
        "othercomprehensiveincomelossforeigncurrencytransactionandtranslationadjustmentnetoftax": 50900000,
        "othercomprehensiveincomelossnetoftaxportionattributabletoparent": -44500000,
        "comprehensiveincomenetoftax": 657000000,
        "comprehensiveincomenetoftaxattributabletononcontrollinginterest": 120700000,
        "comprehensiveincomenetoftaxincludingportionattributabletononcontrollinginterest": 658500000
    },
    {
        "date": "2020-06-29",
        "symbol": "BIIB",
        "period": "Q2",
        "netincomeloss": 1542100000,
        "othercomprehensiveincomelossavailableforsalesecuritiesadjustmentnetoftax": 8700000,
        "othercomprehensiveincomelossderivativesqualifyingashedgesnetoftax": -51200000,
        "translationadjustmentfornetinvestmenthedgenetoftaxperiodincreasedecrease": -6200000,
        "othercomprehensiveincomelosspensionandotherpostretirementbenefitplansadjustmentnetoftax": -100000,
        "othercomprehensiveincomelossforeigncurrencytransactionandtranslationadjustmentnetoftax": 16900000,
        "othercomprehensiveincomelossnetoftaxportionattributabletoparent": -31700000,
        "comprehensiveincomenetoftax": 1510400000,
        "comprehensiveincomenetoftaxattributabletononcontrollinginterest": -53700000,
        "comprehensiveincomenetoftaxincludingportionattributabletononcontrollinginterest": 1575900000,
        "revenues": -2575200000,
        "costofgoodsandservicessold": 411200000,
        "researchanddevelopmentexpenseexcludingacquiredinprocesscost": 647600000,
        "sellinggeneralandadministrativeexpense": 555100000,
        "amortizationofintangibleassets": 61500000,
        "collaborationprofitlosssharing": 21700000,
        "fairvaluemeasurementwithunobservableinputsreconciliationrecurringbasisliabilitygainlossincludedinearnings": -10100000,
        "researchanddevelopmentinprocess": 0,
        "costsandexpenses": 1707200000,
        "operatingincomeloss": 1974400000,
        "nonoperatingincomeexpense": 63000000,
        "incomelossfromcontinuingoperationsbeforeincometaxesminorityinterestandincomelossfromequitymethodinvestments": 2037400000,
        "incometaxexpensebenefit": 446200000,
        "incomelossfromequitymethodinvestments": 15200000,
        "profitloss": 1606400000,
        "netincomelossattributabletononcontrollinginterest": 64300000,
        "earningspersharebasic": 9.549999999999999,
        "earningspersharediluted": 9.53,
        "weightedaveragenumberofsharesoutstandingbasic": -6100000,
        "weightedaveragenumberofdilutedsharesoutstanding": -6100000
    },
    {
        "date": "2020-03-30",
        "symbol": "BIIB",
        "period": "Q1",
        "netincomeloss": 1399100000,
        "othercomprehensiveincomelossavailableforsalesecuritiesadjustmentnetoftax": -7800000,
        "othercomprehensiveincomelossderivativesqualifyingashedgesnetoftax": 33800000,
        "translationadjustmentfornetinvestmenthedgenetoftaxperiodincreasedecrease": 23000000,
        "othercomprehensiveincomelosspensionandotherpostretirementbenefitplansadjustmentnetoftax": -800000,
        "othercomprehensiveincomelossforeigncurrencytransactionandtranslationadjustmentnetoftax": -63900000,
        "othercomprehensiveincomelossnetoftaxportionattributabletoparent": -14100000,
        "comprehensiveincomenetoftax": 1385000000,
        "comprehensiveincomenetoftaxattributabletononcontrollinginterest": -5900000,
        "comprehensiveincomenetoftaxincludingportionattributabletononcontrollinginterest": 1379100000,
        "revenues": 2904600000,
        "costofgoodsandservicessold": 454300000,
        "researchanddevelopmentexpenseexcludingacquiredinprocesscost": 476300000,
        "sellinggeneralandadministrativeexpense": 570100000,
        "amortizationofintangibleassets": 71500000,
        "collaborationprofitlosssharing": 71800000,
        "fairvaluemeasurementwithunobservableinputsreconciliationrecurringbasisliabilitygainlossincludedinearnings": 4600000,
        "researchanddevelopmentinprocess": 75000000,
        "costsandexpenses": 1714400000,
        "operatingincomeloss": 1819900000,
        "nonoperatingincomeexpense": -120500000,
        "incomelossfromcontinuingoperationsbeforeincometaxesminorityinterestandincomelossfromequitymethodinvestments": 1699400000,
        "incometaxexpensebenefit": 292000000,
        "incomelossfromequitymethodinvestments": -14800000,
        "profitloss": 1392600000,
        "netincomelossattributabletononcontrollinginterest": -6500000,
        "earningspersharebasic": 8.1,
        "earningspersharediluted": 8.08,
        "weightedaveragenumberofsharesoutstandingbasic": 172800000,
        "weightedaveragenumberofdilutedsharesoutstanding": 173100000
    },
    {
        "date": "2019-12-30",
        "symbol": "BIIB",
        "period": "Q4",
        "netincomeloss": 1439700000,
        "othercomprehensiveincomelossavailableforsalesecuritiesadjustmentnetoftax": -2100000,
        "othercomprehensiveincomelossderivativesqualifyingashedgesnetoftax": -65000000,
        "othercomprehensiveincomelosspensionandotherpostretirementbenefitplansadjustmentnetoftax": 3000000,
        "othercomprehensiveincomelossforeigncurrencytransactionandtranslationadjustmentnetoftax": 52500000,
        "othercomprehensiveincomelossnetoftaxportionattributabletoparent": -42900000,
        "comprehensiveincomenetoftax": 1396800000,
        "comprehensiveincomenetoftaxincludingportionattributabletononcontrollinginterest": 1396800000,
        "revenues": 2924800000,
        "costofgoodsandservicessold": 447100000,
        "researchanddevelopmentexpenseexcludingacquiredinprocesscost": 691700000,
        "sellinggeneralandadministrativeexpense": 664900000,
        "disposalgroupnotdiscontinuedoperationlossgainonwritedown": -40200000,
        "fairvaluemeasurementwithunobservableinputsreconciliationrecurringbasisliabilitygainlossincludedinearnings": -2600000,
        "restructuringcharges": 0,
        "costsandexpenses": 1893600000,
        "operatingincomeloss": 1777700000,
        "nonoperatingincomeexpense": -49300000,
        "incomelossfromcontinuingoperationsbeforeincometaxesminorityinterestandincomelossfromequitymethodinvestments": 1728400000,
        "incometaxexpensebenefit": 276100000,
        "incomelossfromequitymethodinvestments": -12600000,
        "profitloss": 1439700000,
        "earningspersharebasic": 8.09,
        "earningspersharediluted": 8.07,
        "weightedaveragenumberofsharesoutstandingbasic": -3200000,
        "weightedaveragenumberofdilutedsharesoutstanding": -3100000
    },
    {
        "date": "2019-09-29",
        "symbol": "BIIB",
        "period": "Q3",
        "netincomeloss": 1545900000,
        "othercomprehensiveincomelossavailableforsalesecuritiesadjustmentnetoftax": 100000,
        "othercomprehensiveincomelossderivativesqualifyingashedgesnetoftax": 59100000,
        "translationadjustmentfornetinvestmenthedgenetoftaxperiodincreasedecrease": 23400000,
        "othercomprehensiveincomelosspensionandotherpostretirementbenefitplansadjustmentnetoftax": -800000,
        "othercomprehensiveincomelossforeigncurrencytransactionandtranslationadjustmentnetoftax": 79400000,
        "othercomprehensiveincomelossnetoftaxportionattributabletoparent": 160600000,
        "comprehensiveincomenetoftax": 1706500000,
        "comprehensiveincomenetoftaxincludingportionattributabletononcontrollinginterest": 1706500000,
        "revenues": 5559900000,
        "costofgoodsandservicessold": 430000000,
        "researchanddevelopmentexpenseexcludingacquiredinprocesscost": 540400000,
        "sellinggeneralandadministrativeexpense": 554500000,
        "amortizationofintangibleassets": 283900000,
        "collaborationprofitlosssharing": 60200000,
        "disposalgroupnotdiscontinuedoperationlossgainonwritedown": -17700000,
        "fairvaluemeasurementwithunobservableinputsreconciliationrecurringbasisliabilitygainlossincludedinearnings": 57800000,
        "restructuringcharges": 300000,
        "costsandexpenses": 1793800000,
        "operatingincomeloss": 1806300000,
        "nonoperatingincomeexpense": 327800000,
        "incomelossfromcontinuingoperationsbeforeincometaxesminorityinterestandincomelossfromequitymethodinvestments": 1779000000,
        "incometaxexpensebenefit": 633900000,
        "incomelossfromequitymethodinvestments": -64500000,
        "profitloss": 1545900000,
        "earningspersharebasic": 8.36,
        "earningspersharediluted": 8.350000000000001,
        "weightedaveragenumberofsharesoutstandingbasic": -196600000,
        "weightedaveragenumberofdilutedsharesoutstanding": -196900000
    },
    {
        "date": "2019-06-29",
        "symbol": "BIIB",
        "period": "Q2",
        "netincomeloss": 1494100000,
        "othercomprehensiveincomelossavailableforsalesecuritiesadjustmentnetoftax": 3300000,
        "othercomprehensiveincomelossderivativesqualifyingashedgesnetoftax": -37900000,
        "translationadjustmentfornetinvestmenthedgenetoftaxperiodincreasedecrease": 11700000,
        "othercomprehensiveincomelosspensionandotherpostretirementbenefitplansadjustmentnetoftax": -100000,
        "othercomprehensiveincomelossforeigncurrencytransactionandtranslationadjustmentnetoftax": -10300000,
        "othercomprehensiveincomelossnetoftaxportionattributabletoparent": -33100000,
        "comprehensiveincomenetoftax": 1461000000,
        "comprehensiveincomenetoftaxattributabletononcontrollinginterest": 400000,
        "comprehensiveincomenetoftaxincludingportionattributabletononcontrollinginterest": 1460600000,
        "revenues": 2880300000,
        "costofgoodsandservicessold": 476300000,
        "researchanddevelopmentexpenseexcludingacquiredinprocesscost": 484800000,
        "sellinggeneralandadministrativeexpense": 587600000,
        "amortizationofintangibleassets": 70100000,
        "collaborationprofitlosssharing": 63500000,
        "disposalgroupnotdiscontinuedoperationlossgainonwritedown": -2300000,
        "fairvaluemeasurementwithunobservableinputsreconciliationrecurringbasisliabilitygainlossincludedinearnings": 20000000,
        "restructuringcharges": 800000,
        "costsandexpenses": 1660800000,
        "operatingincomeloss": 1955900000,
        "nonoperatingincomeexpense": -197400000,
        "incomelossfromcontinuingoperationsbeforeincometaxesminorityinterestandincomelossfromequitymethodinvestments": 1758500000,
        "incometaxexpensebenefit": 248100000,
        "incomelossfromequitymethodinvestments": -16300000,
        "profitloss": 1494100000,
        "earningspersharebasic": 7.85,
        "earningspersharediluted": 7.85,
        "weightedaveragenumberofsharesoutstandingbasic": 190300000,
        "weightedaveragenumberofdilutedsharesoutstanding": 190400000
    },
    {
        "date": "2019-03-30",
        "symbol": "BIIB",
        "period": "Q1",
        "netincomeloss": 1408800000,
        "othercomprehensiveincomelossavailableforsalesecuritiesadjustmentnetoftax": 6900000,
        "othercomprehensiveincomelossderivativesqualifyingashedgesnetoftax": 16900000,
        "translationadjustmentfornetinvestmenthedgenetoftaxperiodincreasedecrease": 11800000,
        "othercomprehensiveincomelosspensionandotherpostretirementbenefitplansadjustmentnetoftax": -600000,
        "othercomprehensiveincomelossforeigncurrencytransactionandtranslationadjustmentnetoftax": -17800000,
        "othercomprehensiveincomelossnetoftaxportionattributabletoparent": 20600000,
        "comprehensiveincomenetoftax": 1429400000,
        "comprehensiveincomenetoftaxincludingportionattributabletononcontrollinginterest": 1429400000,
        "revenues": 14800000,
        "costofgoodsandservicessold": 602000000,
        "researchanddevelopmentexpenseexcludingacquiredinprocesscost": 563700000,
        "sellinggeneralandadministrativeexpense": 567700000,
        "disposalgroupnotdiscontinuedoperationlossgainonwritedown": 115500000,
        "amortizationofintangibleassets": 68200000,
        "collaborationprofitlosssharing": 58100000,
        "fairvaluemeasurementwithunobservableinputsreconciliationrecurringbasisliabilitygainlossincludedinearnings": -11500000,
        "restructuringcharges": 400000,
        "costsandexpenses": 1987100000,
        "operatingincomeloss": 1502700000,
        "nonoperatingincomeexpense": 2200000,
        "incomelossfromcontinuingoperationsbeforeincometaxesminorityinterestandincomelossfromequitymethodinvestments": 1860000000,
        "incometaxexpensebenefit": -100000,
        "incomelossfromequitymethodinvestments": 14000000,
        "profitloss": 1408800000,
        "earningspersharebasic": 7.17,
        "earningspersharediluted": 7.15,
        "weightedaveragenumberofsharesoutstandingbasic": 196600000,
        "weightedaveragenumberofdilutedsharesoutstanding": 197000000
    },
    {
        "date": "2018-12-30",
        "symbol": "BIIB",
        "period": "Q4",
        "netincomeloss": 4487500000,
        "othercomprehensiveincomelossavailableforsalesecuritiesadjustmentnetoftax": -2100000,
        "othercomprehensiveincomelosspensionandotherpostretirementbenefitplansadjustmentnetoftax": -5300000,
        "othercomprehensiveincomelossforeigncurrencytransactionandtranslationadjustmentnetoftax": -29000000,
        "comprehensiveincomenetoftax": 954700000,
        "comprehensiveincomenetoftaxattributabletononcontrollinginterest": 88100000,
        "comprehensiveincomenetoftaxincludingportionattributabletononcontrollinginterest": 952400000,
        "revenues": -3107400000,
        "researchanddevelopmentexpenseexcludingacquiredinprocesscost": -780800000,
        "sellinggeneralandadministrativeexpense": 591100000,
        "researchanddevelopmentinprocess": -94500000,
        "restructuringcharges": 1700000,
        "fairvaluemeasurementwithunobservableinputsreconciliationrecurringbasisliabilitygainlossincludedinearnings": -81000000,
        "costsandexpenses": -5455800000,
        "operatingincomeloss": 1443100000,
        "nonoperatingincomeexpense": 43700000,
        "incomelossfromcontinuingoperationsbeforeincometaxesminorityinterestandincomelossfromequitymethodinvestments": 1414500000,
        "incometaxexpensebenefit": -369700000,
        "profitloss": 944900000,
        "netincomelossattributabletononcontrollinginterest": -1900000,
        "earningspersharebasic": 4.7299999999999995,
        "earningspersharediluted": 4.709999999999998,
        "weightedaveragenumberofsharesoutstandingbasic": -415000000,
        "weightedaveragenumberofdilutedsharesoutstanding": -415600000
    },
    {
        "date": "2018-09-29",
        "symbol": "BIIB",
        "period": "Q3",
        "netincomeloss": -8700000,
        "othercomprehensiveincomelossavailableforsalesecuritiesadjustmentnetoftax": -200000,
        "othercomprehensiveincomelosscashflowhedgegainlossafterreclassificationandtax": 5200000,
        "othercomprehensiveincomelosspensionandotherpostretirementbenefitplansadjustmentnetoftax": 200000,
        "othercomprehensiveincomelossforeigncurrencytransactionandtranslationadjustmentnetoftax": 8500000,
        "othercomprehensiveincomelossnetoftax": 13300000,
        "comprehensiveincomenetoftax": 1457700000,
        "comprehensiveincomenetoftaxattributabletononcontrollinginterest": 1500000,
        "comprehensiveincomenetoftaxincludingportionattributabletononcontrollinginterest": 1456200000,
        "revenues": 8400000,
        "costofgoodsandservicessold": 460800000,
        "researchanddevelopmentexpenseexcludingacquiredinprocesscost": 507900000,
        "sellinggeneralandadministrativeexpense": 497700000,
        "amortizationofintangibleassets": 189300000,
        "collaborationprofitlosssharing": 200000,
        "researchanddevelopmentinprocess": 27500000,
        "restructuringcharges": 6000000,
        "fairvaluemeasurementwithunobservableinputsreconciliationrecurringbasisliabilitygainlossincludedinearnings": 89600000,
        "costsandexpenses": 1741400000,
        "operatingincomeloss": 1697600000,
        "nonoperatingincomeexpense": -100000,
        "incomelossfromcontinuingoperationsbeforeincometaxesminorityinterestandincomelossfromequitymethodinvestments": 1812700000,
        "incometaxexpensebenefit": 369800000,
        "profitloss": 1442900000,
        "netincomelossattributabletononcontrollinginterest": -1500000,
        "earningspersharebasic": 7.17,
        "earningspersharediluted": 7.15,
        "weightedaveragenumberofsharesoutstandingbasic": 201400000,
        "weightedaveragenumberofdilutedsharesoutstanding": 201900000
    },
    {
        "date": "2018-06-29",
        "symbol": "BIIB",
        "period": "Q2",
        "netincomeloss": -10700000,
        "othercomprehensiveincomelossavailableforsalesecuritiesadjustmentnetoftax": 600000,
        "othercomprehensiveincomelossderivativesqualifyingashedgesnetoftax": 132800000,
        "othercomprehensiveincomelosspensionandotherpostretirementbenefitplansadjustmentnetoftax": -900000,
        "othercomprehensiveincomelossforeigncurrencytransactionandtranslationadjustmentnetoftax": -92000000,
        "othercomprehensiveincomelossnetoftax": 42300000,
        "comprehensiveincomenetoftax": 908900000,
        "comprehensiveincomenetoftaxattributabletononcontrollinginterest": -48400000,
        "comprehensiveincomenetoftaxincludingportionattributabletononcontrollinginterest": 957300000,
        "revenues": 10400000,
        "costofgoodsandservicessold": 421000000,
        "researchanddevelopmentexpenseexcludingacquiredinprocesscost": 324100000,
        "sellinggeneralandadministrativeexpense": 516200000,
        "amortizationofintangibleassets": 107400000,
        "researchanddevelopmentinprocess": 75000000,
        "collaborationprofitlosssharing": 500000,
        "fairvaluemeasurementwithunobservableinputsreconciliationrecurringbasisliabilitygainlossincludedinearnings": -1900000,
        "restructuringcharges": 1600000,
        "costsandexpenses": 2143300000,
        "operatingincomeloss": 1213200000,
        "nonoperatingincomeexpense": -34500000,
        "incomelossfromcontinuingoperationsbeforeincometaxesminorityinterestandincomelossfromequitymethodinvestments": 1178700000,
        "incometaxexpensebenefit": 100000,
        "profitloss": 915000000,
        "netincomelossattributabletononcontrollinginterest": 48400000,
        "earningspersharebasic": 4.18,
        "earningspersharediluted": 4.18,
        "weightedaveragenumberofsharesoutstandingbasic": 207100000,
        "weightedaveragenumberofdilutedsharesoutstanding": 207300000
    },
    {
        "date": "2018-03-30",
        "symbol": "BIIB",
        "period": "Q1",
        "netincomeloss": -37400000,
        "othercomprehensiveincomelossavailableforsalesecuritiesadjustmentnetoftax": -2200000,
        "othercomprehensiveincomelossderivativesqualifyingashedgesnetoftax": -29000000,
        "othercomprehensiveincomelosspensionandotherpostretirementbenefitplansadjustmentnetoftax": 500000,
        "othercomprehensiveincomelossforeigncurrencytransactionandtranslationadjustmentnetoftax": 44700000,
        "othercomprehensiveincomelossnetoftax": 44700000,
        "comprehensiveincomenetoftax": 1185900000,
        "comprehensiveincomenetoftaxattributabletononcontrollinginterest": 1700000,
        "comprehensiveincomenetoftaxincludingportionattributabletononcontrollinginterest": 1184200000,
        "salesrevenuegoodsnet": 1538000000,
        "revenuesfromanticd20therapeuticprograms": 443200000,
        "othersalesrevenuenet": 4900000,
        "revenues": 3131100000,
        "costofgoodssold": 2400000,
        "researchanddevelopmentexpenseexcludingacquiredinprocesscost": 12800000,
        "sellinggeneralandadministrativeexpense": 501300000,
        "amortizationofintangibleassets": 103900000,
        "collaborationprofitlosssharing": 1300000,
        "researchanddevelopmentinprocess": 10000000,
        "fairvaluemeasurementwithunobservableinputsreconciliationrecurringbasisliabilitygainlossincludedinearnings": 5600000,
        "restructuringcharges": 1600000,
        "costsandexpenses": 1596400000,
        "operatingincomeloss": 1534700000,
        "nonoperatingincomeexpense": -7600000,
        "incomelossfromcontinuingoperationsbeforeincometaxesminorityinterestandincomelossfromequitymethodinvestments": 1493700000,
        "incometaxexpensebenefit": 1600000,
        "profitloss": 1171200000,
        "netincomelossattributabletononcontrollinginterest": -1700000,
        "earningspersharebasic": 5.55,
        "earningspersharediluted": 5.54,
        "weightedaveragenumberofsharesoutstandingbasic": 211400000,
        "weightedaveragenumberofdilutedsharesoutstanding": 211700000
    },
    {
        "date": "2017-09-29",
        "symbol": "BIIB",
        "period": "Q3",
        "netincomeloss": -18800000,
        "othercomprehensiveincomelossavailableforsalesecuritiesadjustmentnetoftax": 1000000,
        "othercomprehensiveincomelossderivativesqualifyingashedgesnetoftax": -35500000,
        "othercomprehensiveincomelosspensionandotherpostretirementbenefitplansadjustmentnetoftax": 0,
        "othercomprehensiveincomelossforeigncurrencytransactionandtranslationadjustmentnetoftax": 43900000,
        "othercomprehensiveincomelossnetoftax": 43900000,
        "comprehensiveincomenetoftax": 1235500000,
        "comprehensiveincomenetoftaxincludingportionattributabletononcontrollinginterest": 1235500000,
        "salesrevenuegoodsnet": 11400000,
        "revenuesfromanticd20therapeuticprograms": 406500000,
        "othersalesrevenuenet": 2800000,
        "revenues": 3077800000,
        "costofgoodssold": 4500000,
        "researchanddevelopmentexpenseexcludingacquiredinprocesscost": 0,
        "sellinggeneralandadministrativeexpense": 433800000,
        "amortizationofintangibleassets": 30400000,
        "collaborationprofitlosssharing": 700000,
        "fairvaluemeasurementwithunobservableinputsreconciliationrecurringbasisliabilitygainlossincludedinearnings": -30000000,
        "costsandexpenses": 1424300000,
        "operatingincomeloss": 1653500000,
        "nonoperatingincomeexpense": -900000,
        "incomelossfromcontinuingoperationsbeforeincometaxesminorityinterestandincomelossfromequitymethodinvestments": 1609900000,
        "profitloss": 1226100000,
        "earningspersharebasic": 5.789999999999999,
        "earningspersharediluted": 5.780000000000002,
        "weightedaveragenumberofsharesoutstandingbasic": -700000,
        "weightedaveragenumberofdilutedsharesoutstanding": -700000
    },
    {
        "date": "2017-06-29",
        "symbol": "BIIB",
        "period": "Q2",
        "netincomeloss": -2800000,
        "othercomprehensiveincomelossavailableforsalesecuritiesadjustmentnetoftax": 7200000,
        "othercomprehensiveincomelossderivativesqualifyingashedgesnetoftax": -103000000,
        "othercomprehensiveincomelosspensionandotherpostretirementbenefitplansadjustmentnetoftax": 600000,
        "othercomprehensiveincomelossforeigncurrencytransactionandtranslationadjustmentnetoftax": 82800000,
        "othercomprehensiveincomelossnetoftax": 82800000,
        "comprehensiveincomenetoftax": 849200000,
        "comprehensiveincomenetoftaxattributabletononcontrollinginterest": 0,
        "comprehensiveincomenetoftaxincludingportionattributabletononcontrollinginterest": 849200000,
        "salesrevenuegoodsnet": -38100000,
        "revenuesfromanticd20therapeuticprograms": 397100000,
        "othersalesrevenuenet": 3900000,
        "revenues": 3078400000,
        "costofgoodssold": 3700000,
        "researchanddevelopmentexpenseexcludingacquiredinprocesscost": -123400000,
        "sellinggeneralandadministrativeexpense": 430200000,
        "amortizationofintangibleassets": -65500000,
        "collaborationprofitlosssharing": -19500000,
        "fairvaluemeasurementwithunobservableinputsreconciliationrecurringbasisliabilitygainlossincludedinearnings": -21200000,
        "costsandexpenses": 1877800000,
        "operatingincomeloss": 1200600000,
        "nonoperatingincomeexpense": -100000,
        "incomelossfromcontinuingoperationsbeforeincometaxesminorityinterestandincomelossfromequitymethodinvestments": 1132400000,
        "incometaxexpensebenefit": 0,
        "profitloss": 862800000,
        "netincomelossattributabletononcontrollinginterest": 0,
        "earningspersharebasic": 4.0600000000000005,
        "earningspersharediluted": 4.06,
        "weightedaveragenumberofsharesoutstandingbasic": -1900000,
        "weightedaveragenumberofdilutedsharesoutstanding": -1900000
    },
    {
        "date": "2017-03-30",
        "symbol": "BIIB",
        "period": "Q1",
        "netincomeloss": 6300000,
        "othercomprehensiveincomelossavailableforsalesecuritiesadjustmentnetoftax": -1600000,
        "othercomprehensiveincomelossderivativesqualifyingashedgesnetoftax": -23800000,
        "othercomprehensiveincomelosspensionandotherpostretirementbenefitplansadjustmentnetoftax": -100000,
        "othercomprehensiveincomelossforeigncurrencytransactionandtranslationadjustmentnetoftax": 20000000,
        "othercomprehensiveincomelossnetoftax": 20000000,
        "comprehensiveincomenetoftax": 742300000,
        "comprehensiveincomenetoftaxattributabletononcontrollinginterest": 100000,
        "comprehensiveincomenetoftaxincludingportionattributabletononcontrollinginterest": 742200000,
        "salesrevenuegoodsnet": 41800000,
        "revenuesfromanticd20therapeuticprograms": 340600000,
        "othersalesrevenuenet": 5900000,
        "revenues": 2810700000,
        "costofgoodssold": 2900000,
        "researchanddevelopmentexpenseexcludingacquiredinprocesscost": 423400000,
        "sellinggeneralandadministrativeexpense": 499100000,
        "amortizationofintangibleassets": 448500000,
        "collaborationprofitlosssharing": 20800000,
        "fairvaluemeasurementwithunobservableinputsreconciliationrecurringbasisliabilitygainlossincludedinearnings": -10000000,
        "costsandexpenses": 1786400000,
        "operatingincomeloss": 1024300000,
        "nonoperatingincomeexpense": -700000,
        "incomelossfromcontinuingoperationsbeforeincometaxesminorityinterestandincomelossfromequitymethodinvestments": 986700000,
        "incometaxexpensebenefit": 300000,
        "profitloss": 747500000,
        "netincomelossattributabletononcontrollinginterest": -100000,
        "earningspersharebasic": 3.47,
        "earningspersharediluted": 3.46,
        "weightedaveragenumberofsharesoutstandingbasic": 215600000,
        "weightedaveragenumberofdilutedsharesoutstanding": 215900000
    },
    {
        "date": "2016-09-29",
        "symbol": "BIIB",
        "period": "Q3",
        "netincomeloss": -5300000,
        "othercomprehensiveincomelossavailableforsalesecuritiesadjustmentnetoftax": -5400000,
        "othercomprehensiveincomelossderivativesqualifyingashedgesnetoftax": 1300000,
        "othercomprehensiveincomelosspensionandotherpostretirementbenefitplansadjustmentnetoftax": -400000,
        "othercomprehensiveincomelossforeigncurrencytransactionandtranslationadjustmentnetoftax": -14400000,
        "othercomprehensiveincomelossnetoftax": -18100000,
        "comprehensiveincomenetoftax": 1014800000,
        "comprehensiveincomenetoftaxattributabletononcontrollinginterest": 2600000,
        "comprehensiveincomenetoftaxincludingportionattributabletononcontrollinginterest": 1012200000,
        "salesrevenuegoodsnet": 5200000,
        "revenuesfromanticd20therapeuticprograms": 317600000,
        "othersalesrevenuenet": 400000,
        "revenues": 2955800000,
        "costofgoodssold": 416900000,
        "researchanddevelopmentexpenseexcludingacquiredinprocesscost": 25700000,
        "sellinggeneralandadministrativeexpense": 462700000,
        "amortizationofintangibleassets": 99700000,
        "restructuringcharges": -1600000,
        "fairvaluemeasurementwithunobservableinputsreconciliationrecurringbasisliabilitygainlossincludedinearnings": -5900000,
        "collaborationprofitlosssharing": 7400000,
        "costsandexpenses": 1530500000,
        "operatingincomeloss": 1425300000,
        "nonoperatingincomeexpense": 100000,
        "incomelossfromcontinuingoperationsbeforeincometaxesminorityinterestandincomelossfromequitymethodinvestments": 1367200000,
        "incometaxexpensebenefit": 337000000,
        "profitloss": 1030200000,
        "netincomelossattributabletononcontrollinginterest": -2700000,
        "earningspersharebasic": 4.72,
        "earningspersharediluted": 4.71,
        "weightedaveragenumberofsharesoutstandingbasic": 218900000,
        "weightedaveragenumberofdilutedsharesoutstanding": 219400000
    },
    {
        "date": "2016-06-29",
        "symbol": "BIIB",
        "period": "Q2",
        "netincomeloss": -966900000,
        "othercomprehensiveincomelossavailableforsalesecuritiesadjustmentnetoftax": 4500000,
        "othercomprehensiveincomelossderivativesqualifyingashedgesnetoftax": 29300000,
        "othercomprehensiveincomelosspensionandotherpostretirementbenefitplansadjustmentnetoftax": -700000,
        "othercomprehensiveincomelossforeigncurrencytransactionandtranslationadjustmentnetoftax": -58000000,
        "othercomprehensiveincomelossnetoftax": -58000000,
        "comprehensiveincomenetoftax": 1026300000,
        "comprehensiveincomenetoftaxattributabletononcontrollinginterest": 1400000,
        "comprehensiveincomenetoftaxincludingportionattributabletononcontrollinginterest": 1024900000,
        "salesrevenuegoodsnet": -2304900000,
        "revenuesfromanticd20therapeuticprograms": 349200000,
        "othersalesrevenuenet": -71000000,
        "revenues": 2894200000,
        "costofgoodssold": 370300000,
        "researchanddevelopmentexpenseexcludingacquiredinprocesscost": -8000000,
        "sellinggeneralandadministrativeexpense": 492400000,
        "amortizationofintangibleassets": 92900000,
        "fairvaluemeasurementwithunobservableinputsreconciliationrecurringbasisliabilitygainlossincludedinearnings": -10600000,
        "restructuringcharges": 8300000,
        "costsandexpenses": 1433700000,
        "operatingincomeloss": 1460500000,
        "nonoperatingincomeexpense": 52200000,
        "incomelossfromcontinuingoperationsbeforeincometaxesminorityinterestandincomelossfromequitymethodinvestments": 1402000000,
        "incometaxexpensebenefit": -42000000,
        "profitloss": 1048400000,
        "netincomelossattributabletononcontrollinginterest": -1400000,
        "earningspersharebasic": 4.79,
        "earningspersharediluted": 4.780000000000001,
        "weightedaveragenumberofsharesoutstandingbasic": 100000,
        "weightedaveragenumberofdilutedsharesoutstanding": 0
    },
    {
        "date": "2016-03-30",
        "symbol": "BIIB",
        "period": "Q1",
        "netincomeloss": 970900000,
        "othercomprehensiveincomelossavailableforsalesecuritiesadjustmentnetoftax": 2500000,
        "othercomprehensiveincomelossderivativesqualifyingashedgesnetoftax": -47600000,
        "othercomprehensiveincomelosspensionandotherpostretirementbenefitplansadjustmentnetoftax": -200000,
        "othercomprehensiveincomelossforeigncurrencytransactionandtranslationadjustmentnetoftax": 9600000,
        "othercomprehensiveincomelossnetoftax": 9600000,
        "comprehensiveincomenetoftax": 935600000,
        "comprehensiveincomenetoftaxattributabletononcontrollinginterest": 1700000,
        "comprehensiveincomenetoftaxincludingportionattributabletononcontrollinginterest": 933900000,
        "salesrevenuegoodsnet": 2309400000,
        "revenuesfromanticd20therapeuticprograms": 329500000,
        "othersalesrevenuenet": 87900000,
        "revenues": 2726800000,
        "costofgoodssold": 313000000,
        "researchanddevelopmentexpenseexcludingacquiredinprocesscost": 165000000,
        "sellinggeneralandadministrativeexpense": 497300000,
        "amortizationofintangibleassets": 88800000,
        "restructuringcharges": 1400000,
        "fairvaluemeasurementwithunobservableinputsreconciliationrecurringbasisliabilitygainlossincludedinearnings": -2300000,
        "costsandexpenses": 1348400000,
        "operatingincomeloss": 1378400000,
        "nonoperatingincomeexpense": -52800000,
        "incomelossfromcontinuingoperationsbeforeincometaxesminorityinterestandincomelossfromequitymethodinvestments": 1325600000,
        "incometaxexpensebenefit": 42200000,
        "profitloss": 969200000,
        "netincomelossattributabletononcontrollinginterest": -1700000,
        "earningspersharebasic": 4.44,
        "earningspersharediluted": 4.43,
        "weightedaveragenumberofsharesoutstandingbasic": 218900000,
        "weightedaveragenumberofdilutedsharesoutstanding": 219300000
    },
    {
        "date": "2015-12-30",
        "symbol": "BIIB",
        "period": "Q4",
        "netincomeloss": -734541000,
        "othercomprehensiveincomelossavailableforsalesecuritiesadjustmentnetoftax": 754000,
        "othercomprehensiveincomelossderivativesqualifyingashedgesnetoftax": -21416000,
        "othercomprehensiveincomelosspensionandotherpostretirementbenefitplansadjustmentnetoftax": 10832000,
        "othercomprehensiveincomelossforeigncurrencytransactionandtranslationadjustmentnetoftax": -35078000,
        "comprehensiveincomenetoftax": 764989000,
        "comprehensiveincomenetoftaxattributabletononcontrollinginterest": 2853000,
        "comprehensiveincomenetoftaxincludingportionattributabletononcontrollinginterest": 762136000,
        "salesrevenuegoodsnet": -759022000,
        "unconsolidatedjointbusiness": 333898000,
        "othersalesrevenuenet": -50530000,
        "revenues": 2839336000,
        "costofgoodssold": 331821000,
        "researchanddevelopmentexpenseexcludingacquiredinprocesscost": -77800000,
        "sellinggeneralandadministrativeexpense": 583017000,
        "amortizationofintangibleassets": 96628000,
        "fairvaluemeasurementwithunobservableinputsreconciliationrecurringbasisliabilitygainlossincludedinearnings": -24613000,
        "costsandexpenses": 1671139000,
        "operatingincomeloss": 1168197000,
        "incomelossfromcontinuingoperationsbeforeincometaxesminorityinterestandincomelossfromequitymethodinvestments": 1085785000,
        "incometaxexpensebenefit": -281781000,
        "incomelossfromequitymethodinvestments": 34000,
        "profitloss": 782508000,
        "netincomelossattributabletononcontrollinginterest": -2853000,
        "earningspersharebasic": 3.780000000000001,
        "earningspersharediluted": 3.7699999999999996,
        "weightedaveragenumberofsharesoutstandingbasic": -471772000,
        "weightedaveragenumberofdilutedsharesoutstanding": -472760000
    },
    {
        "date": "2015-09-29",
        "symbol": "BIIB",
        "period": "Q3",
        "netincomeloss": 42900000,
        "othercomprehensiveincomelossavailableforsalesecuritiesadjustmentnetoftax": -2239000,
        "othercomprehensiveincomelossderivativesqualifyingashedgesnetoftax": -31171000,
        "othercomprehensiveincomelosspensionandotherpostretirementbenefitplansadjustmentnetoftax": -523000,
        "othercomprehensiveincomelossforeigncurrencytransactionandtranslationadjustmentnetoftax": -23504000,
        "othercomprehensiveincomelossnetoftax": -56391000,
        "comprehensiveincomenetoftax": 909231000,
        "comprehensiveincomenetoftaxattributabletononcontrollinginterest": -53586000,
        "comprehensiveincomenetoftaxincludingportionattributabletononcontrollinginterest": 962817000,
        "othercomprehensiveincomelossavailableforsalesecuritiestax": -1320000,
        "othercomprehensiveincomelossderivativesqualifyingashedgestax": -187000,
        "salesrevenuegoodsnet": 43900000,
        "unconsolidatedjointbusiness": 337181000,
        "othersalesrevenuenet": 10900000,
        "revenues": 2777859000,
        "costofgoodssold": 310028000,
        "researchanddevelopmentexpenseexcludingacquiredinprocesscost": 39700000,
        "sellinggeneralandadministrativeexpense": 477827000,
        "amortizationofintangibleassets": 98065000,
        "fairvaluemeasurementwithunobservableinputsreconciliationrecurringbasisliabilitygainlossincludedinearnings": -244000,
        "costsandexpenses": 1406027000,
        "operatingincomeloss": 1371832000,
        "nonoperatingincomeexpense": -1300000,
        "incomelossfromcontinuingoperationsbeforeincometaxesminorityinterestandincomelossfromequitymethodinvestments": 1356419000,
        "incometaxexpensebenefit": 500000,
        "incomelossfromequitymethodinvestments": -6800000,
        "profitloss": 1019493000,
        "netincomelossattributabletononcontrollinginterest": 53871000,
        "earningspersharebasic": 4.16,
        "earningspersharediluted": 4.15,
        "weightedaveragenumberofsharesoutstandingbasic": 232191000,
        "weightedaveragenumberofdilutedsharesoutstanding": 232612000
    },
    {
        "date": "2015-06-29",
        "symbol": "BIIB",
        "period": "Q2",
        "netincomeloss": 40100000,
        "othercomprehensiveincomelossavailableforsalesecuritiesadjustmentnetoftax": -214000,
        "othercomprehensiveincomelossderivativesqualifyingashedgesnetoftax": -96159000,
        "othercomprehensiveincomelosspensionandotherpostretirementbenefitplansadjustmentnetoftax": -2851000,
        "othercomprehensiveincomelossforeigncurrencytransactionandtranslationadjustmentnetoftax": 63035000,
        "othercomprehensiveincomelossnetoftax": -30487000,
        "comprehensiveincomenetoftax": 896789000,
        "comprehensiveincomenetoftaxattributabletononcontrollinginterest": 2266000,
        "comprehensiveincomenetoftaxincludingportionattributabletononcontrollinginterest": 894523000,
        "othercomprehensiveincomelossavailableforsalesecuritiestax": 145000,
        "othercomprehensiveincomelossderivativesqualifyingashedgestax": 454000,
        "salesrevenuegoodsnet": 40400000,
        "unconsolidatedjointbusiness": 337510000,
        "othersalesrevenuenet": 17200000,
        "revenues": 2591642000,
        "costofgoodssold": 286120000,
        "researchanddevelopmentexpenseexcludingacquiredinprocesscost": 35000000,
        "sellinggeneralandadministrativeexpense": 491895000,
        "amortizationofintangibleassets": 92004000,
        "fairvaluemeasurementwithunobservableinputsreconciliationrecurringbasisliabilitygainlossincludedinearnings": 2201000,
        "costsandexpenses": 1358546000,
        "operatingincomeloss": 1233096000,
        "nonoperatingincomeexpense": -200000,
        "incomelossfromcontinuingoperationsbeforeincometaxesminorityinterestandincomelossfromequitymethodinvestments": 1222207000,
        "incometaxexpensebenefit": 100000,
        "incomelossfromequitymethodinvestments": -4900000,
        "profitloss": 924825000,
        "netincomelossattributabletononcontrollinginterest": -2451000,
        "earningspersharebasic": 3.94,
        "earningspersharediluted": 3.93,
        "weightedaveragenumberofsharesoutstandingbasic": 235286000,
        "weightedaveragenumberofdilutedsharesoutstanding": 235718000
    },
    {
        "date": "2015-03-30",
        "symbol": "BIIB",
        "period": "Q1",
        "netincomeloss": 822541000,
        "othercomprehensiveincomelossavailableforsalesecuritiesadjustmentnetoftax": 1299000,
        "othercomprehensiveincomelossderivativesqualifyingashedgesnetoftax": 87246000,
        "othercomprehensiveincomelosspensionandotherpostretirementbenefitplansadjustmentnetoftax": -1258000,
        "othercomprehensiveincomelossforeigncurrencytransactionandtranslationadjustmentnetoftax": -100853000,
        "othercomprehensiveincomelossnetoftax": -100900000,
        "comprehensiveincomenetoftax": 811491000,
        "comprehensiveincomenetoftaxattributabletononcontrollinginterest": 2267000,
        "comprehensiveincomenetoftaxincludingportionattributabletononcontrollinginterest": 809224000,
        "othercomprehensiveincomelossavailableforsalesecuritiestax": 766000,
        "othercomprehensiveincomelossderivativesqualifyingashedgestax": 412000,
        "salesrevenuegoodsnet": 2172322000,
        "unconsolidatedjointbusiness": 330611000,
        "othersalesrevenuenet": 52030000,
        "revenues": 2554963000,
        "costofgoodssold": 312431000,
        "researchanddevelopmentexpenseexcludingacquiredinprocesscost": 12800000,
        "sellinggeneralandadministrativeexpense": 560361000,
        "amortizationofintangibleassets": 95903000,
        "fairvaluemeasurementwithunobservableinputsreconciliationrecurringbasisliabilitygainlossincludedinearnings": -7844000,
        "costsandexpenses": 1437088000,
        "operatingincomeloss": 1117875000,
        "othernonoperatingincomeexpense": -14986000,
        "incomelossfromcontinuingoperationsbeforeincometaxesminorityinterestandincomelossfromequitymethodinvestments": 1102889000,
        "incometaxexpensebenefit": 281881000,
        "incomelossfromequitymethodinvestments": -834000,
        "profitloss": 820174000,
        "netincomelossattributabletononcontrollinginterest": -2367000,
        "earningspersharebasic": 3.5,
        "earningspersharediluted": 3.49,
        "weightedaveragenumberofsharesoutstandingbasic": 234995000,
        "weightedaveragenumberofdilutedsharesoutstanding": 235630000
    },
    {
        "date": "2014-12-30",
        "symbol": "BIIB",
        "period": "Q4",
        "netincomeloss": -470656000,
        "othercomprehensiveincomelossavailableforsalesecuritiesadjustmentnetoftax": -890000,
        "othercomprehensiveincomelossderivativesqualifyingashedgesnetoftax": 30650000,
        "othercomprehensiveincomelosspensionandotherpostretirementbenefitplansadjustmentnetoftax": 13288000,
        "othercomprehensiveincomelossforeigncurrencytransactionandtranslationadjustmentnetoftax": -37973000,
        "comprehensiveincomenetoftax": 861963000,
        "comprehensiveincomenetoftaxattributabletononcontrollinginterest": 879000,
        "comprehensiveincomenetoftaxincludingportionattributabletononcontrollinginterest": 861084000,
        "othercomprehensiveincomelossavailableforsalesecuritiestax": -1495000,
        "othercomprehensiveincomelossderivativesqualifyingashedgestax": -567000,
        "salesrevenuegoodsnet": -356465000,
        "unconsolidatedjointbusiness": 304541000,
        "othersalesrevenuenet": -26100000,
        "revenues": 4775126000,
        "costofgoodssold": 297265000,
        "researchanddevelopmentexpenseexcludingacquiredinprocesscost": 0,
        "sellinggeneralandadministrativeexpense": 573610000,
        "amortizationofintangibleassets": 107246000,
        "fairvaluemeasurementwithunobservableinputsreconciliationrecurringbasisliabilitygainlossincludedinearnings": 102020000,
        "costsandexpenses": 1485532000,
        "gainonsaleofrights": 4620000,
        "operatingincomeloss": 1159763000,
        "othernonoperatingincomeexpense": -200000,
        "incomelossfromcontinuingoperationsbeforeincometaxesminorityinterestandincomelossfromequitymethodinvestments": 1151012000,
        "incometaxexpensebenefit": 100000,
        "incomelossfromequitymethodinvestments": -226000,
        "profitloss": 1359732000,
        "netincomelossattributabletononcontrollinginterest": -879000,
        "earningspersharebasic": 3.7399999999999998,
        "earningspersharediluted": 3.72,
        "weightedaveragenumberofsharesoutstandingbasic": -473305000,
        "weightedaveragenumberofdilutedsharesoutstanding": -475046000
    },
    {
        "date": "2014-09-29",
        "symbol": "BIIB",
        "period": "Q3",
        "netincomeloss": 2700000,
        "othercomprehensiveincomelossavailableforsalesecuritiesadjustmentnetoftax": 12000,
        "othercomprehensiveincomelossderivativesqualifyingashedgesnetoftax": 48242000,
        "othercomprehensiveincomelosspensionandotherpostretirementbenefitplansadjustmentnetoftax": -691000,
        "othercomprehensiveincomelossforeigncurrencytransactionandtranslationadjustmentnetoftax": -60254000,
        "othercomprehensiveincomelossnetoftax": -11309000,
        "comprehensiveincomenetoftax": 845549000,
        "comprehensiveincomenetoftaxattributabletononcontrollinginterest": 738000,
        "comprehensiveincomenetoftaxincludingportionattributabletononcontrollinginterest": 844811000,
        "othercomprehensiveincomelossavailableforsalesecuritiestax": -6000,
        "othercomprehensiveincomelossderivativesqualifyingashedgestax": 302000,
        "salesrevenuegoodsnet": 2900000,
        "unconsolidatedjointbusiness": 290678000,
        "othersalesrevenuenet": 21300000,
        "revenues": 2511446000,
        "costofgoodssold": 302639000,
        "researchanddevelopmentexpenseexcludingacquiredinprocesscost": 7400000,
        "sellinggeneralandadministrativeexpense": 570436000,
        "amortizationofintangibleassets": 122431000,
        "fairvaluemeasurementwithunobservableinputsreconciliationrecurringbasisliabilitygainlossincludedinearnings": -49400000,
        "costsandexpenses": 1363247000,
        "gainonsaleofrights": 4379000,
        "operatingincomeloss": 1152578000,
        "othernonoperatingincomeexpense": -100000,
        "incomelossfromcontinuingoperationsbeforeincometaxesminorityinterestandincomelossfromequitymethodinvestments": 1136288000,
        "incometaxexpensebenefit": -100000,
        "incomelossfromequitymethodinvestments": -5400000,
        "profitloss": 856120000,
        "netincomelossattributabletononcontrollinginterest": -738000,
        "earningspersharebasic": 3.63,
        "earningspersharediluted": 3.62,
        "weightedaveragenumberofsharesoutstandingbasic": 236217000,
        "weightedaveragenumberofdilutedsharesoutstanding": 236972000
    },
    {
        "date": "2014-06-29",
        "symbol": "BIIB",
        "period": "Q2",
        "netincomeloss": 700000,
        "othercomprehensiveincomelossavailableforsalesecuritiesadjustmentnetoftax": -6865000,
        "othercomprehensiveincomelossderivativesqualifyingashedgesnetoftax": 10760000,
        "othercomprehensiveincomelosspensionandotherpostretirementbenefitplansadjustmentnetoftax": 170000,
        "othercomprehensiveincomelossforeigncurrencytransactionandtranslationadjustmentnetoftax": -8047000,
        "othercomprehensiveincomelossnetoftax": -4322000,
        "comprehensiveincomenetoftax": 710184000,
        "comprehensiveincomenetoftaxattributabletononcontrollinginterest": -8626000,
        "comprehensiveincomenetoftaxincludingportionattributabletononcontrollinginterest": 718810000,
        "othercomprehensiveincomelossavailableforsalesecuritiestax": 4029000,
        "othercomprehensiveincomelossderivativesqualifyingashedgestax": 260000,
        "salesrevenuegoodsnet": -5300000,
        "unconsolidatedjointbusiness": 303296000,
        "othersalesrevenuenet": 12300000,
        "revenues": 2421452000,
        "costofgoodssold": 291887000,
        "researchanddevelopmentexpenseexcludingacquiredinprocesscost": 21600000,
        "sellinggeneralandadministrativeexpense": 576622000,
        "amortizationofintangibleassets": 116826000,
        "fairvaluemeasurementwithunobservableinputsreconciliationrecurringbasisliabilitygainlossincludedinearnings": -4019000,
        "costsandexpenses": 1436627000,
        "gainonsaleofrights": 3900000,
        "operatingincomeloss": 988725000,
        "othernonoperatingincomeexpense": 10100000,
        "incomelossfromcontinuingoperationsbeforeincometaxesminorityinterestandincomelossfromequitymethodinvestments": 993586000,
        "incometaxexpensebenefit": -3600000,
        "incomelossfromequitymethodinvestments": -1900000,
        "profitloss": 723132000,
        "netincomelossattributabletononcontrollinginterest": 8626000,
        "earningspersharebasic": 3.02,
        "earningspersharediluted": 3.01,
        "weightedaveragenumberofsharesoutstandingbasic": 236661000,
        "weightedaveragenumberofdilutedsharesoutstanding": 237401000
    },
    {
        "date": "2014-03-30",
        "symbol": "BIIB",
        "period": "Q1",
        "netincomeloss": 479956000,
        "othercomprehensiveincomelossavailableforsalesecuritiesadjustmentnetoftax": 1725000,
        "othercomprehensiveincomelossderivativesqualifyingashedgesnetoftax": 5791000,
        "othercomprehensiveincomelosspensionandotherpostretirementbenefitplansadjustmentnetoftax": -817000,
        "othercomprehensiveincomelossforeigncurrencytransactionandtranslationadjustmentnetoftax": -2944000,
        "othercomprehensiveincomelossnetoftax": 1700000,
        "comprehensiveincomenetoftax": 485345000,
        "comprehensiveincomenetoftaxattributabletononcontrollinginterest": 228000,
        "comprehensiveincomenetoftaxincludingportionattributabletononcontrollinginterest": 485117000,
        "othercomprehensiveincomelossavailableforsalesecuritiestax": 1014000,
        "othercomprehensiveincomelossderivativesqualifyingashedgestax": 265000,
        "salesrevenuegoodsnet": 1742765000,
        "unconsolidatedjointbusiness": 296885000,
        "othersalesrevenuenet": 24100000,
        "revenues": -4700000,
        "costofgoodssold": 279245000,
        "researchanddevelopmentexpenseexcludingacquiredinprocesscost": 11000000,
        "sellinggeneralandadministrativeexpense": 511674000,
        "amortizationofintangibleassets": 143258000,
        "fairvaluemeasurementwithunobservableinputsreconciliationrecurringbasisliabilitygainlossincludedinearnings": 799000,
        "costsandexpenses": 1462262000,
        "gainonsaleofrights": 3859000,
        "operatingincomeloss": 671348000,
        "othernonoperatingincomeexpense": 100000,
        "incomelossfromcontinuingoperationsbeforeincometaxesminorityinterestandincomelossfromequitymethodinvestments": 665747000,
        "incometaxexpensebenefit": 100000,
        "incomelossfromequitymethodinvestments": -7600000,
        "profitloss": -4200000,
        "netincomelossattributabletononcontrollinginterest": -228000,
        "earningspersharebasic": 2.03,
        "earningspersharediluted": 2.02,
        "weightedaveragenumberofsharesoutstandingbasic": 236786000,
        "weightedaveragenumberofdilutedsharesoutstanding": 237849000
    },
    {
        "date": "2013-12-30",
        "symbol": "BIIB",
        "period": "Q4",
        "netincomeloss": 457306000,
        "othercomprehensiveincomelossavailableforsalesecuritiesadjustmentnetoftax": -9756000,
        "othercomprehensiveincomelossderivativesqualifyingashedgesnetoftax": -7414000,
        "othercomprehensiveincomelosspensionandotherpostretirementbenefitplansadjustmentnetoftax": 1071000,
        "othercomprehensiveincomelossforeigncurrencytransactionandtranslationadjustmentnetoftax": 19811000,
        "comprehensiveincomenetoftax": 458876000,
        "comprehensiveincomenetoftaxincludingportionattributabletononcontrollinginterest": 458876000,
        "othercomprehensiveincomelossavailableforsalesecuritiestax": -5736000,
        "othercomprehensiveincomelossderivativesqualifyingashedgestax": 5000,
        "salesrevenuegoodsnet": -3059151000,
        "unconsolidatedjointbusiness": 269399000,
        "othersalesrevenuenet": 24600000,
        "revenues": -7100000,
        "sellinggeneralandadministrativeexpense": 522857000,
        "amortizationofintangibleassets": 109424000,
        "costsandexpenses": 1315503000,
        "gainonsaleofrights": 7579000,
        "operatingincomeloss": 657926000,
        "othernonoperatingincomeexpense": 11400000,
        "incomelossfromcontinuingoperationsbeforeincometaxesminorityinterestandincomelossfromequitymethodinvestments": 652521000,
        "incomelossfromequitymethodinvestments": -4900000,
        "profitloss": 200000,
        "earningspersharebasic": 1.9300000000000004,
        "earningspersharediluted": 1.9199999999999995,
        "weightedaveragenumberofsharesoutstandingbasic": -212000,
        "weightedaveragenumberofdilutedsharesoutstanding": -200000
    },
    {
        "date": "2013-09-29",
        "symbol": "BIIB",
        "period": "Q3",
        "profitloss": -7200000,
        "othercomprehensiveincomelossavailableforsalesecuritiesadjustmentnetoftax": 6211000,
        "othercomprehensiveincomelossderivativesqualifyingashedgesnetoftax": -14847000,
        "othercomprehensiveincomelosspensionandotherpostretirementbenefitplansadjustmentnetoftax": -893000,
        "othercomprehensiveincomelossforeigncurrencytransactionandtranslationadjustmentnetoftax": 33564000,
        "othercomprehensiveincomelossnetoftax": 6200000,
        "comprehensiveincomenetoftax": 513437000,
        "comprehensiveincomenetoftaxincludingportionattributabletononcontrollinginterest": 513437000,
        "othercomprehensiveincomelossavailableforsalesecuritiestax": 3639000,
        "othercomprehensiveincomelossderivativesqualifyingashedgestax": -298000,
        "salesrevenuegoodsnet": 1453554000,
        "unconsolidatedjointbusiness": 303210000,
        "othersalesrevenuenet": 4300000,
        "revenues": -7300000,
        "sellinggeneralandadministrativeexpense": 405584000,
        "amortizationofintangibleassets": 99998000,
        "costsandexpenses": 1150198000,
        "gainonsaleofrights": 6949000,
        "operatingincomeloss": 684531000,
        "othernonoperatingincomeexpense": 200000,
        "incomelossfromcontinuingoperationsbeforeincometaxesminorityinterestandincomelossfromequitymethodinvestments": 679891000,
        "incometaxexpensebenefit": 0,
        "incomelossfromequitymethodinvestments": -6200000,
        "netincomeloss": 487616000,
        "earningspersharebasic": 2.0599999999999996,
        "earningspersharediluted": 2.0399999999999996,
        "weightedaveragenumberofsharesoutstandingbasic": -31000,
        "weightedaveragenumberofdilutedsharesoutstanding": -35000
    },
    {
        "date": "2013-06-29",
        "symbol": "BIIB",
        "period": "Q2",
        "profitloss": -423049000,
        "othercomprehensiveincomelossavailableforsalesecuritiesadjustmentnetoftax": 6077000,
        "othercomprehensiveincomelossderivativesqualifyingashedgesnetoftax": -2305000,
        "othercomprehensiveincomelosspensionandotherpostretirementbenefitplansadjustmentnetoftax": -1011000,
        "othercomprehensiveincomelossforeigncurrencytransactionandtranslationadjustmentnetoftax": 8056000,
        "othercomprehensiveincomelossnetoftax": 17670000,
        "comprehensiveincomenetoftax": 503509000,
        "comprehensiveincomenetoftaxincludingportionattributabletononcontrollinginterest": 503509000,
        "othercomprehensiveincomelossavailableforsalesecuritiestax": 2261000,
        "othercomprehensiveincomelossderivativesqualifyingashedgestax": 59000,
        "salesrevenuegoodsnet": 1385918000,
        "unconsolidatedjointbusiness": 288785000,
        "othersalesrevenuenet": -40511000,
        "revenues": -1413896000,
        "sellinggeneralandadministrativeexpense": 431012000,
        "amortizationofintangibleassets": 82225000,
        "collaborationprofitsharing": 0,
        "costsandexpenses": 1066265000,
        "gainonsaleofrights": 5319000,
        "operatingincomeloss": 662527000,
        "othernonoperatingincomeexpense": 18757000,
        "incomelossfromcontinuingoperationsbeforeincometaxesminorityinterestandincomelossfromequitymethodinvestments": 652099000,
        "incometaxexpensebenefit": -1800000,
        "incomelossfromequitymethodinvestments": -2289000,
        "netincomeloss": 490670000,
        "earningspersharebasic": 2.0700000000000003,
        "earningspersharediluted": 2.06,
        "weightedaveragenumberofsharesoutstandingbasic": 325000,
        "weightedaveragenumberofdilutedsharesoutstanding": 239000
    },
    {
        "date": "2013-03-30",
        "symbol": "BIIB",
        "period": "Q1",
        "profitloss": 426749000,
        "othercomprehensiveincomelossavailableforsalesecuritiesadjustmentnetoftax": -1117000,
        "othercomprehensiveincomelossderivativesqualifyingashedgesnetoftax": 11603000,
        "othercomprehensiveincomelosspensionandotherpostretirementbenefitplansadjustmentnetoftax": -1263000,
        "othercomprehensiveincomelossforeigncurrencytransactionandtranslationadjustmentnetoftax": -24419000,
        "othercomprehensiveincomelossnetoftax": -12670000,
        "comprehensiveincomenetoftax": 414079000,
        "comprehensiveincomenetoftaxincludingportionattributabletononcontrollinginterest": 414079000,
        "othercomprehensiveincomelossavailableforsalesecuritiestax": 654000,
        "othercomprehensiveincomelossderivativesqualifyingashedgestax": 1421000,
        "salesrevenuegoodsnet": 1095779000,
        "unconsolidatedjointbusiness": 264606000,
        "othersalesrevenuenet": 54711000,
        "revenues": 1415096000,
        "costofrevenue": 133749000,
        "researchanddevelopmentexpense": 5000000,
        "sellinggeneralandadministrativeexpense": 352598000,
        "collaborationprofitsharing": 85357000,
        "amortizationofintangibleassets": 51301000,
        "fairvalueadjustmentofcontingentconsideration": 2277000,
        "costsandexpenses": 909622000,
        "gainonsaleofrights": 5051000,
        "operatingincomeloss": 510525000,
        "othernonoperatingincomeexpense": -14457000,
        "incomelossfromcontinuingoperationsbeforeincometaxesminorityinterestandincomelossfromequitymethodinvestments": 496068000,
        "incometaxexpensebenefit": 1500000,
        "incomelossfromequitymethodinvestments": -3811000,
        "netincomeloss": 426749000,
        "earningspersharebasic": 1.8,
        "earningspersharediluted": 1.79,
        "weightedaveragenumberofsharesoutstandingbasic": 236837000,
        "weightedaveragenumberofdilutedsharesoutstanding": 238304000
    },
    {
        "date": "2012-12-30",
        "symbol": "BIIB",
        "period": "Q4",
        "netincomeloss": 292127000,
        "comprehensiveincomenetoftax": 287873000,
        "comprehensiveincomenetoftaxincludingportionattributabletononcontrollinginterest": 288003000,
        "salesrevenuegoodsnet": -178298000,
        "unconsolidatedjointbusiness": 280925000,
        "othersalesrevenuenet": -122247000,
        "revenues": 1417941000,
        "costofrevenue": 133828000,
        "researchanddevelopmentexpense": -5900000,
        "sellinggeneralandadministrativeexpense": 375977000,
        "collaborationprofitsharing": 77944000,
        "amortizationofintangibleassets": 50948000,
        "fairvalueadjustmentofcontingentconsideration": 3629000,
        "restructuringcharges": 0,
        "costsandexpenses": 987507000,
        "operatingincomeloss": 445507000,
        "othernonoperatingincomeexpense": -14290000,
        "incomelossfromcontinuingoperationsbeforeincometaxesminorityinterestandincomelossfromequitymethodinvestments": 431217000,
        "incometaxexpensebenefit": 136341000,
        "profitloss": 292127000,
        "earningspersharebasic": 1.24,
        "earningspersharediluted": 1.2299999999999995,
        "weightedaveragenumberofsharesoutstandingbasic": -393000,
        "weightedaveragenumberofdilutedsharesoutstanding": -397000
    },
    {
        "date": "2012-09-29",
        "symbol": "BIIB",
        "period": "Q3",
        "profitloss": 398399000,
        "comprehensiveincomenetoftax": 397839000,
        "comprehensiveincomenetoftaxattributabletononcontrollinginterest": 0,
        "comprehensiveincomenetoftaxincludingportionattributabletononcontrollinginterest": 397839000,
        "salesrevenuegoodsnet": 1039110000,
        "unconsolidatedjointbusiness": 287793000,
        "othersalesrevenuenet": 58652000,
        "revenues": 1385555000,
        "costofrevenue": 139357000,
        "researchanddevelopmentexpense": 36200000,
        "sellinggeneralandadministrativeexpense": 299632000,
        "collaborationprofitsharing": 75546000,
        "amortizationofintangibleassets": 53013000,
        "fairvalueadjustmentofcontingentconsideration": 9457000,
        "restructuringcharges": 803000,
        "costsandexpenses": 882025000,
        "operatingincomeloss": 535249000,
        "othernonoperatingincomeexpense": -4548000,
        "incomelossfromcontinuingoperationsbeforeincometaxesminorityinterestandincomelossfromequitymethodinvestments": 530701000,
        "incometaxexpensebenefit": 131044000,
        "netincomeloss": 398399000,
        "earningspersharebasic": 1.6799999999999995,
        "earningspersharediluted": 1.67,
        "weightedaveragenumberofsharesoutstandingbasic": -240411000,
        "weightedaveragenumberofdilutedsharesoutstanding": -242313000
    },
    {
        "date": "2012-06-29",
        "symbol": "BIIB",
        "period": "Q2",
        "salesrevenuegoodsnet": 1076800000,
        "unconsolidatedjointbusiness": 284630000,
        "othersalesrevenuenet": 59521000,
        "revenues": 1420951000,
        "costofrevenue": 139112000,
        "researchanddevelopmentexpense": 2600000,
        "sellinggeneralandadministrativeexpense": 301767000,
        "collaborationprofitsharing": 78511000,
        "amortizationofintangibleassets": 52282000,
        "fairvalueadjustmentofcontingentconsideration": 12858000,
        "restructuringcharges": 1139000,
        "costsandexpenses": 915228000,
        "operatingincomeloss": 505723000,
        "othernonoperatingincomeexpense": 2950000,
        "incomelossfromcontinuingoperationsbeforeincometaxesminorityinterestandincomelossfromequitymethodinvestments": 508673000,
        "incometaxexpensebenefit": 121021000,
        "incomelossfromequitymethodinvestments": -511000,
        "profitloss": 387141000,
        "netincomelossattributabletononcontrollinginterest": 295000,
        "netincomeloss": 386846000,
        "earningspersharebasic": 1.62,
        "earningspersharediluted": 1.61,
        "weightedaveragenumberofsharesoutstandingbasic": 238988000,
        "weightedaveragenumberofdilutedsharesoutstanding": 240622000,
        "othercomprehensiveincomelossavailableforsalesecuritiesadjustmentnetoftax": -83000,
        "othercomprehensiveincomelossderivativesqualifyingashedgesnetoftax": 18260000,
        "othercomprehensiveincomelosspensionandotherpostretirementbenefitplansadjustmentnetoftax": -202000,
        "othercomprehensiveincomelossforeigncurrencytransactionandtranslationadjustmentnetoftax": -51226000,
        "othercomprehensiveincomelossnetoftax": -32847000,
        "comprehensiveincomenetoftax": 354294000,
        "comprehensiveincomenetoftaxattributabletononcontrollinginterest": 295000,
        "comprehensiveincomenetoftaxincludingportionattributabletononcontrollinginterest": 353999000,
        "othercomprehensiveincomelossavailableforsalesecuritiestax": 47000,
        "othercomprehensiveincomelossderivativesqualifyingashedgestax": 2164000
    },
    {
        "date": "2012-03-30",
        "symbol": "BIIB",
        "period": "Q1",
        "salesrevenuegoodsnet": 975488000,
        "unconsolidatedjointbusiness": 284552000,
        "othersalesrevenuenet": 31974000,
        "revenues": 1292014000,
        "costofrevenue": 133197000,
        "researchanddevelopmentexpense": 2500000,
        "sellinggeneralandadministrativeexpense": 300089000,
        "collaborationprofitsharing": 85894000,
        "amortizationofintangibleassets": 45961000,
        "fairvalueadjustmentofcontingentconsideration": 1258000,
        "restructuringcharges": 283000,
        "costsandexpenses": 922644000,
        "operatingincomeloss": 369370000,
        "othernonoperatingincomeexpense": 15144000,
        "incomelossfromcontinuingoperationsbeforeincometaxesminorityinterestandincomelossfromequitymethodinvestments": 384514000,
        "incometaxexpensebenefit": 82148000,
        "profitloss": 302366000,
        "netincomelossattributabletononcontrollinginterest": -295000,
        "netincomeloss": 302661000,
        "earningspersharebasic": 1.26,
        "earningspersharediluted": 1.25,
        "weightedaveragenumberofsharesoutstandingbasic": 239754000,
        "weightedaveragenumberofdilutedsharesoutstanding": 241828000,
        "othercomprehensiveincomeavailableforsalesecuritiesadjustmentnetoftaxperiodincreasedecrease": 1911000,
        "othercomprehensiveincomederivativesqualifyingashedgesnetoftaxperiodincreasedecrease": -18363000,
        "othercomprehensiveincomedefinedbenefitplansadjustmentnetoftaxperiodincreasedecrease": 189000,
        "othercomprehensiveincomeforeigncurrencytransactionandtranslationadjustmentnetoftaxperiodincreasedecrease": 25154000,
        "othercomprehensiveincomelossnetoftaxperiodincreasedecrease": 8891000,
        "comprehensiveincomenetoftax": 311257000,
        "comprehensiveincomenetoftaxattributabletononcontrollinginterest": -230000,
        "comprehensiveincomenetoftaxincludingportionattributabletononcontrollinginterest": 311487000,
        "othercomprehensiveincomeavailableforsalesecuritiestax": 1122000,
        "othercomprehensiveincomederivativesqualifyingashedgestaxeffectperiodincreasedecrease": 2143000
    },
    {
        "date": "2011-12-30",
        "symbol": "BIIB",
        "period": "Q4",
        "salesrevenuegoodsnet": -2721762000,
        "unconsolidatedjointbusiness": 257547000,
        "othersalesrevenuenet": -115008000,
        "revenues": 1326711000,
        "costofrevenue": 139637000,
        "researchanddevelopmentexpense": -853768000,
        "sellinggeneralandadministrativeexpense": 283918000,
        "collaborationprofitsharing": 73452000,
        "amortizationofintangibleassets": 50867000,
        "fairvalueadjustmentofcontingentconsideration": 30165000,
        "restructuringcharges": -10400000,
        "costsandexpenses": 917609000,
        "operatingincomeloss": 409102000,
        "othernonoperatingincomeexpense": -3973000,
        "incomelossfromcontinuingoperationsbeforeincometaxesminorityinterestandincomelossfromequitymethodinvestments": 405129000,
        "incometaxexpensebenefit": 104920000,
        "profitloss": 852228000,
        "netincomelossattributabletononcontrollinginterest": -28000,
        "netincomeloss": 300237000,
        "earningspersharebasic": 1.2299999999999998,
        "earningspersharediluted": 1.2300000000000006,
        "weightedaveragenumberofsharesoutstandingbasic": -484399000,
        "weightedaveragenumberofdilutedsharesoutstanding": -489850000
    },
    {
        "date": "2011-09-29",
        "symbol": "BIIB",
        "period": "Q3",
        "salesrevenuegoodsnet": 975757000,
        "unconsolidatedjointbusiness": 266471000,
        "othersalesrevenuenet": 67706000,
        "revenues": 1309934000,
        "costofrevenue": 123527000,
        "researchanddevelopmentexpense": 301391000,
        "sellinggeneralandadministrativeexpense": 261398000,
        "collaborationprofitsharing": 81475000,
        "amortizationofintangibleassets": 49347000,
        "restructuringcharges": 1800000,
        "fairvalueadjustmentofcontingentconsideration": 2500000,
        "costsandexpenses": 821441000,
        "operatingincomeloss": 488493000,
        "othernonoperatingincomeexpense": -7727000,
        "incomelossfromcontinuingoperationsbeforeincometaxesminorityinterestandincomelossfromequitymethodinvestments": 480766000,
        "incometaxexpensebenefit": 127104000,
        "profitloss": 351800000,
        "netincomelossattributabletononcontrollinginterest": 1836000,
        "netincomeloss": 351826000,
        "earningspersharebasic": 1.45,
        "earningspersharediluted": 1.43,
        "weightedaveragenumberofsharesoutstandingbasic": 242883000,
        "weightedaveragenumberofdilutedsharesoutstanding": 245366000
    },
    {
        "date": "2011-06-29",
        "symbol": "BIIB",
        "period": "Q2",
        "salesrevenuegoodsnet": 956703000,
        "unconsolidatedjointbusiness": 216458000,
        "othersalesrevenuenet": 35486000,
        "revenues": 1208647000,
        "costofrevenue": 100503000,
        "researchanddevelopmentexpense": 285644000,
        "sellinggeneralandadministrativeexpense": 266301000,
        "collaborationprofitsharing": 88050000,
        "amortizationofintangibleassets": 55136000,
        "restructuringcharges": 2700000,
        "fairvalueadjustmentofcontingentconsideration": 2200000,
        "costsandexpenses": 797834000,
        "operatingincomeloss": 410813000,
        "othernonoperatingincomeexpense": -11728000,
        "incomelossfromcontinuingoperationsbeforeincometaxesminorityinterestandincomelossfromequitymethodinvestments": 399085000,
        "incometaxexpensebenefit": 95036000,
        "profitloss": 16000000,
        "netincomelossattributabletononcontrollinginterest": 16015000,
        "netincomeloss": 288034000,
        "earningspersharebasic": 1.19,
        "earningspersharediluted": 1.18,
        "weightedaveragenumberofsharesoutstandingbasic": 242375000,
        "weightedaveragenumberofdilutedsharesoutstanding": 244966000
    },
    {
        "date": "2011-03-30",
        "symbol": "BIIB",
        "period": "Q1",
        "salesrevenuegoodsnet": 907102000,
        "unconsolidatedjointbusiness": 256124000,
        "othersalesrevenuenet": 40116000,
        "revenues": 1203342000,
        "costofrevenue": 103113000,
        "researchanddevelopmentexpense": 293633000,
        "sellinggeneralandadministrativeexpense": 244516000,
        "collaborationprofitsharing": 74794000,
        "amortizationofintangibleassets": 53216000,
        "restructuringcharges": 12100000,
        "fairvalueadjustmentofcontingentconsideration": 1200000,
        "costsandexpenses": 787059000,
        "operatingincomeloss": 416283000,
        "othernonoperatingincomeexpense": 9951000,
        "incomelossfromcontinuingoperationsbeforeincometaxesminorityinterestandincomelossfromequitymethodinvestments": 426234000,
        "incometaxexpensebenefit": 117468000,
        "profitloss": 14400000,
        "netincomelossattributabletononcontrollinginterest": 14435000,
        "netincomeloss": 294331000,
        "earningspersharebasic": 1.22,
        "earningspersharediluted": 1.2,
        "weightedaveragenumberofsharesoutstandingbasic": 241536000,
        "weightedaveragenumberofdilutedsharesoutstanding": 244551000
    },
    {
        "date": "2010-09-29",
        "symbol": "BIIB",
        "period": "Q3",
        "salesrevenuegoodsnet": 876850000,
        "unconsolidatedjointbusiness": 257981000,
        "othersalesrevenuenet": 40958000,
        "revenues": 1175789000,
        "costofrevenue": 95918000,
        "researchanddevelopmentexpense": 319054000,
        "sellinggeneralandadministrativeexpense": 244160000,
        "collaborationprofitsharing": 63991000,
        "amortizationofintangibleassets": 53531000,
        "acquiredinprocessresearchanddevelopment": 205000000,
        "costsandexpenses": 981654000,
        "operatingincomeloss": 194135000,
        "othernonoperatingincomeexpense": -6945000,
        "incomelossfromcontinuingoperationsbeforeincometaxesminorityinterestandincomelossfromequitymethodinvestments": 187190000,
        "incometaxexpensebenefit": 75011000,
        "profitloss": -141900000,
        "netincomelossattributabletononcontrollinginterest": -141936000,
        "netincomeloss": 254115000,
        "earningspersharebasic": 1.06,
        "earningspersharediluted": 1.05,
        "weightedaveragenumberofsharesoutstandingbasic": 239864000,
        "weightedaveragenumberofdilutedsharesoutstanding": 242313000
    },
    {
        "date": "2010-06-29",
        "symbol": "BIIB",
        "period": "Q2",
        "salesrevenuegoodsnet": 859235000,
        "unconsolidatedjointbusiness": 306372000,
        "othersalesrevenuenet": 47095000,
        "revenues": 1212702000,
        "costofrevenue": 106985000,
        "researchanddevelopmentexpense": 331675000,
        "sellinggeneralandadministrativeexpense": 262323000,
        "collaborationprofitsharing": 62692000,
        "amortizationofintangibleassets": 53148000,
        "acquiredinprocessresearchanddevelopment": 0,
        "costsandexpenses": 816823000,
        "operatingincomeloss": 395879000,
        "othernonoperatingincomeexpense": 1013000,
        "incomelossfromcontinuingoperationsbeforeincometaxesminorityinterestandincomelossfromequitymethodinvestments": 396892000,
        "incometaxexpensebenefit": 102243000,
        "profitloss": 290907000,
        "netincomelossattributabletononcontrollinginterest": 1211000,
        "netincomeloss": 293438000,
        "earningspersharebasic": 1.1199999999999999,
        "earningspersharediluted": 1.1099999999999999,
        "weightedaveragenumberofsharesoutstandingbasic": -4904000,
        "weightedaveragenumberofdilutedsharesoutstanding": -5431000
    },
    {
        "date": "2010-03-30",
        "symbol": "BIIB",
        "period": "Q1",
        "salesrevenuegoodsnet": 824220000,
        "unconsolidatedjointbusiness": 254928000,
        "othersalesrevenuenet": 29712000,
        "revenues": 1108860000,
        "costofrevenue": 97055000,
        "researchanddevelopmentexpense": 307030000,
        "sellinggeneralandadministrativeexpense": 248664000,
        "collaborationprofitsharing": 63557000,
        "amortizationofintangibleassets": 48889000,
        "acquiredinprocessresearchanddevelopment": 39976000,
        "costsandexpenses": 805171000,
        "operatingincomeloss": 303689000,
        "othernonoperatingincomeexpense": -8386000,
        "incomelossfromcontinuingoperationsbeforeincometaxesminorityinterestandincomelossfromequitymethodinvestments": 295303000,
        "incometaxexpensebenefit": 75310000,
        "profitloss": 219993000,
        "netincomelossattributabletononcontrollinginterest": 2551000,
        "netincomeloss": 217442000,
        "earningspersharebasic": 0.8,
        "earningspersharediluted": 0.8,
        "weightedaveragenumberofsharesoutstandingbasic": 269922000,
        "weightedaveragenumberofdilutedsharesoutstanding": 272703000
    },
    {
        "date": "2009-09-29",
        "symbol": "BIIB",
        "period": "Q3",
        "salesrevenuegoodsnet": 801689000,
        "unconsolidatedjointbusiness": 283919000,
        "othersalesrevenuenet": 34910000,
        "revenues": 1120518000,
        "costofrevenue": 93486000,
        "researchanddevelopmentexpense": 304055000,
        "sellinggeneralandadministrativeexpense": 226755000,
        "collaborationprofitsharing": 60697000,
        "amortizationofintangibleassets": 51347000,
        "costsandexpenses": 736340000,
        "operatingincomeloss": 384178000,
        "othernonoperatingincomeexpense": 9360000,
        "incomelossfromcontinuingoperationsbeforeincometaxesminorityinterestandincomelossfromequitymethodinvestments": 393538000,
        "incometaxexpensebenefit": 113936000,
        "profitloss": 279602000,
        "netincomelossattributabletononcontrollinginterest": 1939000,
        "netincomeloss": 277663000,
        "earningspersharebasic": 0.96,
        "earningspersharediluted": 0.95,
        "weightedaveragenumberofsharesoutstandingbasic": 288917000,
        "weightedaveragenumberofdilutedsharesoutstanding": 291037000
    }
]