[
    {
        "date": "2024-09-29",
        "symbol": "OTIS",
        "period": "Q3",
        "revenuefromcontractwithcustomerexcludingassessedtax": 3548000000,
        "costofgoodsandservicessold": 1381000000,
        "researchanddevelopmentexpense": 40000000,
        "sellinggeneralandadministrativeexpense": 455000000,
        "costsandexpenses": 2965000000,
        "otheroperatingincomeexpensenet": -220000000,
        "operatingincomeloss": 363000000,
        "netperiodicdefinedbenefitsexpensereversalofexpenseexcludingservicecostcomponent": 1000000,
        "interestincomeexpensenonoperatingnet": 150000000,
        "incomelossfromcontinuingoperationsbeforeincometaxesextraordinaryitemsnoncontrollinginterest": 512000000,
        "incometaxexpensebenefit": 185000000,
        "profitloss": 557000000,
        "netincomelossattributabletononcontrollinginterest": 17000000,
        "netincomeloss": 540000000,
        "earningspersharebasic": 1.35,
        "earningspersharediluted": 1.34,
        "weightedaveragenumberofsharesoutstandingbasic": 400200000,
        "weightedaveragenumberofdilutedsharesoutstanding": 402700000,
        "othercomprehensiveincomelossforeigncurrencytransactionandtranslationadjustmentnetoftax": -40000000,
        "othercomprehensiveincomelosscashflowhedgegainlossafterreclassificationandtax": -6000000,
        "othercomprehensiveincomelossnetoftax": -46000000,
        "comprehensiveincomenetoftaxincludingportionattributabletononcontrollinginterest": 511000000,
        "comprehensiveincomenetoftaxattributabletononcontrollinginterest": 24000000,
        "comprehensiveincomenetoftax": 487000000
    },
    {
        "date": "2023-06-29",
        "symbol": "OTIS",
        "period": "Q2",
        "revenuefromcontractwithcustomerexcludingassessedtax": 1604000000,
        "costofgoodsandservicessold": 1328000000,
        "researchanddevelopmentexpense": 36000000,
        "sellinggeneralandadministrativeexpense": 479000000,
        "costsandexpenses": 3152000000,
        "otheroperatingincomeexpensenet": 12000000,
        "operatingincomeloss": 580000000,
        "netperiodicdefinedbenefitsexpensereversalofexpenseexcludingservicecostcomponent": 1000000,
        "interestincomeexpensenet": -37000000,
        "incomelossfromcontinuingoperationsbeforeincometaxesextraordinaryitemsnoncontrollinginterest": 542000000,
        "incometaxexpensebenefit": 135000000,
        "profitloss": 407000000,
        "netincomelossattributabletononcontrollinginterest": 31000000,
        "netincomeloss": 376000000,
        "earningspersharebasic": 0.91,
        "earningspersharediluted": 0.9,
        "weightedaveragenumberofsharesoutstandingbasic": 412700000,
        "weightedaveragenumberofdilutedsharesoutstanding": 416000000,
        "othercomprehensiveincomelossforeigncurrencytransactionandtranslationadjustmentnetoftax": -70000000,
        "othercomprehensiveincomelosscashflowhedgegainlossafterreclassificationandtax": -6000000,
        "othercomprehensiveincomelossnetoftax": -76000000,
        "comprehensiveincomenetoftaxincludingportionattributabletononcontrollinginterest": 331000000,
        "comprehensiveincomenetoftaxattributabletononcontrollinginterest": 18000000,
        "comprehensiveincomenetoftax": 313000000
    },
    {
        "date": "2023-03-30",
        "symbol": "OTIS",
        "period": "Q1",
        "revenuefromcontractwithcustomerexcludingassessedtax": 1307000000,
        "costofgoodsandservicessold": 1098000000,
        "researchanddevelopmentexpense": 35000000,
        "sellinggeneralandadministrativeexpense": 455000000,
        "costsandexpenses": 2840000000,
        "otheroperatingincomeexpensenet": 7000000,
        "operatingincomeloss": 513000000,
        "interestincomeexpensenet": -33000000,
        "incomelossfromcontinuingoperationsbeforeincometaxesextraordinaryitemsnoncontrollinginterest": 480000000,
        "incometaxexpensebenefit": 128000000,
        "profitloss": 352000000,
        "netincomelossattributabletononcontrollinginterest": 21000000,
        "netincomeloss": 331000000,
        "earningspersharebasic": 0.8,
        "earningspersharediluted": 0.79,
        "weightedaveragenumberofsharesoutstandingbasic": 414300000,
        "weightedaveragenumberofdilutedsharesoutstanding": 417800000,
        "othercomprehensiveincomelossforeigncurrencytransactionandtranslationadjustmentnetoftax": -34000000,
        "othercomprehensiveincomelosscashflowhedgegainlossafterreclassificationandtax": 3000000,
        "othercomprehensiveincomelossnetoftax": -31000000,
        "comprehensiveincomenetoftaxincludingportionattributabletononcontrollinginterest": 321000000,
        "comprehensiveincomenetoftaxattributabletononcontrollinginterest": 24000000,
        "comprehensiveincomenetoftax": 297000000
    },
    {
        "date": "2022-12-30",
        "symbol": "OTIS",
        "period": "Q4",
        "revenuefromcontractwithcustomerexcludingassessedtax": 1461000000,
        "costofgoodsandservicessold": 1260000000,
        "researchanddevelopmentexpense": 38000000,
        "sellinggeneralandadministrativeexpense": 448000000,
        "costsandexpenses": 2965000000,
        "otheroperatingincomeexpensenet": 17000000,
        "operatingincomeloss": 491000000,
        "interestincomeexpensenet": -36000000,
        "incomelossfromcontinuingoperationsbeforeincometaxesextraordinaryitemsnoncontrollinginterest": 455000000,
        "incometaxexpensebenefit": 137000000,
        "profitloss": 318000000,
        "netincomelossattributabletononcontrollinginterest": 21000000,
        "netincomeloss": 297000000,
        "earningspersharebasic": 0.72,
        "earningspersharediluted": 0.7,
        "weightedaveragenumberofsharesoutstandingbasic": -844100000,
        "weightedaveragenumberofdilutedsharesoutstanding": -850100000,
        "othercomprehensiveincomelosspensionandotherpostretirementbenefitplansadjustmentnetoftax": -114000000,
        "othercomprehensiveincomelossnetoftax": 3000000,
        "comprehensiveincomenetoftaxincludingportionattributabletononcontrollinginterest": 321000000,
        "comprehensiveincomenetoftaxattributabletononcontrollinginterest": 36000000,
        "comprehensiveincomenetoftax": 285000000
    },
    {
        "date": "2022-09-29",
        "symbol": "OTIS",
        "period": "Q3",
        "revenuefromcontractwithcustomerexcludingassessedtax": 1447000000,
        "costofgoodsandservicessold": 1208000000,
        "researchanddevelopmentexpense": 37000000,
        "sellinggeneralandadministrativeexpense": 417000000,
        "costsandexpenses": 2827000000,
        "otheroperatingincomeexpensenet": 12000000,
        "operatingincomeloss": 529000000,
        "netperiodicdefinedbenefitsexpensereversalofexpenseexcludingservicecostcomponent": 1000000,
        "interestincomeexpensenet": -35000000,
        "incomelossfromcontinuingoperationsbeforeincometaxesextraordinaryitemsnoncontrollinginterest": 493000000,
        "incometaxexpensebenefit": 143000000,
        "profitloss": 350000000,
        "netincomelossattributabletononcontrollinginterest": 26000000,
        "netincomeloss": 324000000,
        "earningspersharebasic": 0.77,
        "earningspersharediluted": 0.77,
        "weightedaveragenumberofsharesoutstandingbasic": 418500000,
        "weightedaveragenumberofdilutedsharesoutstanding": 421200000,
        "othercomprehensiveincomelossforeigncurrencytransactionandtranslationadjustmentnetoftax": 151000000,
        "othercomprehensiveincomelosspensionandotherpostretirementbenefitplansadjustmentnetoftax": -2000000,
        "othercomprehensiveincomelosscashflowhedgegainlossafterreclassificationandtax": -4000000,
        "othercomprehensiveincomelossnetoftax": 149000000,
        "comprehensiveincomenetoftaxincludingportionattributabletononcontrollinginterest": 499000000,
        "comprehensiveincomenetoftaxattributabletononcontrollinginterest": 7000000,
        "comprehensiveincomenetoftax": 492000000
    },
    {
        "date": "2022-06-29",
        "symbol": "OTIS",
        "period": "Q2",
        "revenuefromcontractwithcustomerexcludingassessedtax": 1534000000,
        "costofgoodsandservicessold": 1291000000,
        "researchanddevelopmentexpense": 38000000,
        "sellinggeneralandadministrativeexpense": 439000000,
        "costsandexpenses": 2982000000,
        "otheroperatingincomeexpensenet": -19000000,
        "operatingincomeloss": 487000000,
        "netperiodicdefinedbenefitsexpensereversalofexpenseexcludingservicecostcomponent": 1000000,
        "interestincomeexpensenet": -35000000,
        "incomelossfromcontinuingoperationsbeforeincometaxesextraordinaryitemsnoncontrollinginterest": 451000000,
        "incometaxexpensebenefit": 103000000,
        "profitloss": 348000000,
        "netincomelossattributabletononcontrollinginterest": 27000000,
        "netincomeloss": 321000000,
        "earningspersharebasic": 0.76,
        "earningspersharediluted": 0.76,
        "weightedaveragenumberofsharesoutstandingbasic": 421400000,
        "weightedaveragenumberofdilutedsharesoutstanding": 424200000,
        "othercomprehensiveincomelossforeigncurrencytransactionandtranslationadjustmentnetoftax": -95000000,
        "othercomprehensiveincomelosspensionandotherpostretirementbenefitplansadjustmentnetoftax": -2000000,
        "othercomprehensiveincomelossnetoftax": -93000000,
        "comprehensiveincomenetoftaxincludingportionattributabletononcontrollinginterest": 255000000,
        "comprehensiveincomenetoftaxattributabletononcontrollinginterest": -14000000,
        "comprehensiveincomenetoftax": 269000000
    },
    {
        "date": "2022-03-30",
        "symbol": "OTIS",
        "period": "Q1",
        "revenuefromcontractwithcustomerexcludingassessedtax": 1422000000,
        "costofgoodsandservicessold": 1190000000,
        "researchanddevelopmentexpense": 37000000,
        "sellinggeneralandadministrativeexpense": 459000000,
        "costsandexpenses": 2904000000,
        "otheroperatingincomeexpensenet": 16000000,
        "operatingincomeloss": 526000000,
        "interestincomeexpensenet": -37000000,
        "incomelossfromcontinuingoperationsbeforeincometaxesextraordinaryitemsnoncontrollinginterest": 489000000,
        "incometaxexpensebenefit": 136000000,
        "profitloss": 353000000,
        "netincomelossattributabletononcontrollinginterest": 42000000,
        "netincomeloss": 311000000,
        "earningspersharebasic": 0.73,
        "earningspersharediluted": 0.73,
        "weightedaveragenumberofsharesoutstandingbasic": 424200000,
        "weightedaveragenumberofdilutedsharesoutstanding": 427700000,
        "othercomprehensiveincomelosspensionandotherpostretirementbenefitplansadjustmentnetoftax": -2000000,
        "othercomprehensiveincomelossnetoftax": 2000000,
        "comprehensiveincomenetoftaxincludingportionattributabletononcontrollinginterest": 355000000,
        "comprehensiveincomenetoftaxattributabletononcontrollinginterest": -23000000,
        "comprehensiveincomenetoftax": 378000000
    },
    {
        "date": "2021-12-30",
        "symbol": "OTIS",
        "period": "Q4",
        "revenuefromcontractwithcustomerexcludingassessedtax": 1562000000,
        "costofgoodsandservicessold": 1307000000,
        "researchanddevelopmentexpense": 46000000,
        "sellinggeneralandadministrativeexpense": 503000000,
        "costsandexpenses": 3079000000,
        "operatingincomeloss": 496000000,
        "netperiodicdefinedbenefitsexpensereversalofexpenseexcludingservicecostcomponent": 5000000,
        "interestincomeexpensenet": -44000000,
        "incomelossfromcontinuingoperationsbeforeincometaxesextraordinaryitemsnoncontrollinginterest": 447000000,
        "incometaxexpensebenefit": 137000000,
        "profitloss": 310000000,
        "netincomelossattributabletononcontrollinginterest": 29000000,
        "netincomeloss": 281000000,
        "earningspersharebasic": 0.6599999999999999,
        "earningspersharediluted": 0.6599999999999999,
        "othercomprehensiveincomelossforeigncurrencytransactionandtranslationadjustmentnetoftax": -14000000,
        "othercomprehensiveincomelosspensionandotherpostretirementbenefitplansadjustmentnetoftax": -64000000,
        "othercomprehensiveincomelosscashflowhedgegainlossafterreclassificationandtax": 2000000,
        "othercomprehensiveincomelossnetoftax": 52000000,
        "comprehensiveincomenetoftaxincludingportionattributabletononcontrollinginterest": 362000000,
        "comprehensiveincomenetoftaxattributabletononcontrollinginterest": 17000000,
        "comprehensiveincomenetoftax": 345000000
    },
    {
        "date": "2021-09-29",
        "symbol": "OTIS",
        "period": "Q3",
        "revenuefromcontractwithcustomerexcludingassessedtax": 1681000000,
        "costofgoodsandservicessold": 1381000000,
        "researchanddevelopmentexpense": 39000000,
        "sellinggeneralandadministrativeexpense": 479000000,
        "costsandexpenses": 3078000000,
        "otheroperatingincomeexpensenet": 0,
        "operatingincomeloss": 542000000,
        "netperiodicdefinedbenefitsexpensereversalofexpenseexcludingservicecostcomponent": 2000000,
        "interestincomeexpensenet": -33000000,
        "incomelossfromcontinuingoperationsbeforeincometaxesextraordinaryitemsnoncontrollinginterest": 507000000,
        "incometaxexpensebenefit": 128000000,
        "profitloss": 379000000,
        "netincomelossattributabletononcontrollinginterest": 48000000,
        "netincomeloss": 331000000,
        "earningspersharebasic": 0.78,
        "earningspersharediluted": 0.76,
        "othercomprehensiveincomelossforeigncurrencytransactionandtranslationadjustmentnetoftax": -37000000,
        "othercomprehensiveincomelosspensionandotherpostretirementbenefitplansadjustmentnetoftax": -4000000,
        "othercomprehensiveincomelosscashflowhedgegainlossafterreclassificationandtax": 4000000,
        "othercomprehensiveincomelossnetoftax": -29000000,
        "comprehensiveincomenetoftaxincludingportionattributabletononcontrollinginterest": 350000000,
        "comprehensiveincomenetoftaxattributabletononcontrollinginterest": 43000000,
        "comprehensiveincomenetoftax": 307000000
    },
    {
        "date": "2021-06-29",
        "symbol": "OTIS",
        "period": "Q2",
        "revenuefromcontractwithcustomerexcludingassessedtax": 1727000000,
        "costofgoodsandservicessold": 1418000000,
        "researchanddevelopmentexpense": 39000000,
        "sellinggeneralandadministrativeexpense": 484000000,
        "costsandexpenses": 3149000000,
        "otheroperatingincomeexpensenet": 9000000,
        "operatingincomeloss": 561000000,
        "netperiodicdefinedbenefitsexpensereversalofexpenseexcludingservicecostcomponent": 2000000,
        "interestincomeexpensenet": -27000000,
        "incomelossfromcontinuingoperationsbeforeincometaxesextraordinaryitemsnoncontrollinginterest": 532000000,
        "incometaxexpensebenefit": 153000000,
        "profitloss": 379000000,
        "netincomelossattributabletononcontrollinginterest": 53000000,
        "netincomeloss": 326000000,
        "earningspersharebasic": 0.76,
        "earningspersharediluted": 0.76,
        "weightedaveragenumberofsharesoutstandingbasic": 427900000,
        "weightedaveragenumberofdilutedsharesoutstanding": 431600000,
        "othercomprehensiveincomelossforeigncurrencytransactionandtranslationadjustmentnetoftax": 20000000,
        "othercomprehensiveincomelosspensionandotherpostretirementbenefitplansadjustmentnetoftax": -3000000,
        "othercomprehensiveincomelosscashflowhedgegainlossafterreclassificationandtax": 1000000,
        "othercomprehensiveincomelossnetoftax": 24000000,
        "comprehensiveincomenetoftaxincludingportionattributabletononcontrollinginterest": 403000000,
        "comprehensiveincomenetoftaxattributabletononcontrollinginterest": 57000000,
        "comprehensiveincomenetoftax": 346000000
    },
    {
        "date": "2021-03-30",
        "symbol": "OTIS",
        "period": "Q1",
        "revenuefromcontractwithcustomerexcludingassessedtax": 1458000000,
        "costofgoodsandservicessold": 1187000000,
        "researchanddevelopmentexpense": 35000000,
        "sellinggeneralandadministrativeexpense": 482000000,
        "costsandexpenses": 2906000000,
        "otheroperatingincomeexpensenet": 7000000,
        "operatingincomeloss": 509000000,
        "netperiodicdefinedbenefitsexpensereversalofexpenseexcludingservicecostcomponent": 2000000,
        "interestincomeexpensenet": -32000000,
        "incomelossfromcontinuingoperationsbeforeincometaxesextraordinaryitemsnoncontrollinginterest": 475000000,
        "incometaxexpensebenefit": 123000000,
        "profitloss": 352000000,
        "netincomelossattributabletononcontrollinginterest": 44000000,
        "netincomeloss": 308000000,
        "earningspersharebasic": 0.71,
        "earningspersharediluted": 0.71,
        "othercomprehensiveincomelossforeigncurrencytransactionandtranslationadjustmentnetoftax": -22000000,
        "othercomprehensiveincomelosspensionandotherpostretirementbenefitplansadjustmentnetoftax": -4000000,
        "othercomprehensiveincomelosscashflowhedgegainlossafterreclassificationandtax": -4000000,
        "othercomprehensiveincomelossnetoftax": -22000000,
        "comprehensiveincomenetoftaxincludingportionattributabletononcontrollinginterest": 330000000,
        "comprehensiveincomenetoftaxattributabletononcontrollinginterest": 30000000,
        "comprehensiveincomenetoftax": 300000000
    },
    {
        "date": "2020-12-30",
        "symbol": "OTIS",
        "period": "Q4",
        "costofgoodsandservicessold": 1281000000,
        "researchanddevelopmentexpense": 40000000,
        "sellinggeneralandadministrativeexpense": 537000000,
        "costsandexpenses": 3058000000,
        "otheroperatingincomeexpensenet": 5000000,
        "operatingincomeloss": 440000000,
        "netperiodicdefinedbenefitsexpensereversalofexpenseexcludingservicecostcomponent": 6000000,
        "incomelossfromcontinuingoperationsbeforeincometaxesextraordinaryitemsnoncontrollinginterest": 397000000,
        "incometaxexpensebenefit": 118000000,
        "profitloss": 279000000,
        "netincomelossattributabletononcontrollinginterest": 28000000,
        "othercomprehensiveincomelossforeigncurrencytransactionandtranslationadjustmentnetoftax": 64000000,
        "othercomprehensiveincomelosspensionandotherpostretirementbenefitplansadjustmentnetoftax": 43000000,
        "othercomprehensiveincomelosscashflowhedgegainlossafterreclassificationandtax": 2000000,
        "othercomprehensiveincomelossnetoftax": 23000000,
        "comprehensiveincomenetoftaxincludingportionattributabletononcontrollinginterest": 302000000,
        "comprehensiveincomenetoftaxattributabletononcontrollinginterest": 47000000,
        "comprehensiveincomenetoftax": 255000000
    },
    {
        "date": "2020-09-29",
        "symbol": "OTIS",
        "period": "Q3",
        "revenuefromcontractwithcustomerexcludingassessedtax": 1423000000,
        "costofgoodsandservicessold": 1172000000,
        "researchanddevelopmentexpense": 37000000,
        "sellinggeneralandadministrativeexpense": 481000000,
        "costsandexpenses": 2807000000,
        "otheroperatingincomeexpensenet": -7000000,
        "operatingincomeloss": 454000000,
        "netperiodicdefinedbenefitsexpensereversalofexpenseexcludingservicecostcomponent": 2000000,
        "interestincomeexpensenet": -39000000,
        "incomelossfromcontinuingoperationsbeforeincometaxesextraordinaryitemsnoncontrollinginterest": 413000000,
        "incometaxexpensebenefit": 103000000,
        "profitloss": 310000000,
        "netincomelossattributabletononcontrollinginterest": 44000000,
        "netincomeloss": 266000000,
        "earningspersharebasic": 0.61,
        "earningspersharediluted": 0.61,
        "othercomprehensiveincomelossforeigncurrencytransactionandtranslationadjustmentnetoftax": 28000000,
        "othercomprehensiveincomelosspensionandotherpostretirementbenefitplansadjustmentnetoftax": -3000000,
        "othercomprehensiveincomelosscashflowhedgegainlossafterreclassificationandtax": 6000000,
        "othercomprehensiveincomelossnetoftax": 37000000,
        "comprehensiveincomenetoftaxincludingportionattributabletononcontrollinginterest": 347000000,
        "comprehensiveincomenetoftaxattributabletononcontrollinginterest": 57000000,
        "comprehensiveincomenetoftax": 290000000
    },
    {
        "date": "2020-06-29",
        "symbol": "OTIS",
        "period": "Q2",
        "revenuefromcontractwithcustomerexcludingassessedtax": 1294000000,
        "costofgoodsandservicessold": 1072000000,
        "researchanddevelopmentexpense": 37000000,
        "sellinggeneralandadministrativeexpense": 441000000,
        "costsandexpenses": 2616000000,
        "otheroperatingincomeexpensenet": 3000000,
        "operatingincomeloss": 416000000,
        "netperiodicdefinedbenefitsexpensereversalofexpenseexcludingservicecostcomponent": 1000000,
        "interestincomeexpensenet": -41000000,
        "incomelossfromcontinuingoperationsbeforeincometaxesextraordinaryitemsnoncontrollinginterest": 374000000,
        "incometaxexpensebenefit": 109000000,
        "profitloss": 265000000,
        "netincomelossattributabletononcontrollinginterest": 41000000,
        "netincomeloss": 224000000,
        "earningspersharebasic": 0.52,
        "earningspersharediluted": 0.52,
        "othercomprehensiveincomelossforeigncurrencytransactionandtranslationadjustmentnetoftax": 38000000,
        "othercomprehensiveincomelosspensionandotherpostretirementbenefitplansadjustmentnetoftax": -3000000,
        "othercomprehensiveincomelosscashflowhedgegainlossafterreclassificationandtax": -12000000,
        "othercomprehensiveincomelossnetoftax": 29000000,
        "comprehensiveincomenetoftaxincludingportionattributabletononcontrollinginterest": 294000000,
        "comprehensiveincomenetoftaxattributabletononcontrollinginterest": 51000000,
        "comprehensiveincomenetoftax": 243000000
    },
    {
        "date": "2020-03-30",
        "symbol": "OTIS",
        "period": "Q1",
        "revenues": 1123000000,
        "costofgoodsandservicessold": 914000000,
        "researchanddevelopmentexpense": 38000000,
        "sellinggeneralandadministrativeexpense": 465000000,
        "costsandexpenses": 2572000000,
        "otheroperatingincomeexpensenet": -65000000,
        "operatingincomeloss": 329000000,
        "netperiodicdefinedbenefitsexpensereversalofexpenseexcludingservicecostcomponent": -3000000,
        "interestexpense": 5000000,
        "incomelossfromcontinuingoperationsbeforeincometaxesextraordinaryitemsnoncontrollinginterest": 327000000,
        "incometaxexpensebenefit": 125000000,
        "profitloss": 202000000,
        "netincomelossattributabletononcontrollinginterest": 37000000,
        "earningspersharebasicanddiluted": 0.38,
        "weightedaveragenumberofshareoutstandingbasicanddiluted": 433100000,
        "othercomprehensiveincomelossforeigncurrencytransactionandtranslationadjustmentnetoftax": -122000000,
        "othercomprehensiveincomelosspensionandotherpostretirementbenefitplansadjustmentnetoftax": -1000000,
        "othercomprehensiveincomelosscashflowhedgegainlossafterreclassificationandtax": 11000000,
        "othercomprehensiveincomelossnetoftax": -110000000,
        "comprehensiveincomenetoftaxincludingportionattributabletononcontrollinginterest": 92000000,
        "comprehensiveincomenetoftaxattributabletononcontrollinginterest": 31000000,
        "comprehensiveincomenetoftax": 61000000
    }
]