[
    {
        "date": "2024-10-30",
        "symbol": "ADSK",
        "period": "Q3",
        "revenuefromcontractwithcustomerexcludingassessedtax": 9000000,
        "costofgoodsandservicessold": 105000000,
        "costofgoodsandservicessoldamortization": 23000000,
        "costofrevenue": 147000000,
        "grossprofit": 1423000000,
        "sellingandmarketingexpense": 525000000,
        "researchanddevelopmentexpense": 378000000,
        "generalandadministrativeexpense": 161000000,
        "amortizationofintangibleassets": 13000000,
        "operatingexpenses": 1077000000,
        "operatingincomeloss": 346000000,
        "interestincomeexpensenonoperatingnet": 5000000,
        "incomelossfromcontinuingoperationsbeforeincometaxesextraordinaryitemsnoncontrollinginterest": 351000000,
        "incometaxexpensebenefit": 76000000,
        "netincomeloss": 275000000,
        "earningspersharebasic": 1.28,
        "earningspersharediluted": 1.27,
        "weightedaveragenumberofsharesoutstandingbasic": 215000000,
        "weightedaveragenumberofdilutedsharesoutstanding": 217000000,
        "othercomprehensiveincomelosscashflowhedgegainlossafterreclassificationandtaxparent": -12000000,
        "othercomprehensiveincomeavailableforsalesecuritiesadjustmentnetoftaxportionattributabletoparent": -2000000,
        "othercomprehensiveincomeforeigncurrencytransactionandtranslationadjustmentnetoftaxportionattributabletoparent": 3000000,
        "othercomprehensiveincomelossnetoftaxportionattributabletoparent": -11000000,
        "comprehensiveincomenetoftax": 264000000,
        "othercomprehensiveincomelosscashflowhedgegainlossafterreclassificationtaxparent": 2000000,
        "othercomprehensiveincomeforeigncurrencytranslationadjustmenttaxportionattributabletoparent": -1000000
    },
    {
        "date": "2024-07-30",
        "symbol": "ADSK",
        "period": "Q2",
        "revenuefromcontractwithcustomerexcludingassessedtax": 11000000,
        "costofgoodsandservicessold": 100000000,
        "costofgoodsandservicessoldamortization": 22000000,
        "costofrevenue": 140000000,
        "grossprofit": 1365000000,
        "sellingandmarketingexpense": 480000000,
        "researchanddevelopmentexpense": 368000000,
        "generalandadministrativeexpense": 161000000,
        "amortizationofintangibleassets": 13000000,
        "operatingexpenses": 1022000000,
        "operatingincomeloss": 343000000,
        "interestincomeexpensenonoperatingnet": 9000000,
        "incomelossfromcontinuingoperationsbeforeincometaxesextraordinaryitemsnoncontrollinginterest": 352000000,
        "incometaxexpensebenefit": 70000000,
        "netincomeloss": 282000000,
        "earningspersharebasic": 1.31,
        "earningspersharediluted": 1.3,
        "weightedaveragenumberofsharesoutstandingbasic": 216000000,
        "weightedaveragenumberofdilutedsharesoutstanding": 217000000,
        "othercomprehensiveincomelosscashflowhedgegainlossafterreclassificationandtaxparent": -5000000,
        "othercomprehensiveincomeavailableforsalesecuritiesadjustmentnetoftaxportionattributabletoparent": 3000000,
        "othercomprehensiveincomeforeigncurrencytransactionandtranslationadjustmentnetoftaxportionattributabletoparent": 16000000,
        "othercomprehensiveincomelossnetoftaxportionattributabletoparent": 14000000,
        "comprehensiveincomenetoftax": 296000000,
        "othercomprehensiveincomelosscashflowhedgegainlossafterreclassificationtaxparent": 1000000
    },
    {
        "date": "2024-04-29",
        "symbol": "ADSK",
        "period": "Q1",
        "revenuefromcontractwithcustomerexcludingassessedtax": 1330000000,
        "costofgoodsandservicessold": 100000000,
        "costofgoodsandservicessoldamortization": 17000000,
        "costofrevenue": 137000000,
        "grossprofit": 1280000000,
        "sellingandmarketingexpense": 469000000,
        "researchanddevelopmentexpense": 346000000,
        "generalandadministrativeexpense": 155000000,
        "amortizationofintangibleassets": 11000000,
        "operatingexpenses": 981000000,
        "operatingincomeloss": 299000000,
        "interestincomeexpensenet": 10000000,
        "incomelossfromcontinuingoperationsbeforeincometaxesextraordinaryitemsnoncontrollinginterest": 309000000,
        "incometaxexpensebenefit": 57000000,
        "netincomeloss": 252000000,
        "earningspersharebasic": 1.17,
        "earningspersharediluted": 1.16,
        "weightedaveragenumberofsharesoutstandingbasic": 215000000,
        "weightedaveragenumberofdilutedsharesoutstanding": 217000000,
        "othercomprehensiveincomelosscashflowhedgegainlossafterreclassificationandtaxparent": 2000000,
        "othercomprehensiveincomeavailableforsalesecuritiesadjustmentnetoftaxportionattributabletoparent": -2000000,
        "othercomprehensiveincomeforeigncurrencytransactionandtranslationadjustmentnetoftaxportionattributabletoparent": -29000000,
        "othercomprehensiveincomelossnetoftaxportionattributabletoparent": -29000000,
        "comprehensiveincomenetoftax": 223000000
    },
    {
        "date": "2023-10-30",
        "symbol": "ADSK",
        "period": "Q3",
        "revenuefromcontractwithcustomerexcludingassessedtax": 3654000000,
        "costofgoodsandservicessold": 244000000,
        "costofgoodsandservicessoldamortization": 12000000,
        "costofrevenue": 127000000,
        "grossprofit": 1287000000,
        "sellingandmarketingexpense": 439000000,
        "researchanddevelopmentexpense": 339000000,
        "generalandadministrativeexpense": 165000000,
        "amortizationofintangibleassets": 10000000,
        "operatingexpenses": 953000000,
        "operatingincomeloss": 334000000,
        "interestincomeexpensenet": -14000000,
        "incomelossfromcontinuingoperationsbeforeincometaxesextraordinaryitemsnoncontrollinginterest": 320000000,
        "incometaxexpensebenefit": 79000000,
        "netincomeloss": 241000000,
        "earningspersharebasic": 1.13,
        "earningspersharediluted": 1.11,
        "weightedaveragenumberofsharesoutstandingbasic": 214000000,
        "weightedaveragenumberofdilutedsharesoutstanding": 216000000,
        "othercomprehensiveincomelosscashflowhedgegainlossafterreclassificationandtaxparent": 4000000,
        "othercomprehensiveincomeavailableforsalesecuritiesadjustmentnetoftaxportionattributabletoparent": -1000000,
        "othercomprehensiveincomeforeigncurrencytransactionandtranslationadjustmentnetoftaxportionattributabletoparent": -62000000,
        "othercomprehensiveincomelossnetoftaxportionattributabletoparent": -70000000,
        "comprehensiveincomenetoftax": 182000000,
        "othercomprehensiveincomelosscashflowhedgegainlossafterreclassificationtaxparent": 0
    },
    {
        "date": "2023-07-30",
        "symbol": "ADSK",
        "period": "Q2",
        "revenuefromcontractwithcustomerexcludingassessedtax": 61000000,
        "costofgoodsandservicessold": 21000000,
        "costofgoodsandservicessoldamortization": 11000000,
        "costofrevenue": 127000000,
        "grossprofit": 1218000000,
        "sellingandmarketingexpense": 449000000,
        "researchanddevelopmentexpense": 355000000,
        "generalandadministrativeexpense": 141000000,
        "amortizationofintangibleassets": 11000000,
        "operatingexpenses": 956000000,
        "operatingincomeloss": 262000000,
        "interestincomeexpensenet": -4000000,
        "incomelossfromcontinuingoperationsbeforeincometaxesextraordinaryitemsnoncontrollinginterest": 258000000,
        "incometaxexpensebenefit": 36000000,
        "netincomeloss": 222000000,
        "earningspersharebasic": 1.04,
        "earningspersharediluted": 1.03,
        "weightedaveragenumberofsharesoutstandingbasic": 214000000,
        "weightedaveragenumberofdilutedsharesoutstanding": 215000000,
        "othercomprehensiveincomelosscashflowhedgegainlossafterreclassificationandtaxparent": -13000000,
        "othercomprehensiveincomeavailableforsalesecuritiesadjustmentnetoftaxportionattributabletoparent": -3000000,
        "othercomprehensiveincomeforeigncurrencytransactionandtranslationadjustmentnetoftaxportionattributabletoparent": 18000000,
        "othercomprehensiveincomelossnetoftaxportionattributabletoparent": 2000000,
        "comprehensiveincomenetoftax": 224000000,
        "othercomprehensiveincomelosscashflowhedgegainlossafterreclassificationtaxparent": 1000000
    },
    {
        "date": "2023-04-29",
        "symbol": "ADSK",
        "period": "Q1",
        "revenuefromcontractwithcustomerexcludingassessedtax": 62000000,
        "costofgoodsandservicessold": 20000000,
        "costofgoodsandservicessoldamortization": 11000000,
        "costofrevenue": 127000000,
        "grossprofit": 1142000000,
        "sellingandmarketingexpense": 456000000,
        "researchanddevelopmentexpense": 327000000,
        "generalandadministrativeexpense": 132000000,
        "amortizationofintangibleassets": 10000000,
        "operatingexpenses": 925000000,
        "operatingincomeloss": 217000000,
        "interestincomeexpensenet": 4000000,
        "incomelossfromcontinuingoperationsbeforeincometaxesextraordinaryitemsnoncontrollinginterest": 221000000,
        "incometaxexpensebenefit": 60000000,
        "netincomeloss": 161000000,
        "earningspersharebasic": 0.75,
        "earningspersharediluted": 0.75,
        "weightedaveragenumberofsharesoutstandingbasic": 215000000,
        "weightedaveragenumberofdilutedsharesoutstanding": 216000000,
        "othercomprehensiveincomelosscashflowhedgegainlossafterreclassificationandtaxparent": -13000000,
        "othercomprehensiveincomeavailableforsalesecuritiesadjustmentnetoftaxportionattributabletoparent": 2000000,
        "othercomprehensiveincomeforeigncurrencytransactionandtranslationadjustmentnetoftaxportionattributabletoparent": -4000000,
        "othercomprehensiveincomelossnetoftaxportionattributabletoparent": -4000000,
        "comprehensiveincomenetoftax": 146000000,
        "othercomprehensiveincomelosscashflowhedgegainlossafterreclassificationtaxparent": 2000000,
        "othercomprehensiveincomeforeigncurrencytranslationadjustmenttaxportionattributabletoparent": 5000000
    },
    {
        "date": "2022-10-30",
        "symbol": "ADSK",
        "period": "Q3",
        "revenuefromcontractwithcustomerexcludingassessedtax": 3314000000,
        "costofgoodsandservicessold": 213000000,
        "costofgoodsandservicessoldamortization": 15000000,
        "costofrevenue": 120000000,
        "grossprofit": 1160000000,
        "sellingandmarketingexpense": 454000000,
        "researchanddevelopmentexpense": 311000000,
        "generalandadministrativeexpense": 129000000,
        "amortizationofintangibleassets": 10000000,
        "operatingexpenses": 904000000,
        "operatingincomeloss": 256000000,
        "interestincomeexpensenet": -14000000,
        "incomelossfromcontinuingoperationsbeforeincometaxesextraordinaryitemsnoncontrollinginterest": 242000000,
        "incometaxexpensebenefit": 44000000,
        "netincomeloss": 198000000,
        "earningspersharebasic": 0.91,
        "earningspersharediluted": 0.91,
        "weightedaveragenumberofsharesoutstandingbasic": -217000000,
        "weightedaveragenumberofdilutedsharesoutstanding": -219000000,
        "othercomprehensiveincomeavailableforsalesecuritiesadjustmentnetoftaxportionattributabletoparent": 0,
        "othercomprehensiveincomeforeigncurrencytransactionandtranslationadjustmentnetoftaxportionattributabletoparent": -64000000,
        "othercomprehensiveincomelossnetoftaxportionattributabletoparent": 13000000,
        "comprehensiveincomenetoftax": 160000000,
        "othercomprehensiveincomelosscashflowhedgegainlossafterreclassificationtaxparent": -5000000
    },
    {
        "date": "2022-07-30",
        "symbol": "ADSK",
        "period": "Q2",
        "revenuefromcontractwithcustomerexcludingassessedtax": 60000000,
        "costofgoodsandservicessold": 21000000,
        "costofgoodsandservicessoldamortization": 15000000,
        "costofrevenue": 119000000,
        "grossprofit": 1118000000,
        "sellingandmarketingexpense": 433000000,
        "researchanddevelopmentexpense": 306000000,
        "generalandadministrativeexpense": 128000000,
        "amortizationofintangibleassets": 9000000,
        "operatingexpenses": 876000000,
        "operatingincomeloss": 242000000,
        "interestincomeexpensenet": -10000000,
        "incomelossfromcontinuingoperationsbeforeincometaxesextraordinaryitemsnoncontrollinginterest": 232000000,
        "incometaxexpensebenefit": 46000000,
        "netincomeloss": 186000000,
        "earningspersharebasic": 0.86,
        "earningspersharediluted": 0.85,
        "weightedaveragenumberofsharesoutstandingbasic": 217000000,
        "weightedaveragenumberofdilutedsharesoutstanding": 218000000,
        "othercomprehensiveincomelosscashflowhedgegainlossafterreclassificationandtax": 18000000,
        "othercomprehensiveincomeavailableforsalesecuritiesadjustmentnetoftaxportionattributabletoparent": 4000000,
        "othercomprehensiveincomelosspensionandotherpostretirementbenefitplansadjustmentnetoftax": -3000000,
        "othercomprehensiveincomeforeigncurrencytransactionandtranslationadjustmentnetoftaxportionattributabletoparent": -46000000,
        "othercomprehensiveincomelossnetoftaxportionattributabletoparent": -21000000,
        "comprehensiveincomenetoftax": 165000000,
        "othercomprehensiveincomelosscashflowhedgegainlossafterreclassificationtaxparent": -4000000,
        "othercomprehensiveincomeforeigncurrencytranslationgainlossarisingduringperiodtax": 1000000
    },
    {
        "date": "2022-04-29",
        "symbol": "ADSK",
        "period": "Q1",
        "revenuefromcontractwithcustomerexcludingassessedtax": 63000000,
        "costofgoodsandservicessold": 19000000,
        "costofgoodsandservicessoldamortization": 14000000,
        "costofrevenue": 117000000,
        "grossprofit": 1053000000,
        "sellingandmarketingexpense": 419000000,
        "researchanddevelopmentexpense": 289000000,
        "generalandadministrativeexpense": 120000000,
        "amortizationofintangibleassets": 11000000,
        "operatingexpenses": 839000000,
        "operatingincomeloss": 214000000,
        "interestincomeexpensenet": -19000000,
        "incomelossfromcontinuingoperationsbeforeincometaxesextraordinaryitemsnoncontrollinginterest": 195000000,
        "incometaxexpensebenefit": 49000000,
        "netincomeloss": 146000000,
        "earningspersharebasic": 0.67,
        "earningspersharediluted": 0.67,
        "weightedaveragenumberofsharesoutstandingbasic": 217000000,
        "weightedaveragenumberofdilutedsharesoutstanding": 219000000,
        "othercomprehensiveincomelosscashflowhedgegainlossafterreclassificationandtax": 55000000,
        "othercomprehensiveincomeavailableforsalesecuritiesadjustmentnetoftaxportionattributabletoparent": -1000000,
        "othercomprehensiveincomelosspensionandotherpostretirementbenefitplansadjustmentnetoftax": 3000000,
        "othercomprehensiveincomeforeigncurrencytransactionandtranslationadjustmentnetoftaxportionattributabletoparent": -75000000,
        "othercomprehensiveincomelossnetoftaxportionattributabletoparent": -75000000,
        "comprehensiveincomenetoftax": 122000000,
        "othercomprehensiveincomelosscashflowhedgegainlossafterreclassificationtaxparent": -8000000
    },
    {
        "date": "2022-01-30",
        "symbol": "ADSK",
        "period": "Q4",
        "revenuefromcontractwithcustomerexcludingassessedtax": 4070100000,
        "costofgoodsandservicessold": 251500000,
        "costofgoodsandservicessoldamortization": 14400000,
        "costofrevenue": 113200000,
        "grossprofit": 1098400000,
        "sellingandmarketingexpense": 427800000,
        "researchanddevelopmentexpense": 290300000,
        "generalandadministrativeexpense": 227600000,
        "amortizationofintangibleassets": 10300000,
        "operatingexpenses": 956000000,
        "operatingincomeloss": 142400000,
        "interestincomeexpensenet": -35300000,
        "incometaxexpensebenefit": 18000000,
        "netincomeloss": 89100000,
        "earningspersharebasic": 0.3999999999999997,
        "earningspersharediluted": 0.41000000000000036,
        "weightedaveragenumberofsharesoutstandingbasic": -439700000,
        "weightedaveragenumberofdilutedsharesoutstanding": -445000000,
        "othercomprehensiveincomelosscashflowhedgegainlossafterreclassificationandtax": 10000000,
        "othercomprehensiveincomeavailableforsalesecuritiesadjustmentnetoftaxportionattributabletoparent": 4700000,
        "othercomprehensiveincomelosspensionandotherpostretirementbenefitplansadjustmentnetoftax": -4400000,
        "othercomprehensiveincomeforeigncurrencytransactionandtranslationadjustmentnetoftaxportionattributabletoparent": -40700000,
        "othercomprehensiveincomelossnetoftaxportionattributabletoparent": -7500000,
        "comprehensiveincomenetoftax": 67500000,
        "othercomprehensiveincomeforeigncurrencytranslationgainlossarisingduringperiodtax": 1200000
    },
    {
        "date": "2021-10-30",
        "symbol": "ADSK",
        "period": "Q3",
        "revenuefromcontractwithcustomerexcludingassessedtax": 37500000,
        "costofgoodsandservicessold": 17700000,
        "costofgoodsandservicessoldamortization": 14600000,
        "costofrevenue": 107100000,
        "grossprofit": 1018700000,
        "sellingandmarketingexpense": 419400000,
        "researchanddevelopmentexpense": 282100000,
        "generalandadministrativeexpense": 112800000,
        "amortizationofintangibleassets": 11100000,
        "operatingexpenses": 825400000,
        "operatingincomeloss": 193300000,
        "interestincomeexpensenet": -5900000,
        "incomelossfromcontinuingoperationsbeforeincometaxesextraordinaryitemsnoncontrollinginterest": 187400000,
        "incometaxexpensebenefit": 50700000,
        "netincomeloss": 136700000,
        "earningspersharebasic": 0.62,
        "earningspersharediluted": 0.61,
        "weightedaveragenumberofsharesoutstandingbasic": 220000000,
        "weightedaveragenumberofdilutedsharesoutstanding": 222500000,
        "othercomprehensiveincomelosscashflowhedgegainlossafterreclassificationandtax": 18800000,
        "othercomprehensiveincomeavailableforsalesecuritiesadjustmentnetoftaxportionattributabletoparent": -700000,
        "othercomprehensiveincomelosspensionandotherpostretirementbenefitplansadjustmentnetoftax": -100000,
        "othercomprehensiveincomeforeigncurrencytransactionandtranslationadjustmentnetoftaxportionattributabletoparent": -7200000,
        "othercomprehensiveincomelossnetoftaxportionattributabletoparent": 11000000,
        "comprehensiveincomenetoftax": 147700000,
        "othercomprehensiveincomelosscashflowhedgegainlossafterreclassificationtax": -3300000,
        "othercomprehensiveincomeforeigncurrencytranslationgainlossarisingduringperiodtax": -300000
    },
    {
        "date": "2021-07-30",
        "symbol": "ADSK",
        "period": "Q2",
        "revenuefromcontractwithcustomerexcludingassessedtax": 26100000,
        "costofgoodsandservicessold": 15800000,
        "costofgoodsandservicessoldamortization": 13600000,
        "costofrevenue": 105400000,
        "grossprofit": 954300000,
        "sellingandmarketingexpense": 398800000,
        "researchanddevelopmentexpense": 276900000,
        "generalandadministrativeexpense": 119400000,
        "amortizationofintangibleassets": 11100000,
        "operatingexpenses": 806200000,
        "operatingincomeloss": 148100000,
        "interestincomeexpensenet": -9300000,
        "incomelossfromcontinuingoperationsbeforeincometaxesminorityinterestandincomelossfromequitymethodinvestments": 138800000,
        "incometaxexpensebenefit": 23200000,
        "netincomeloss": 115600000,
        "earningspersharebasic": 0.53,
        "earningspersharediluted": 0.52,
        "weightedaveragenumberofsharesoutstandingbasic": 219800000,
        "weightedaveragenumberofdilutedsharesoutstanding": 222500000,
        "othercomprehensiveincomelosscashflowhedgegainlossafterreclassificationandtax": 9500000,
        "othercomprehensiveincomeavailableforsalesecuritiesadjustmentnetoftaxportionattributabletoparent": 3800000,
        "othercomprehensiveincomelosspensionandotherpostretirementbenefitplansadjustmentnetoftax": -100000,
        "othercomprehensiveincomeforeigncurrencytransactionandtranslationadjustmentnetoftaxportionattributabletoparent": -25100000,
        "othercomprehensiveincomelossnetoftaxportionattributabletoparent": -11700000,
        "comprehensiveincomenetoftax": 103900000,
        "othercomprehensiveincomelosscashflowhedgegainlossafterreclassificationtax": -1700000,
        "othercomprehensiveincomeforeigncurrencytranslationgainlossarisingduringperiodtax": 1200000
    },
    {
        "date": "2021-04-29",
        "symbol": "ADSK",
        "period": "Q1",
        "revenuefromcontractwithcustomerexcludingassessedtax": 22700000,
        "costofgoodsandservicessold": 14100000,
        "costofgoodsandservicessoldamortization": 10200000,
        "costofrevenue": 92800000,
        "grossprofit": 896500000,
        "sellingandmarketingexpense": 377100000,
        "researchanddevelopmentexpense": 265500000,
        "generalandadministrativeexpense": 111900000,
        "amortizationofintangibleassets": 8199999.999999999,
        "operatingexpenses": 762700000,
        "operatingincomeloss": 133800000.00000001,
        "interestincomeexpensenet": -2400000,
        "incomelossfromcontinuingoperationsbeforeincometaxesminorityinterestandincomelossfromequitymethodinvestments": 131400000,
        "incometaxexpensebenefit": -24200000,
        "netincomeloss": 155600000,
        "earningspersharebasic": 0.71,
        "earningspersharediluted": 0.7,
        "weightedaveragenumberofsharesoutstandingbasic": 219600000,
        "weightedaveragenumberofdilutedsharesoutstanding": 222000000,
        "othercomprehensiveincomelosscashflowhedgegainlossafterreclassificationandtax": 10000000,
        "othercomprehensiveincomeavailableforsalesecuritiesadjustmentnetoftaxportionattributabletoparent": 4000000,
        "othercomprehensiveincomelosspensionandotherpostretirementbenefitplansadjustmentnetoftax": -100000,
        "othercomprehensiveincomeforeigncurrencytransactionandtranslationadjustmentnetoftaxportionattributabletoparent": 10100000,
        "othercomprehensiveincomelossnetoftaxportionattributabletoparent": 10100000,
        "comprehensiveincomenetoftax": 179800000,
        "othercomprehensiveincomelosscashflowhedgegainlossafterreclassificationtax": -1700000,
        "othercomprehensiveincomeforeigncurrencytranslationgainlossarisingduringperiodtax": -1800000
    },
    {
        "date": "2021-01-30",
        "symbol": "ADSK",
        "period": "Q4",
        "revenuefromcontractwithcustomerexcludingassessedtax": 2914600000,
        "costofgoodsandservicessold": 194600000,
        "costofgoodsandservicessoldamortization": 8500000,
        "costofrevenue": 90600000,
        "grossprofit": 948600000,
        "sellingandmarketingexpense": 388800000,
        "researchanddevelopmentexpense": 249600000,
        "generalandadministrativeexpense": 117100000,
        "amortizationofintangibleassets": 8700000,
        "operatingexpenses": 764200000,
        "operatingincomeloss": 184400000,
        "interestincomeexpensenet": -13300000,
        "incomelossfromcontinuingoperationsbeforeincometaxesminorityinterestandincomelossfromequitymethodinvestments": 171100000,
        "incometaxexpensebenefit": -740200000,
        "netincomeloss": 911300000,
        "earningspersharebasic": 4.16,
        "earningspersharediluted": 4.11,
        "weightedaveragenumberofdilutedsharesoutstanding": -222200000,
        "othercomprehensiveincomelosscashflowhedgegainlossafterreclassificationandtax": -20900000,
        "othercomprehensiveincomeavailableforsalesecuritiesadjustmentnetoftaxportionattributabletoparent": -200000,
        "othercomprehensiveincomeforeigncurrencytransactionandtranslationadjustmentnetoftaxportionattributabletoparent": 50100000,
        "othercomprehensiveincomelossnetoftaxportionattributabletoparent": 16000000,
        "comprehensiveincomenetoftax": 941800000
    },
    {
        "date": "2020-10-30",
        "symbol": "ADSK",
        "period": "Q3",
        "revenuefromcontractwithcustomerexcludingassessedtax": 28200000,
        "costofgoodsandservicessold": 15400000,
        "costofgoodsandservicessoldamortization": 7600000,
        "costofrevenue": 83700000,
        "grossprofit": 868700000,
        "sellingandmarketingexpense": 359300000,
        "researchanddevelopmentexpense": 233000000,
        "generalandadministrativeexpense": 98800000,
        "amortizationofintangibleassets": 9600000,
        "operatingexpenses": 700700000,
        "operatingincomeloss": 168000000,
        "interestincomeexpensenet": -11900000,
        "incomelossfromcontinuingoperationsbeforeincometaxesminorityinterestandincomelossfromequitymethodinvestments": 156100000,
        "incometaxexpensebenefit": 23900000,
        "netincomeloss": 132199999.99999999,
        "earningspersharebasic": 0.6,
        "earningspersharediluted": 0.59,
        "weightedaveragenumberofsharesoutstandingbasic": 219600000,
        "weightedaveragenumberofdilutedsharesoutstanding": 222300000,
        "othercomprehensiveincomelosscashflowhedgegainlossafterreclassificationandtax": 3900000,
        "othercomprehensiveincomeavailableforsalesecuritiesadjustmentnetoftaxportionattributabletoparent": 600000,
        "othercomprehensiveincomelosspensionandotherpostretirementbenefitplansadjustmentnetoftax": -300000,
        "othercomprehensiveincomeforeigncurrencytransactionandtranslationadjustmentnetoftaxportionattributabletoparent": -6700000,
        "othercomprehensiveincomelossnetoftaxportionattributabletoparent": -1900000,
        "comprehensiveincomenetoftax": 130300000.00000001,
        "othercomprehensiveincomelosscashflowhedgegainlossafterreclassificationtax": 400000,
        "othercomprehensiveincomeforeigncurrencytranslationgainlossarisingduringperiodtax": -100000
    },
    {
        "date": "2020-07-30",
        "symbol": "ADSK",
        "period": "Q2",
        "netincomeloss": 98200000,
        "othercomprehensiveincomelosscashflowhedgegainlossafterreclassificationandtax": -19500000,
        "othercomprehensiveincomeavailableforsalesecuritiesadjustmentnetoftaxportionattributabletoparent": 900000,
        "othercomprehensiveincomelosspensionandotherpostretirementbenefitplansadjustmentnetoftax": 0,
        "othercomprehensiveincomeforeigncurrencytransactionandtranslationadjustmentnetoftaxportionattributabletoparent": 43200000,
        "othercomprehensiveincomelossnetoftaxportionattributabletoparent": 43200000,
        "comprehensiveincomenetoftax": 122800000,
        "othercomprehensiveincomelosscashflowhedgegainlossafterreclassificationtax": -2300000,
        "othercomprehensiveincomelossavailableforsalesecuritiestax": 0,
        "revenuefromcontractwithcustomerexcludingassessedtax": 273800000,
        "costofgoodsandservicessold": 15000000,
        "costofgoodsandservicessoldamortization": 7400000,
        "costofrevenue": 80900000,
        "grossprofit": 832200000,
        "sellingandmarketingexpense": 350900000,
        "researchanddevelopmentexpense": 232500000,
        "generalandadministrativeexpense": 93200000,
        "amortizationofintangibleassets": 9500000,
        "operatingexpenses": 686100000,
        "operatingincomeloss": 146100000,
        "interestincomeexpensenet": -17100000,
        "incomelossfromcontinuingoperationsbeforeincometaxesminorityinterestandincomelossfromequitymethodinvestments": 129000000,
        "incometaxexpensebenefit": 30800000,
        "earningspersharebasic": 0.45,
        "earningspersharediluted": 0.44,
        "weightedaveragenumberofsharesoutstandingbasic": 0,
        "weightedaveragenumberofdilutedsharesoutstanding": 700000
    },
    {
        "date": "2020-04-29",
        "symbol": "ADSK",
        "period": "Q1",
        "netincomeloss": 66500000,
        "othercomprehensiveincomelosscashflowhedgegainlossafterreclassificationandtax": 4000000,
        "othercomprehensiveincomeavailableforsalesecuritiesadjustmentnetoftaxportionattributabletoparent": 400000,
        "othercomprehensiveincomelosspensionandotherpostretirementbenefitplansadjustmentnetoftax": 300000,
        "othercomprehensiveincomeforeigncurrencytransactionandtranslationadjustmentnetoftaxportionattributabletoparent": -22900000,
        "othercomprehensiveincomelossnetoftaxportionattributabletoparent": -22900000,
        "comprehensiveincomenetoftax": 47700000,
        "othercomprehensiveincomelosscashflowhedgegainlossafterreclassificationtax": 400000,
        "othercomprehensiveincomelossavailableforsalesecuritiestax": -100000,
        "revenuefromcontractwithcustomerexcludingassessedtax": 262300000,
        "costofgoodsandservicessold": 17100000,
        "costofgoodsandservicessoldamortization": 7400000,
        "costofrevenue": 81900000,
        "grossprofit": 803800000,
        "sellingandmarketingexpense": 341300000,
        "researchanddevelopmentexpense": 217400000,
        "generalandadministrativeexpense": 104800000,
        "amortizationofintangibleassets": 9700000,
        "operatingexpenses": 673200000,
        "operatingincomeloss": 130600000,
        "interestincomeexpensenet": -40100000,
        "incomelossfromcontinuingoperationsbeforeincometaxesminorityinterestandincomelossfromequitymethodinvestments": 90500000,
        "incometaxexpensebenefit": 24000000,
        "earningspersharebasic": 0.3,
        "earningspersharediluted": 0.3,
        "weightedaveragenumberofsharesoutstandingbasic": 219200000,
        "weightedaveragenumberofdilutedsharesoutstanding": 221300000
    },
    {
        "date": "2020-01-30",
        "symbol": "ADSK",
        "period": "Q4",
        "netincomeloss": 131800000,
        "othercomprehensiveincomeavailableforsalesecuritiesadjustmentnetoftaxportionattributabletoparent": 0,
        "othercomprehensiveincomeforeigncurrencytransactionandtranslationadjustmentnetoftaxportionattributabletoparent": 2300000,
        "othercomprehensiveincomelossnetoftaxportionattributabletoparent": -200000,
        "comprehensiveincomenetoftax": 127800000,
        "revenuefromcontractwithcustomerexcludingassessedtax": 1154100000,
        "costofgoodsandservicessold": 102900000,
        "costofgoodsandservicessoldamortization": 8300000,
        "costofrevenue": 83200000,
        "grossprofit": 816100000,
        "sellingandmarketingexpense": 349500000,
        "researchanddevelopmentexpense": 217100000,
        "generalandadministrativeexpense": 106000000,
        "amortizationofintangibleassets": 9700000,
        "restructuringchargesnetofadjustments": 0,
        "operatingexpenses": 682300000,
        "operatingincomeloss": 133800000,
        "interestincomeexpensenet": -10500000,
        "incomelossfromcontinuingoperationsbeforeincometaxesminorityinterestandincomelossfromequitymethodinvestments": 123300000,
        "incometaxexpensebenefit": -8499999.999999996,
        "earningspersharebasic": 0.61,
        "earningspersharediluted": 0.59,
        "weightedaveragenumberofsharesoutstandingbasic": -439200000,
        "weightedaveragenumberofdilutedsharesoutstanding": -441400000
    },
    {
        "date": "2019-10-30",
        "symbol": "ADSK",
        "period": "Q3",
        "netincomeloss": 66700000,
        "othercomprehensiveincomelosscashflowhedgegainlossafterreclassificationandtax": -3300000,
        "othercomprehensiveincomeavailableforsalesecuritiesadjustmentnetoftaxportionattributabletoparent": 500000,
        "othercomprehensiveincomelosspensionandotherpostretirementbenefitplansadjustmentnetoftax": 100000,
        "othercomprehensiveincomeforeigncurrencytransactionandtranslationadjustmentnetoftaxportionattributabletoparent": 17300000,
        "othercomprehensiveincomelossnetoftaxportionattributabletoparent": 14400000,
        "comprehensiveincomenetoftax": 81100000,
        "othercomprehensiveincomelosscashflowhedgegainlossafterreclassificationtax": -400000,
        "othercomprehensiveincomelossavailableforsalesecuritiestax": 100000,
        "othercomprehensiveincomelosspensionandotherpostretirementbenefitplanstax": 300000,
        "othercomprehensiveincomeforeigncurrencytranslationgainlossarisingduringperiodtax": -100000,
        "revenuefromcontractwithcustomerexcludingassessedtax": 715000000,
        "costofgoodsandservicessold": 54200000,
        "costofgoodsandservicessoldamortization": 8400000,
        "costofrevenue": 79500000,
        "grossprofit": 763200000,
        "sellingandmarketingexpense": 330700000,
        "researchanddevelopmentexpense": 213000000,
        "generalandadministrativeexpense": 99100000,
        "amortizationofintangibleassets": 9700000,
        "restructuringchargesnetofadjustments": 100000,
        "operatingexpenses": 652600000,
        "operatingincomeloss": 110600000,
        "interestincomeexpensenet": -14200000,
        "incomelossfromcontinuingoperationsbeforeincometaxesminorityinterestandincomelossfromequitymethodinvestments": 96400000,
        "incometaxexpensebenefit": 29700000,
        "earningspersharebasic": 0.3,
        "earningspersharediluted": 0.3,
        "weightedaveragenumberofsharesoutstandingbasic": 219700000,
        "weightedaveragenumberofdilutedsharesoutstanding": 221900000
    },
    {
        "date": "2019-07-30",
        "symbol": "ADSK",
        "period": "Q2",
        "netincomeloss": 40200000,
        "othercomprehensiveincomelosscashflowhedgegainlossafterreclassificationandtax": -4300000,
        "othercomprehensiveincomeavailableforsalesecuritiesadjustmentnetoftaxportionattributabletoparent": -200000,
        "othercomprehensiveincomelosspensionandotherpostretirementbenefitplansadjustmentnetoftax": 1800000,
        "othercomprehensiveincomeforeigncurrencytransactionandtranslationadjustmentnetoftaxportionattributabletoparent": -22800000,
        "othercomprehensiveincomelossnetoftaxportionattributabletoparent": -29100000,
        "comprehensiveincomenetoftax": 11100000,
        "othercomprehensiveincomelosscashflowhedgegainlossafterreclassificationtax": 1700000,
        "othercomprehensiveincomelossavailableforsalesecuritiestax": -100000,
        "othercomprehensiveincomelosspensionandotherpostretirementbenefitplanstax": 400000,
        "othercomprehensiveincomeforeigncurrencytranslationgainlossarisingduringperiodtax": 400000,
        "revenuefromcontractwithcustomerexcludingassessedtax": 663700000,
        "costofgoodsandservicessold": 53000000,
        "costofgoodsandservicessoldamortization": 8600000,
        "costofrevenue": 79500000,
        "grossprofit": 717300000,
        "sellingandmarketingexpense": 316800000,
        "researchanddevelopmentexpense": 215400000,
        "generalandadministrativeexpense": 101400000,
        "amortizationofintangibleassets": 9700000,
        "restructuringchargesnetofadjustments": 200000,
        "operatingexpenses": 643500000,
        "operatingincomeloss": 73800000,
        "interestincomeexpensenet": -7300000,
        "incomelossfromcontinuingoperationsbeforeincometaxesminorityinterestandincomelossfromequitymethodinvestments": 66500000,
        "incometaxexpensebenefit": 26300000,
        "earningspersharebasic": 0.18,
        "earningspersharediluted": 0.18,
        "weightedaveragenumberofsharesoutstandingbasic": 219600000,
        "weightedaveragenumberofdilutedsharesoutstanding": 222400000
    },
    {
        "date": "2019-04-29",
        "symbol": "ADSK",
        "period": "Q1",
        "netincomeloss": -24200000,
        "othercomprehensiveincomelosscashflowhedgegainlossafterreclassificationandtax": 3300000,
        "othercomprehensiveincomeavailableforsalesecuritiesadjustmentnetoftaxportionattributabletoparent": 1100000,
        "othercomprehensiveincomelosspensionandotherpostretirementbenefitplansadjustmentnetoftax": 600000,
        "othercomprehensiveincomeforeigncurrencytransactionandtranslationadjustmentnetoftaxportionattributabletoparent": -10400000,
        "othercomprehensiveincomelossnetoftaxportionattributabletoparent": -10400000,
        "comprehensiveincomenetoftax": -30800000,
        "othercomprehensiveincomelosscashflowhedgegainlossafterreclassificationtax": 300000,
        "othercomprehensiveincomelossavailableforsalesecuritiestax": 400000,
        "othercomprehensiveincomelosspensionandotherpostretirementbenefitplanstax": 100000,
        "othercomprehensiveincomeforeigncurrencytranslationgainlossarisingduringperiodtax": -400000,
        "revenuefromcontractwithcustomerexcludingassessedtax": 219100000,
        "costofgoodsandservicessold": 13800000,
        "costofgoodsandservicessoldamortization": 9200000,
        "costofrevenue": 82700000,
        "grossprofit": 652800000,
        "sellingandmarketingexpense": 313300000,
        "researchanddevelopmentexpense": 205600000,
        "generalandadministrativeexpense": 99100000,
        "amortizationofintangibleassets": 9800000,
        "restructuringchargesnetofadjustments": 200000,
        "operatingexpenses": 628000000,
        "operatingincomeloss": 24800000,
        "interestincomeexpensenet": -16200000,
        "incomelossfromcontinuingoperationsbeforeincometaxesminorityinterestandincomelossfromequitymethodinvestments": 8600000,
        "incometaxexpensebenefit": 32799999.999999996,
        "earningspersharebasic": -0.11,
        "earningspersharediluted": -0.11,
        "weightedaveragenumberofsharesoutstandingbasic": 219600000,
        "weightedaveragenumberofdilutedsharesoutstanding": 219600000
    },
    {
        "date": "2019-01-30",
        "symbol": "ADSK",
        "period": "Q4",
        "netincomeloss": 64700000,
        "othercomprehensiveincomederivativesqualifyingashedgesnetoftaxportionattributabletoparent": 2500000,
        "othercomprehensiveincomeavailableforsalesecuritiesadjustmentnetoftaxportionattributabletoparent": 300000,
        "othercomprehensiveincomelosspensionandotherpostretirementbenefitplansadjustmentnetoftax": -1400000,
        "othercomprehensiveincomeforeigncurrencytransactionandtranslationadjustmentnetoftaxportionattributabletoparent": 18300000,
        "othercomprehensiveincomelossnetoftaxportionattributabletoparent": 22500000,
        "comprehensiveincomenetoftax": 87200000,
        "revenuefromcontractwithcustomerexcludingassessedtax": 550000000,
        "costofrevenue": 77000000,
        "grossprofit": 660300000,
        "sellingandmarketingexpense": 320800000,
        "researchanddevelopmentexpense": 190400000,
        "generalandadministrativeexpense": 100700000,
        "amortizationofintangibleassets": 6200000,
        "restructuringchargesnetofadjustments": 1900000,
        "operatingexpenses": 620000000,
        "operatingincomeloss": 40300000,
        "interestincomeexpensenet": -7300000,
        "incomelossfromcontinuingoperationsbeforeincometaxesminorityinterestandincomelossfromequitymethodinvestments": 33000000,
        "incometaxexpensebenefit": -31700000,
        "earningspersharebasic": 0.30000000000000004,
        "earningspersharediluted": 0.30000000000000004,
        "weightedaveragenumberofsharesoutstandingbasic": 200000,
        "weightedaveragenumberofdilutedsharesoutstanding": 200000
    },
    {
        "date": "2018-10-30",
        "symbol": "ADSK",
        "period": "Q3",
        "netincomeloss": -46100000,
        "othercomprehensiveincomederivativesqualifyingashedgesnetoftaxportionattributabletoparent": 11500000,
        "othercomprehensiveincomeavailableforsalesecuritiesadjustmentnetoftaxportionattributabletoparent": 2400000,
        "othercomprehensiveincomelosspensionandotherpostretirementbenefitplansadjustmentnetoftax": -1600000,
        "othercomprehensiveincomeforeigncurrencytransactionandtranslationadjustmentnetoftaxportionattributabletoparent": -22100000,
        "othercomprehensiveincomelossnetoftaxportionattributabletoparent": 7700000,
        "comprehensiveincomenetoftax": -30300000,
        "othercomprehensiveincomelossderivativesqualifyingashedgestax": 1100000,
        "othercomprehensiveincomelossavailableforsalesecuritiestax": 100000,
        "othercomprehensiveincomelosspensionandotherpostretirementbenefitplanstax": -1300000,
        "othercomprehensiveincomeforeigncurrencytranslationgainlossarisingduringperiodtax": 0,
        "revenuefromcontractwithcustomerexcludingassessedtax": 670100000,
        "costofrevenue": 126000000,
        "grossprofit": 588600000,
        "sellingandmarketingexpense": 311200000,
        "researchanddevelopmentexpense": 181000000,
        "generalandadministrativeexpense": 87400000,
        "amortizationofintangibleassets": 4200000,
        "restructuringchargesnetofadjustments": 3700000,
        "operatingexpenses": 573900000,
        "operatingincomeloss": 14700000,
        "interestincomeexpensenet": -3200000,
        "incomelossfromcontinuingoperationsbeforeincometaxesminorityinterestandincomelossfromequitymethodinvestments": 11500000,
        "incometaxexpensebenefit": 30600000,
        "earningspersharebasic": -0.22000000000000003,
        "earningspersharediluted": -0.22000000000000003,
        "weightedaveragenumberofsharesoutstandingbasic": -218900000,
        "weightedaveragenumberofdilutedsharesoutstanding": -218900000
    },
    {
        "date": "2018-07-30",
        "symbol": "ADSK",
        "period": "Q2",
        "netincomeloss": -39400000,
        "othercomprehensiveincomederivativesqualifyingashedgesnetoftaxportionattributabletoparent": 11600000,
        "othercomprehensiveincomeavailableforsalesecuritiesadjustmentnetoftaxportionattributabletoparent": -1300000,
        "othercomprehensiveincomelosspensionandotherpostretirementbenefitplansadjustmentnetoftax": -2300000,
        "othercomprehensiveincomeforeigncurrencytransactionandtranslationadjustmentnetoftaxportionattributabletoparent": -29700000,
        "othercomprehensiveincomelossnetoftaxportionattributabletoparent": -17100000,
        "comprehensiveincomenetoftax": -56500000,
        "othercomprehensiveincomelossderivativesqualifyingashedgestax": 1100000,
        "othercomprehensiveincomelossavailableforsalesecuritiestax": 100000,
        "othercomprehensiveincomelosspensionandotherpostretirementbenefitplanstax": -100000,
        "othercomprehensiveincomeforeigncurrencytranslationgainlossarisingduringperiodtax": -200000,
        "revenuefromcontractwithcustomerexcludingassessedtax": 420600000,
        "costofgoodsandservicessold": 54100000,
        "costofgoodsandservicessoldamortization": 3400000,
        "costofrevenue": 69800000,
        "grossprofit": 541900000,
        "sellingandmarketingexpense": 289100000,
        "researchanddevelopmentexpense": 180800000,
        "generalandadministrativeexpense": 79100000,
        "amortizationofintangibleassets": 3800000,
        "restructuringchargesnetofadjustments": 13800000,
        "operatingexpenses": 566600000,
        "operatingincomeloss": -24700000,
        "interestincomeexpensenet": 1300000,
        "incomelossfromcontinuingoperationsbeforeincometaxesminorityinterestandincomelossfromequitymethodinvestments": -23400000,
        "incometaxexpensebenefit": 16000000,
        "earningspersharebasic": -0.18,
        "earningspersharediluted": -0.18,
        "weightedaveragenumberofsharesoutstandingbasic": 219000000,
        "weightedaveragenumberofdilutedsharesoutstanding": 219000000
    },
    {
        "date": "2018-04-29",
        "symbol": "ADSK",
        "period": "Q1",
        "netincomeloss": -60000000,
        "othercomprehensiveincomederivativesqualifyingashedgesnetoftaxportionattributabletoparent": 6000000,
        "othercomprehensiveincomeavailableforsalesecuritiesadjustmentnetoftaxportionattributabletoparent": 600000,
        "othercomprehensiveincomelosspensionandotherpostretirementbenefitplansadjustmentnetoftax": -7700000,
        "othercomprehensiveincomeforeigncurrencytransactionandtranslationadjustmentnetoftaxportionattributabletoparent": -24300000,
        "othercomprehensiveincomelossnetoftaxportionattributabletoparent": -24300000,
        "comprehensiveincomenetoftax": -92400000,
        "othercomprehensiveincomelossderivativesqualifyingashedgestax": 700000,
        "othercomprehensiveincomelossavailableforsalesecuritiestax": -100000,
        "othercomprehensiveincomelosspensionandotherpostretirementbenefitplanstax": -1400000,
        "othercomprehensiveincomeforeigncurrencytranslationgainlossarisingduringperiodtax": -300000,
        "revenuefromcontractwithcustomerexcludingassessedtax": 161600000,
        "costofgoodssoldamortization": 3600000,
        "costofrevenue": 13100000,
        "grossprofit": 493100000,
        "sellingandmarketingexpense": 262800000,
        "researchanddevelopmentexpense": 172800000,
        "generalandadministrativeexpense": 72900000,
        "amortizationofintangibleassets": 3800000,
        "restructuringchargesnetofadjustments": 22500000,
        "operatingexpenses": 548400000,
        "operatingincomeloss": -55300000,
        "interestincomeexpensenet": -8500000,
        "incomelossfromcontinuingoperationsbeforeincometaxesminorityinterestandincomelossfromequitymethodinvestments": -63800000,
        "incometaxexpensebenefit": 23200000,
        "earningspersharebasic": -0.27,
        "earningspersharediluted": -0.27,
        "weightedaveragenumberofsharesoutstandingbasic": 218600000,
        "weightedaveragenumberofdilutedsharesoutstanding": 218600000
    },
    {
        "date": "2018-01-30",
        "symbol": "ADSK",
        "period": "Q4",
        "netincomeloss": -173500000,
        "othercomprehensiveincomederivativesqualifyingashedgesnetoftaxportionattributabletoparent": -15800000,
        "othercomprehensiveincomeavailableforsalesecuritiesadjustmentnetoftaxportionattributabletoparent": -600000,
        "othercomprehensiveincomeforeigncurrencytransactionandtranslationadjustmentnetoftaxportionattributabletoparent": 43600000,
        "othercomprehensiveincomelossnetoftaxportionattributabletoparent": 31700000,
        "comprehensiveincomenetoftax": -141800000,
        "maintenancerevenue": 219799999.99999997,
        "subscriptionrevenue": 293700000,
        "totalmaintenanceandsubscriptionrevenue": 513500000,
        "licenseandservicesrevenue": 40300000,
        "salesrevenuenet": 553800000,
        "licensecosts": 16600000,
        "costofgoodssoldamortization": 3700000,
        "costofrevenue": 73100000,
        "grossprofit": 480700000,
        "sellingandmarketingexpense": 301500000,
        "researchanddevelopmentexpense": 182200000,
        "generalandadministrativeexpense": 80100000,
        "amortizationofintangibleassets": 4900000,
        "operatingexpenses": 662600000,
        "operatingincomeloss": -181900000,
        "interestincomeexpensenet": -16400000,
        "incomelossfromcontinuingoperationsbeforeincometaxesminorityinterestandincomelossfromequitymethodinvestments": -198300000,
        "incometaxexpensebenefit": -24800000,
        "earningspersharebasic": -0.7899999999999999,
        "earningspersharediluted": -0.7899999999999999,
        "weightedaveragenumberofsharesoutstandingbasic": -200000,
        "weightedaveragenumberofdilutedsharesoutstanding": -200000
    },
    {
        "date": "2017-10-30",
        "symbol": "ADSK",
        "period": "Q3",
        "netincomeloss": -119800000,
        "othercomprehensiveincomederivativesqualifyingashedgesnetoftaxportionattributabletoparent": -2400000,
        "othercomprehensiveincomeavailableforsalesecuritiesadjustmentnetoftaxportionattributabletoparent": 200000,
        "othercomprehensiveincomeforeigncurrencytransactionandtranslationadjustmentnetoftaxportionattributabletoparent": -600000,
        "othercomprehensiveincomelossnetoftaxportionattributabletoparent": -2600000,
        "comprehensiveincomenetoftax": -122400000,
        "othercomprehensiveincomelossderivativesqualifyingashedgestax": -3100000,
        "othercomprehensiveincomelossavailableforsalesecuritiestax": 400000,
        "othercomprehensiveincomeforeigncurrencytranslationgainlossarisingduringperiodtax": 1800000,
        "maintenancerevenue": 244399999.99999997,
        "subscriptionrevenue": 231100000,
        "totalmaintenanceandsubscriptionrevenue": 475500000,
        "licenseandservicesrevenue": 39800000,
        "salesrevenuenet": 817800000,
        "costofgoodssoldsubscriptionandmaintenance": 53900000,
        "licensecosts": 19600000,
        "costofgoodssoldamortization": 4000000,
        "costofrevenue": 77500000,
        "grossprofit": 437800000,
        "sellingandmarketingexpense": 272500000,
        "researchanddevelopmentexpense": 191800000,
        "generalandadministrativeexpense": 68800000,
        "amortizationofintangibleassets": 4700000,
        "restructuringchargesnetofadjustments": 0,
        "operatingexpenses": 537800000,
        "operatingincomeloss": -100000000,
        "interestincomeexpensenet": -11200000,
        "incomelossfromcontinuingoperationsbeforeincometaxesminorityinterestandincomelossfromequitymethodinvestments": -111200000,
        "incometaxexpensebenefit": 8600000,
        "earningspersharebasic": -0.5399999999999999,
        "earningspersharediluted": -0.5399999999999999,
        "weightedaveragenumberofsharesoutstandingbasic": -219700000,
        "weightedaveragenumberofdilutedsharesoutstanding": -219700000
    },
    {
        "date": "2017-07-30",
        "symbol": "ADSK",
        "period": "Q2",
        "netincomeloss": -144000000,
        "othercomprehensiveincomederivativesqualifyingashedgesnetoftaxportionattributabletoparent": -11600000,
        "othercomprehensiveincomeavailableforsalesecuritiesadjustmentnetoftaxportionattributabletoparent": -500000,
        "othercomprehensiveincomelosspensionandotherpostretirementbenefitplansadjustmentnetoftax": -300000,
        "othercomprehensiveincomeforeigncurrencytransactionandtranslationadjustmentnetoftaxportionattributabletoparent": 25200000,
        "othercomprehensiveincomelossnetoftaxportionattributabletoparent": 13400000,
        "comprehensiveincomenetoftax": -130600000,
        "othercomprehensiveincomelossderivativesqualifyingashedgestax": 900000,
        "othercomprehensiveincomelossavailableforsalesecuritiestax": -400000,
        "othercomprehensiveincomeforeigncurrencytranslationgainlossarisingduringperiodtax": -600000,
        "maintenancerevenue": 261800000,
        "subscriptionrevenue": 196100000,
        "totalmaintenanceandsubscriptionrevenue": 457900000,
        "licenseandservicesrevenue": 43900000,
        "salesrevenuenet": 199300000,
        "costofgoodssoldsubscriptionandmaintenance": 52800000,
        "licensecosts": 17800000,
        "costofgoodssoldamortization": 4000000,
        "costofrevenue": 74600000,
        "grossprofit": 427200000,
        "sellingandmarketingexpense": 257600000,
        "researchanddevelopmentexpense": 193800000,
        "generalandadministrativeexpense": 78000000,
        "amortizationofintangibleassets": 4900000,
        "restructuringchargesnetofadjustments": 500000,
        "operatingexpenses": 534800000,
        "operatingincomeloss": -107600000,
        "interestincomeexpensenet": -18800000,
        "incomelossfromcontinuingoperationsbeforeincometaxesminorityinterestandincomelossfromequitymethodinvestments": -126400000,
        "incometaxexpensebenefit": 17600000,
        "earningspersharebasic": -0.66,
        "earningspersharediluted": -0.66,
        "weightedaveragenumberofsharesoutstandingbasic": 219500000,
        "weightedaveragenumberofdilutedsharesoutstanding": 219500000
    },
    {
        "date": "2017-04-29",
        "symbol": "ADSK",
        "period": "Q1",
        "netincomeloss": -129600000,
        "othercomprehensiveincomederivativesqualifyingashedgesnetoftaxportionattributabletoparent": -1400000,
        "othercomprehensiveincomeavailableforsalesecuritiesadjustmentnetoftaxportionattributabletoparent": 700000,
        "othercomprehensiveincomelosspensionandotherpostretirementbenefitplansadjustmentnetoftax": 500000,
        "othercomprehensiveincomeforeigncurrencytransactionandtranslationadjustmentnetoftaxportionattributabletoparent": 13400000,
        "othercomprehensiveincomelossnetoftaxportionattributabletoparent": 12200000,
        "comprehensiveincomenetoftax": -117400000,
        "othercomprehensiveincomelossderivativesqualifyingashedgestax": 500000,
        "othercomprehensiveincomelossavailableforsalesecuritiestax": 300000,
        "othercomprehensiveincomeforeigncurrencytranslationgainlossarisingduringperiodtax": -300000,
        "maintenancerevenue": 263600000.00000003,
        "subscriptionrevenue": 173400000,
        "totalmaintenanceandsubscriptionrevenue": 437000000,
        "licenseandservicesrevenue": 48700000,
        "salesrevenuenet": 485700000,
        "costofgoodssoldsubscriptionandmaintenance": 54900000,
        "licensecosts": 18600000,
        "costofgoodssoldamortization": 4700000,
        "costofrevenue": 78200000,
        "grossprofit": 407500000,
        "sellingandmarketingexpense": 255700000,
        "researchanddevelopmentexpense": 187700000,
        "generalandadministrativeexpense": 78300000,
        "amortizationofintangibleassets": 5700000,
        "restructuringchargesnetofadjustments": -300000,
        "operatingexpenses": 527100000,
        "operatingincomeloss": -119600000,
        "interestincomeexpensenet": -1800000,
        "incomelossfromcontinuingoperationsbeforeincometaxesminorityinterestandincomelossfromequitymethodinvestments": -121400000,
        "incometaxexpensebenefit": 8199999.999999999,
        "earningspersharebasic": -0.59,
        "earningspersharediluted": -0.59,
        "weightedaveragenumberofsharesoutstandingbasic": 219900000,
        "weightedaveragenumberofdilutedsharesoutstanding": 219900000
    },
    {
        "date": "2016-10-30",
        "symbol": "ADSK",
        "period": "Q3",
        "netincomeloss": -142800000,
        "othercomprehensiveincomederivativesqualifyingashedgesnetoftaxportionattributabletoparent": -700000,
        "othercomprehensiveincomeavailableforsalesecuritiesadjustmentnetoftaxportionattributabletoparent": -1600000,
        "othercomprehensiveincomeforeigncurrencytransactionandtranslationadjustmentnetoftaxportionattributabletoparent": -55700000,
        "othercomprehensiveincomelossnetoftaxportionattributabletoparent": -55700000,
        "comprehensiveincomenetoftax": -200500000,
        "othercomprehensiveincomelossderivativesqualifyingashedgestax": 200000,
        "othercomprehensiveincomelossavailableforsalesecuritiestax": 0,
        "subscriptionrevenue": 319500000,
        "licenseandservicesrevenue": 170100000,
        "salesrevenuenet": 191000000,
        "costofgoodssoldsubscription": 35100000,
        "licensecosts": 46400000,
        "costofrevenue": 81500000,
        "grossprofit": 1151600000,
        "sellingandmarketingexpense": 255000000,
        "researchanddevelopmentexpense": 192600000,
        "generalandadministrativeexpense": 70400000,
        "amortizationofintangibleassets": 6800000,
        "restructuringcharges": 400000,
        "operatingexpenses": 528000000,
        "operatingincomeloss": -119900000,
        "interestincomeexpensenet": -9400000,
        "incomelossfromcontinuingoperationsbeforeincometaxesminorityinterestandincomelossfromequitymethodinvestments": -129300000,
        "incometaxexpensebenefit": 13500000,
        "earningspersharebasic": -0.6400000000000001,
        "earningspersharediluted": -0.6400000000000001,
        "weightedaveragenumberofsharesoutstandingbasic": -500000,
        "weightedaveragenumberofdilutedsharesoutstanding": -500000
    },
    {
        "date": "2016-07-30",
        "symbol": "ADSK",
        "period": "Q2",
        "netincomeloss": -92900000,
        "othercomprehensiveincomederivativesqualifyingashedgesnetoftaxportionattributabletoparent": -1500000,
        "othercomprehensiveincomeavailableforsalesecuritiesadjustmentnetoftaxportionattributabletoparent": 1100000,
        "othercomprehensiveincomelosspensionandotherpostretirementbenefitplansadjustmentnetoftax": 0,
        "othercomprehensiveincomeforeigncurrencytransactionandtranslationadjustmentnetoftaxportionattributabletoparent": -7900000,
        "othercomprehensiveincomelossnetoftaxportionattributabletoparent": -7900000,
        "comprehensiveincomenetoftax": -101200000,
        "othercomprehensiveincomelossderivativesqualifyingashedgestax": 1100000,
        "othercomprehensiveincomelossavailableforsalesecuritiestax": 100000,
        "subscriptionrevenue": 322000000,
        "licenseandservicesrevenue": 228700000,
        "salesrevenuenet": 220500000,
        "costofgoodssoldsubscription": 38300000,
        "licensecosts": 46700000,
        "costofrevenue": 85000000,
        "grossprofit": 65500000,
        "sellingandmarketingexpense": 241000000,
        "researchanddevelopmentexpense": 191000000,
        "generalandadministrativeexpense": 67500000,
        "amortizationofintangibleassets": 7800000,
        "restructuringcharges": -47100000,
        "operatingexpenses": 523300000,
        "operatingincomeloss": -57600000,
        "interestincomeexpensenet": -10100000,
        "incomelossfromcontinuingoperationsbeforeincometaxesminorityinterestandincomelossfromequitymethodinvestments": -67700000,
        "incometaxexpensebenefit": 25200000,
        "earningspersharebasic": -0.41999999999999993,
        "earningspersharediluted": -0.41999999999999993,
        "weightedaveragenumberofsharesoutstandingbasic": -600000,
        "weightedaveragenumberofdilutedsharesoutstanding": -600000
    },
    {
        "date": "2016-04-29",
        "symbol": "ADSK",
        "period": "Q1",
        "netincomeloss": -173000000,
        "othercomprehensiveincomederivativesqualifyingashedgesnetoftaxportionattributabletoparent": -9500000,
        "othercomprehensiveincomeavailableforsalesecuritiesadjustmentnetoftaxportionattributabletoparent": 2300000,
        "othercomprehensiveincomelosspensionandotherpostretirementbenefitplansadjustmentnetoftax": -300000,
        "othercomprehensiveincomeforeigncurrencytransactionandtranslationadjustmentnetoftaxportionattributabletoparent": 6500000,
        "othercomprehensiveincomelossnetoftaxportionattributabletoparent": 6500000,
        "comprehensiveincomenetoftax": -173400000,
        "othercomprehensiveincomelossderivativesqualifyingashedgestax": -1900000,
        "othercomprehensiveincomelossavailableforsalesecuritiestax": 500000,
        "subscriptionrevenue": 326000000,
        "licenseandservicesrevenue": 185900000,
        "salesrevenuenet": 202600000,
        "costofgoodssoldsubscription": 39700000,
        "licensecosts": 52800000,
        "costofrevenue": 92500000,
        "grossprofit": 76100000,
        "sellingandmarketingexpense": 242900000,
        "researchanddevelopmentexpense": 195500000,
        "generalandadministrativeexpense": 75800000,
        "amortizationofintangibleassets": 7900000,
        "restructuringcharges": 52300000,
        "operatingexpenses": 574400000,
        "operatingincomeloss": -155000000,
        "interestincomeexpensenet": -3600000,
        "incomelossfromcontinuingoperationsbeforeincometaxesminorityinterestandincomelossfromequitymethodinvestments": -158600000,
        "incometaxexpensebenefit": 14400000,
        "earningspersharebasic": -0.77,
        "earningspersharediluted": -0.77,
        "weightedaveragenumberofsharesoutstandingbasic": 224400000,
        "weightedaveragenumberofdilutedsharesoutstanding": 224400000
    },
    {
        "date": "2015-10-30",
        "symbol": "ADSK",
        "period": "Q3",
        "netincomeloss": -76900000,
        "othercomprehensiveincomederivativesqualifyingashedgesnetoftaxportionattributabletoparent": -12100000,
        "othercomprehensiveincomeavailableforsalesecuritiesadjustmentnetoftaxportionattributabletoparent": -400000,
        "othercomprehensiveincomelosspensionandotherpostretirementbenefitplansadjustmentnetoftax": -300000,
        "othercomprehensiveincomeforeigncurrencytransactionandtranslationadjustmentnetoftaxportionattributabletoparent": -4000000,
        "othercomprehensiveincomelossnetoftaxportionattributabletoparent": 1800000,
        "comprehensiveincomenetoftax": -93100000,
        "othercomprehensiveincomelossderivativesqualifyingashedgestax": 0,
        "othercomprehensiveincomelossavailableforsalesecuritiestax": 0,
        "licenseandservicesrevenue": 280900000,
        "subscriptionrevenue": 318900000,
        "salesrevenuenet": 225100000,
        "licensecosts": 53000000,
        "costofgoodssoldsubscription": 38000000,
        "costofrevenue": 91000000,
        "grossprofit": 135900000,
        "sellingandmarketingexpense": 243400000,
        "researchanddevelopmentexpense": 197900000,
        "generalandadministrativeexpense": 74200000,
        "amortizationofintangibleassets": 8100000,
        "operatingexpenses": -512200000,
        "operatingincomeloss": -14800000,
        "interestincomeexpensenet": -7700000,
        "incomelossfromcontinuingoperationsbeforeincometaxesminorityinterestandincomelossfromequitymethodinvestments": -22500000,
        "incometaxexpensebenefit": 54400000,
        "earningspersharebasic": -0.33,
        "earningspersharediluted": -0.33,
        "weightedaveragenumberofsharesoutstandingbasic": -227700000,
        "weightedaveragenumberofdilutedsharesoutstanding": -232200000
    },
    {
        "date": "2015-07-30",
        "symbol": "ADSK",
        "period": "Q2",
        "netincomeloss": -235500000,
        "othercomprehensiveincomederivativesqualifyingashedgesnetoftaxportionattributabletoparent": -4700000,
        "othercomprehensiveincomeavailableforsalesecuritiesadjustmentnetoftaxportionattributabletoparent": -1400000,
        "othercomprehensiveincomelosspensionandotherpostretirementbenefitplansadjustmentnetoftax": -300000,
        "othercomprehensiveincomeforeigncurrencytransactionandtranslationadjustmentnetoftaxportionattributabletoparent": -8500000,
        "othercomprehensiveincomelossnetoftaxportionattributabletoparent": -14300000,
        "comprehensiveincomenetoftax": -249800000,
        "othercomprehensiveincomelossderivativesqualifyingashedgestax": 800000,
        "othercomprehensiveincomelossavailableforsalesecuritiestax": 300000,
        "othercomprehensiveincomeforeigncurrencytranslationgainlossarisingduringperiodtax": 700000,
        "licenseandservicesrevenue": 290500000,
        "subscriptionrevenue": 319000000,
        "salesrevenuenet": 225700000,
        "licensecosts": 53000000,
        "costofgoodssoldsubscription": 40000000,
        "costofrevenue": 93000000,
        "grossprofit": 138500000,
        "sellingandmarketingexpense": 240800000,
        "researchanddevelopmentexpense": 193100000,
        "generalandadministrativeexpense": 70100000,
        "amortizationofintangibleassets": 8200000,
        "operatingexpenses": 512200000,
        "operatingincomeloss": 4300000,
        "interestincomeexpensenet": -3400000,
        "incomelossfromcontinuingoperationsbeforeincometaxesminorityinterestandincomelossfromequitymethodinvestments": 900000,
        "incometaxexpensebenefit": 236400000,
        "earningspersharebasic": -1.04,
        "earningspersharediluted": -1.04,
        "weightedaveragenumberofsharesoutstandingbasic": 227000000,
        "weightedaveragenumberofdilutedsharesoutstanding": 227000000
    },
    {
        "date": "2015-04-29",
        "symbol": "ADSK",
        "period": "Q1",
        "netincomeloss": 19100000,
        "othercomprehensiveincomederivativesqualifyingashedgesnetoftaxportionattributabletoparent": -5400000,
        "othercomprehensiveincomeavailableforsalesecuritiesadjustmentnetoftaxportionattributabletoparent": 200000,
        "othercomprehensiveincomelosspensionandotherpostretirementbenefitplansadjustmentnetoftax": -700000,
        "othercomprehensiveincomeforeigncurrencytransactionandtranslationadjustmentnetoftaxportionattributabletoparent": 1800000,
        "othercomprehensiveincomelossnetoftaxportionattributabletoparent": 1800000,
        "comprehensiveincomenetoftax": 16400000,
        "othercomprehensiveincomelossderivativesqualifyingashedgestax": -1500000,
        "othercomprehensiveincomelossavailableforsalesecuritiestax": -100000,
        "othercomprehensiveincomeforeigncurrencytranslationgainlossarisingduringperiodtax": 3800000,
        "licenseandservicesrevenue": 326700000,
        "subscriptionrevenue": 319800000,
        "salesrevenuenet": 245400000,
        "licensecosts": 53100000,
        "costofgoodssoldsubscription": 38700000,
        "costofrevenue": 91800000,
        "grossprofit": 163300000,
        "sellingandmarketingexpense": 253900000,
        "researchanddevelopmentexpense": 194500000,
        "generalandadministrativeexpense": 75900000,
        "amortizationofintangibleassets": 8900000,
        "operatingexpenses": 5700000,
        "operatingincomeloss": 21500000,
        "interestincomeexpensenet": 300000,
        "incomelossfromcontinuingoperationsbeforeincometaxesminorityinterestandincomelossfromequitymethodinvestments": 21800000,
        "incometaxexpensebenefit": 2700000,
        "earningspersharebasic": 0.08,
        "earningspersharediluted": 0.08,
        "weightedaveragenumberofsharesoutstandingbasic": 227200000,
        "weightedaveragenumberofdilutedsharesoutstanding": 231700000
    },
    {
        "date": "2014-10-30",
        "symbol": "ADSK",
        "period": "Q3",
        "netincomeloss": 10700000,
        "othercomprehensiveincomederivativesqualifyingashedgesnetoftaxportionattributabletoparent": 21100000,
        "othercomprehensiveincomeavailableforsalesecuritiesadjustmentnetoftaxportionattributabletoparent": -500000,
        "othercomprehensiveincomeforeigncurrencytransactionandtranslationadjustmentnetoftaxportionattributabletoparent": -24200000,
        "othercomprehensiveincomelossnetoftaxportionattributabletoparent": -3600000,
        "comprehensiveincomenetoftax": 7100000,
        "othercomprehensiveincomelossderivativesqualifyingashedgestax": -300000,
        "othercomprehensiveincomelossavailableforsalesecuritiestax": 1500000,
        "othercomprehensiveincomeforeigncurrencytranslationgainlossarisingduringperiodtax": 5200000,
        "licenseandservicesrevenue": 320500000,
        "subscriptionrevenue": 297500000,
        "salesrevenuenet": 206900000,
        "licensecosts": 51900000,
        "costofgoodssoldsubscription": 34100000,
        "costofrevenue": 86000000,
        "grossprofit": 229200000,
        "sellingandmarketingexpense": 245100000,
        "researchanddevelopmentexpense": 183900000,
        "generalandadministrativeexpense": -155800000,
        "restructuringcharges": -100000,
        "operatingexpenses": 517400000,
        "operatingincomeloss": 14600000,
        "interestincomeexpensenet": -3000000,
        "incomelossfromcontinuingoperationsbeforeincometaxesminorityinterestandincomelossfromequitymethodinvestments": 11600000,
        "incometaxexpensebenefit": 900000,
        "earningspersharebasic": 0.04999999999999999,
        "earningspersharediluted": 0.04999999999999999,
        "weightedaveragenumberofsharesoutstandingbasic": -227200000,
        "weightedaveragenumberofdilutedsharesoutstanding": -232100000
    },
    {
        "date": "2014-07-30",
        "symbol": "ADSK",
        "period": "Q2",
        "netincomeloss": 31300000,
        "othercomprehensiveincomederivativesqualifyingashedgesnetoftaxportionattributabletoparent": 1800000,
        "othercomprehensiveincomeavailableforsalesecuritiesadjustmentnetoftaxportionattributabletoparent": -1000000,
        "othercomprehensiveincomeforeigncurrencytransactionandtranslationadjustmentnetoftaxportionattributabletoparent": -4100000,
        "othercomprehensiveincomelossnetoftaxportionattributabletoparent": -3300000,
        "comprehensiveincomenetoftax": 28000000,
        "othercomprehensiveincomelossderivativesqualifyingashedgestax": 400000,
        "othercomprehensiveincomelossavailableforsalesecuritiestax": -400000,
        "othercomprehensiveincomeforeigncurrencytranslationgainlossarisingduringperiodtax": -900000,
        "licenseandservicesrevenue": 350400000,
        "subscriptionrevenue": 286700000,
        "salesrevenuenet": 217900000,
        "licensecosts": 53400000,
        "costofgoodssoldsubscription": 34500000,
        "costofrevenue": 87900000,
        "grossprofit": 32200000,
        "sellingandmarketingexpense": 237600000,
        "researchanddevelopmentexpense": 179300000,
        "generalandadministrativeexpense": 71500000,
        "amortizationofintangibleassets": 10100000,
        "restructuringcharges": 800000,
        "operatingexpenses": 499300000,
        "operatingincomeloss": 49900000,
        "interestincomeexpensenet": -7000000,
        "incomelossfromcontinuingoperationsbeforeincometaxesminorityinterestandincomelossfromequitymethodinvestments": 42900000,
        "incometaxexpensebenefit": 11600000,
        "earningspersharebasic": 0.14,
        "earningspersharediluted": 0.13,
        "weightedaveragenumberofsharesoutstandingbasic": 227300000,
        "weightedaveragenumberofdilutedsharesoutstanding": 232400000
    },
    {
        "date": "2014-04-29",
        "symbol": "ADSK",
        "period": "Q1",
        "netincomeloss": 28300000,
        "othercomprehensiveincomederivativesqualifyingashedgesnetoftaxportionattributabletoparent": -3300000,
        "othercomprehensiveincomeavailableforsalesecuritiesadjustmentnetoftaxportionattributabletoparent": -600000,
        "othercomprehensiveincomeforeigncurrencytransactionandtranslationadjustmentnetoftaxportionattributabletoparent": 10100000,
        "othercomprehensiveincomelossnetoftaxportionattributabletoparent": 6200000,
        "comprehensiveincomenetoftax": 34500000,
        "othercomprehensiveincomelossderivativesqualifyingashedgestax": -700000,
        "othercomprehensiveincomelossavailableforsalesecuritiestax": -400000,
        "othercomprehensiveincomeforeigncurrencytranslationgainlossarisingduringperiodtax": -1400000,
        "licenseandservicesrevenue": 316200000,
        "subscriptionrevenue": 276300000,
        "salesrevenuenet": 205700000,
        "licensecosts": 49300000,
        "costofgoodssoldsubscription": 29400000,
        "costofrevenue": 78700000,
        "grossprofit": 175600000,
        "sellingandmarketingexpense": 225400000,
        "researchanddevelopmentexpense": 170500000,
        "generalandadministrativeexpense": 73400000,
        "restructuringcharges": 2200000,
        "operatingexpenses": 471600000,
        "operatingincomeloss": 42200000,
        "interestincomeexpensenet": -6600000,
        "incomelossfromcontinuingoperationsbeforeincometaxesminorityinterestandincomelossfromequitymethodinvestments": 35600000,
        "incometaxexpensebenefit": 7300000,
        "earningspersharebasic": 0.12,
        "earningspersharediluted": 0.12,
        "weightedaveragenumberofsharesoutstandingbasic": 227000000,
        "weightedaveragenumberofdilutedsharesoutstanding": 231600000
    },
    {
        "date": "2013-10-30",
        "symbol": "ADSK",
        "period": "Q3",
        "netincomeloss": 57600000,
        "othercomprehensiveincomederivativesqualifyingashedgesnetoftaxportionattributabletoparent": -6500000,
        "othercomprehensiveincomeavailableforsalesecuritiesadjustmentnetoftaxportionattributabletoparent": 600000,
        "othercomprehensiveincomeforeigncurrencytransactionandtranslationadjustmentnetoftaxportionattributabletoparent": 9300000,
        "othercomprehensiveincomelossnetoftaxportionattributabletoparent": 3400000,
        "comprehensiveincomenetoftax": 61000000,
        "othercomprehensiveincomelossderivativesqualifyingashedgestax": 300000,
        "othercomprehensiveincomelossavailableforsalesecuritiestax": -200000,
        "othercomprehensiveincomeforeigncurrencytranslationgainlossarisingduringperiodtax": -1000000,
        "licenseandservicesrevenue": 297500000,
        "subscriptionrevenue": 257700000,
        "salesrevenuenet": 204400000,
        "licensecosts": 43400000,
        "costofgoodssoldsubscription": 23700000,
        "costofrevenue": 67100000,
        "grossprofit": -12200000,
        "sellingandmarketingexpense": 203400000,
        "researchanddevelopmentexpense": 149000000,
        "generalandadministrativeexpense": 63200000,
        "restructuringcharges": 4400000,
        "operatingexpenses": 420000000,
        "operatingincomeloss": 68100000,
        "interestincomeexpensenet": 1100000,
        "incomelossfromcontinuingoperationsbeforeincometaxesminorityinterestandincomelossfromequitymethodinvestments": 69200000,
        "incometaxexpensebenefit": 11600000,
        "earningspersharebasic": 0.26,
        "earningspersharediluted": 0.25,
        "weightedaveragenumberofsharesoutstandingbasic": 223100000,
        "weightedaveragenumberofdilutedsharesoutstanding": 227700000
    },
    {
        "date": "2013-07-30",
        "symbol": "ADSK",
        "period": "Q2",
        "netincomeloss": 61700000,
        "othercomprehensiveincomederivativesqualifyingashedgesnetoftaxportionattributabletoparent": -5000000,
        "othercomprehensiveincomeavailableforsalesecuritiesadjustmentnetoftaxportionattributabletoparent": -1300000,
        "othercomprehensiveincomeforeigncurrencytransactionandtranslationadjustmentnetoftaxportionattributabletoparent": 800000,
        "othercomprehensiveincomelossnetoftaxportionattributabletoparent": -5500000,
        "comprehensiveincomenetoftax": 56200000,
        "othercomprehensiveincomelossderivativesqualifyingashedgestax": 0,
        "othercomprehensiveincomelossavailableforsalesecuritiestax": -100000,
        "othercomprehensiveincomeforeigncurrencytranslationgainlossarisingduringperiodtax": 400000,
        "documentperiodenddate": "2013-07-31",
        "licenseandservicesrevenue": 313200000,
        "subscriptionrevenue": 248500000,
        "salesrevenuenet": -82300000,
        "licensecosts": 42800000,
        "costofgoodssoldsubscription": 25000000,
        "costofrevenue": 67800000,
        "grossprofit": 387100000,
        "sellingandmarketingexpense": 198100000,
        "researchanddevelopmentexpense": 148900000,
        "generalandadministrativeexpense": 61600000,
        "restructuringcharges": 1600000,
        "operatingexpenses": 410300000,
        "operatingincomeloss": 83600000,
        "interestincomeexpensenet": -1800000,
        "incomelossfromcontinuingoperationsbeforeincometaxesminorityinterestandincomelossfromequitymethodinvestments": 81800000,
        "incometaxexpensebenefit": 20100000,
        "earningspersharebasic": 0.27,
        "earningspersharediluted": 0.27,
        "weightedaveragenumberofsharesoutstandingbasic": -200000,
        "weightedaveragenumberofdilutedsharesoutstanding": 0
    },
    {
        "date": "2013-04-29",
        "symbol": "ADSK",
        "period": "Q1",
        "documentperiodenddate": "2013-04-30",
        "netincomeloss": 55600000,
        "othercomprehensiveincomederivativesqualifyingashedgesnetoftaxportionattributabletoparent": 9900000,
        "othercomprehensiveincomeavailableforsalesecuritiesadjustmentnetoftaxportionattributabletoparent": 200000,
        "othercomprehensiveincomeforeigncurrencytransactionandtranslationadjustmentnetoftaxportionattributabletoparent": -6400000,
        "othercomprehensiveincomelossnetoftaxportionattributabletoparent": 3700000,
        "comprehensiveincomenetoftax": 59300000,
        "othercomprehensiveincomelossderivativesqualifyingashedgestax": 200000,
        "othercomprehensiveincomelossavailableforsalesecuritiestax": 200000,
        "othercomprehensiveincomeforeigncurrencytranslationgainlossarisingduringperiodtax": 1400000,
        "licenseandservicesrevenue": 323500000,
        "subscriptionrevenue": 246900000,
        "salesrevenuenet": 172100000,
        "licensecosts": 44400000,
        "costofgoodssoldsubscription": 23100000,
        "costofrevenue": 67500000,
        "grossprofit": -12300000,
        "sellingandmarketingexpense": 208800000,
        "researchanddevelopmentexpense": 150800000,
        "generalandadministrativeexpense": 61500000,
        "restructuringcharges": 400000,
        "operatingexpenses": 421500000,
        "operatingincomeloss": 81400000,
        "interestincomeexpensenet": -8800000,
        "incomelossfromcontinuingoperationsbeforeincometaxesminorityinterestandincomelossfromequitymethodinvestments": 72600000,
        "incometaxexpensebenefit": 17000000,
        "earningspersharebasic": 0.25,
        "earningspersharediluted": 0.24,
        "weightedaveragenumberofsharesoutstandingbasic": 223800000,
        "weightedaveragenumberofdilutedsharesoutstanding": 229300000
    },
    {
        "date": "2012-10-30",
        "symbol": "ADSK",
        "period": "Q3",
        "documentperiodenddate": "2012-10-31",
        "netincomeloss": 29400000,
        "othercomprehensiveincomederivativesqualifyingashedgesnetoftaxportionattributabletoparent": -12100000,
        "othercomprehensiveincomeavailableforsalesecuritiesadjustmentnetoftaxportionattributabletoparent": -1200000,
        "othercomprehensiveincomeforeigncurrencytransactionandtranslationadjustmentnetoftaxportionattributabletoparent": 6300000,
        "othercomprehensiveincomelossnetoftaxportionattributabletoparent": -7000000,
        "comprehensiveincomenetoftax": 22400000,
        "licenseandservicesrevenue": 317100000,
        "maintenancerevenue": 230900000,
        "salesrevenuenet": -139300000,
        "licensecosts": 49500000,
        "maintenancecosts": 8400000,
        "costofrevenue": 57900000,
        "grossprofit": 200100000,
        "sellingandmarketingexpense": 203900000,
        "researchanddevelopmentexpense": 153000000,
        "generalandadministrativeexpense": 62100000,
        "operatingexpenses": 455700000,
        "operatingincomeloss": 34400000,
        "interestincomeexpensenet": -100000,
        "incomelossfromcontinuingoperationsbeforeincometaxesminorityinterestandincomelossfromequitymethodinvestments": 34300000,
        "incometaxexpensebenefit": 4900000,
        "earningspersharebasic": 0.13,
        "earningspersharediluted": 0.11999999999999994,
        "weightedaveragenumberofsharesoutstandingbasic": -228800000,
        "weightedaveragenumberofdilutedsharesoutstanding": -234800000
    },
    {
        "date": "2012-07-30",
        "symbol": "ADSK",
        "period": "Q2",
        "netincomeloss": 64600000,
        "othercomprehensiveincomederivativesqualifyingashedgesnetoftaxportionattributabletoparent": 6900000,
        "othercomprehensiveincomeavailableforsalesecuritiesadjustmentnetoftaxportionattributabletoparent": -500000,
        "othercomprehensiveincomeforeigncurrencytransactionandtranslationadjustmentnetoftaxportionattributabletoparent": -9500000,
        "othercomprehensiveincomelossnetoftaxportionattributabletoparent": -3100000,
        "comprehensiveincomenetoftax": 61500000,
        "licenseandservicesrevenue": 340500000,
        "maintenancerevenue": 228200000,
        "salesrevenuenet": 141300000,
        "licensecosts": 49100000,
        "maintenancecosts": 10700000,
        "costofrevenue": 59800000,
        "grossprofit": 204300000,
        "sellingandmarketingexpense": 212400000,
        "researchanddevelopmentexpense": 144900000,
        "generalandadministrativeexpense": 58700000,
        "operatingexpenses": 416000000,
        "operatingincomeloss": 92900000,
        "interestincomeexpensenet": -800000,
        "incomelossfromcontinuingoperationsbeforeincometaxesminorityinterestandincomelossfromequitymethodinvestments": 92100000,
        "incometaxexpensebenefit": 27500000,
        "earningspersharebasic": 0.28,
        "earningspersharediluted": 0.28,
        "weightedaveragenumberofsharesoutstandingbasic": 227800000,
        "weightedaveragenumberofdilutedsharesoutstanding": 232100000
    },
    {
        "date": "2012-04-29",
        "symbol": "ADSK",
        "period": "Q1",
        "netincomeloss": 78900000,
        "othercomprehensiveincomederivativesqualifyingashedgesnetoftaxportionattributabletoparent": -3400000,
        "othercomprehensiveincomeavailableforsalesecuritiesadjustmentnetoftaxportionattributabletoparent": 900000,
        "othercomprehensiveincomeforeigncurrencytransactionandtranslationadjustmentnetoftaxportionattributabletoparent": 300000,
        "othercomprehensiveincomelossnetoftaxportionattributabletoparent": -2200000,
        "comprehensiveincomenetoftax": 76700000,
        "licenseandservicesrevenue": 361000000,
        "maintenancerevenue": 227600000,
        "salesrevenuenet": 145700000,
        "licensecosts": 47100000,
        "maintenancecosts": 11700000,
        "costofrevenue": 58800000,
        "grossprofit": 41800000,
        "sellingandmarketingexpense": 223200000,
        "researchanddevelopmentexpense": 152700000,
        "generalandadministrativeexpense": 59900000,
        "operatingexpenses": 435800000,
        "operatingincomeloss": 94000000,
        "interestincomeexpensenet": 3500000,
        "incomelossfromcontinuingoperationsbeforeincometaxesminorityinterestandincomelossfromequitymethodinvestments": 97500000,
        "incometaxexpensebenefit": 18600000,
        "earningspersharebasic": 0.35,
        "earningspersharediluted": 0.34,
        "weightedaveragenumberofsharesoutstandingbasic": 228100000,
        "weightedaveragenumberofdilutedsharesoutstanding": 234100000
    },
    {
        "date": "2011-10-30",
        "symbol": "ADSK",
        "period": "Q3",
        "licenseandservicesrevenue": 331400000,
        "maintenancerevenue": 217200000,
        "salesrevenuenet": 201800000,
        "licensecosts": 50500000,
        "maintenancecosts": 9100000,
        "costofrevenue": 59600000,
        "grossprofit": -12100000,
        "sellingandmarketingexpense": 206200000,
        "researchanddevelopmentexpense": 141200000,
        "generalandadministrativeexpense": 51400000,
        "operatingexpenses": 398800000,
        "operatingincomeloss": 90200000,
        "interestincomeexpensenet": 1100000,
        "incomelossfromcontinuingoperationsbeforeincometaxesminorityinterestandincomelossfromequitymethodinvestments": 91300000,
        "incometaxexpensebenefit": 18500000,
        "netincomeloss": 72800000,
        "earningspersharebasic": 0.3200000000000001,
        "earningspersharediluted": 0.3200000000000001,
        "weightedaveragenumberofsharesoutstandingbasic": -229400000,
        "weightedaveragenumberofdilutedsharesoutstanding": -240000000
    },
    {
        "date": "2011-07-30",
        "symbol": "ADSK",
        "period": "Q2",
        "licenseandservicesrevenue": 333000000,
        "maintenancerevenue": 213300000,
        "salesrevenuenet": 211900000,
        "licensecosts": 45700000,
        "maintenancecosts": 11700000,
        "costofrevenue": 57400000,
        "grossprofit": -9500000,
        "sellingandmarketingexpense": 201000000,
        "researchanddevelopmentexpense": 139200000,
        "generalandadministrativeexpense": 55000000,
        "restructuringchargescredits": -1300000,
        "operatingexpenses": 393900000,
        "operatingincomeloss": 95000000,
        "interestincomeexpensenet": -800000,
        "incomelossfromcontinuingoperationsbeforeincometaxesminorityinterestandincomelossfromequitymethodinvestments": 94200000,
        "incometaxexpensebenefit": 23000000,
        "netincomeloss": 71200000,
        "earningspersharebasic": 0.31,
        "earningspersharediluted": 0.3,
        "weightedaveragenumberofsharesoutstandingbasic": 229400000,
        "weightedaveragenumberofdilutedsharesoutstanding": 236600000
    },
    {
        "date": "2011-04-29",
        "symbol": "ADSK",
        "period": "Q1",
        "licenseandservicesrevenue": 323000000,
        "maintenancerevenue": 205300000,
        "salesrevenuenet": 215000000,
        "licensecosts": 42600000,
        "maintenancecosts": 12000000,
        "costofrevenue": 54600000,
        "grossprofit": -9000000,
        "sellingandmarketingexpense": 201900000,
        "researchanddevelopmentexpense": 136600000,
        "generalandadministrativeexpense": 56600000,
        "operatingexpenses": 395100000,
        "operatingincomeloss": 78600000,
        "interestincomeexpensenet": 5900000,
        "incomelossfromcontinuingoperationsbeforeincometaxesminorityinterestandincomelossfromequitymethodinvestments": 84500000,
        "incometaxexpensebenefit": 15200000,
        "netincomeloss": 69300000,
        "earningspersharebasic": 0.3,
        "earningspersharediluted": 0.29,
        "weightedaveragenumberofsharesoutstandingbasic": 228200000,
        "weightedaveragenumberofdilutedsharesoutstanding": 237100000
    },
    {
        "date": "2010-10-30",
        "symbol": "ADSK",
        "period": "Q3",
        "licensesrevenue": 282000000,
        "maintenancerevenue": 194700000,
        "salesrevenuenet": -93100000,
        "licensecosts": 40300000,
        "maintenancecosts": 8200000,
        "costofrevenue": 48500000,
        "grossprofit": -440800000,
        "sellingandmarketingexpense": 185100000,
        "researchanddevelopmentexpense": 122800000,
        "generalandadministrativeexpense": 51100000,
        "restructuringcharges": -1600000,
        "operatingexpenses": 359000000,
        "operatingincomeloss": 69200000,
        "interestincomeexpensenet": 2500000,
        "incomelossfromcontinuingoperationsbeforeincometaxesminorityinterestandincomelossfromequitymethodinvestments": 71700000,
        "incometaxexpensebenefit": 18100000,
        "netincomeloss": 53600000,
        "earningspersharebasic": 0.24000000000000002,
        "earningspersharediluted": 0.23,
        "weightedaveragenumberofsharesoutstandingbasic": -229100000,
        "weightedaveragenumberofdilutedsharesoutstanding": -235000000
    },
    {
        "date": "2010-07-30",
        "symbol": "ADSK",
        "period": "Q2",
        "licensesrevenue": 280700000,
        "maintenancerevenue": 192100000,
        "salesrevenuenet": 188800000,
        "licensecosts": 40500000,
        "maintenancecosts": 7900000,
        "costofrevenue": 48400000,
        "grossprofit": -8300000,
        "sellingandmarketingexpense": 177500000,
        "researchanddevelopmentexpense": 119300000,
        "generalandadministrativeexpense": 45900000,
        "restructuringcharges": 3500000,
        "operatingexpenses": 344600000,
        "operatingincomeloss": 79800000,
        "interestincomeexpensenet": 100000,
        "incomelossfromcontinuingoperationsbeforeincometaxesminorityinterestandincomelossfromequitymethodinvestments": 79900000,
        "incometaxexpensebenefit": 20000000,
        "netincomeloss": 59900000,
        "earningspersharebasic": 0.26,
        "earningspersharediluted": 0.25,
        "weightedaveragenumberofsharesoutstandingbasic": 228000000,
        "weightedaveragenumberofdilutedsharesoutstanding": 233800000
    },
    {
        "date": "2010-04-29",
        "symbol": "ADSK",
        "period": "Q1",
        "licensesrevenue": 279800000,
        "maintenancerevenue": 194800000,
        "salesrevenuenet": 474600000,
        "licensecosts": 41200000,
        "maintenancecosts": 10100000,
        "costofrevenue": 51300000,
        "grossprofit": 423300000,
        "sellingandmarketingexpense": 186500000,
        "researchanddevelopmentexpense": 127200000,
        "generalandadministrativeexpense": 51700000,
        "restructuringcharges": 7100000,
        "operatingexpenses": 372500000,
        "operatingincomeloss": 50800000,
        "interestincomeexpensenet": -3400000,
        "incomelossfromcontinuingoperationsbeforeincometaxesminorityinterestandincomelossfromequitymethodinvestments": 47400000,
        "incometaxexpensebenefit": 10500000,
        "netincomeloss": 36900000,
        "earningspersharebasic": 0.16,
        "earningspersharediluted": 0.16,
        "weightedaveragenumberofsharesoutstandingbasic": 229000000,
        "weightedaveragenumberofdilutedsharesoutstanding": 234600000
    },
    {
        "date": "2009-10-30",
        "symbol": "ADSK",
        "period": "Q3",
        "licensesrevenue": 236100000,
        "maintenancerevenue": 180800000,
        "salesrevenuenet": 416900000,
        "licensecosts": 42000000,
        "maintenancecosts": 3000000,
        "costofrevenue": 45000000,
        "grossprofit": 371900000,
        "sellingandmarketingexpense": 180300000,
        "researchanddevelopmentexpense": 109300000,
        "generalandadministrativeexpense": 51100000,
        "restructuringcharges": 4900000,
        "operatingexpenses": 345600000,
        "operatingincomeloss": 26300000,
        "incomelossfromcontinuingoperationsbeforeincometaxesminorityinterestandincomelossfromequitymethodinvestments": 32100000,
        "incometaxexpensebenefit": 2500000,
        "netincomeloss": 29600000,
        "earningspersharebasic": 0.12,
        "earningspersharediluted": 0.12,
        "weightedaveragenumberofsharesoutstandingbasic": 500000,
        "weightedaveragenumberofdilutedsharesoutstanding": 3100000
    },
    {
        "date": "2009-07-30",
        "symbol": "ADSK",
        "period": "Q2",
        "licensesrevenue": 231000000,
        "maintenancerevenue": 183900000,
        "salesrevenuenet": 414900000,
        "licensecosts": 47100000,
        "maintenancecosts": 3000000,
        "costofrevenue": 50100000,
        "grossprofit": 364800000,
        "sellingandmarketingexpense": 174500000,
        "researchanddevelopmentexpense": 107300000,
        "generalandadministrativeexpense": 54000000,
        "restructuringcharges": 26400000,
        "goodwillimpairmentloss": 0,
        "operatingexpenses": 362200000,
        "operatingincomeloss": 2600000,
        "incomelossfromcontinuingoperationsbeforeincometaxesminorityinterestandincomelossfromequitymethodinvestments": 13300000,
        "incometaxexpensebenefit": 2900000,
        "netincomeloss": 10400000,
        "earningspersharebasic": 0.05000000000000002,
        "earningspersharediluted": 0.05000000000000002,
        "weightedaveragenumberofsharesoutstandingbasic": 900000,
        "weightedaveragenumberofdilutedsharesoutstanding": 900000
    },
    {
        "date": "2009-04-29",
        "symbol": "ADSK",
        "period": "Q1",
        "licensesrevenue": 243600000,
        "maintenancerevenue": 182200000,
        "salesrevenuenet": 425800000,
        "licensecosts": 49500000,
        "maintenancecosts": 2800000,
        "costofrevenue": 52300000,
        "grossprofit": 373500000,
        "sellingandmarketingexpense": 185800000,
        "researchanddevelopmentexpense": 124100000,
        "generalandadministrativeexpense": 45500000,
        "goodwillimpairmentloss": 21000000,
        "restructuringcharges": 16500000,
        "operatingexpenses": 392900000,
        "operatingincomeloss": -19400000,
        "incomelossfromcontinuingoperationsbeforeincometaxesminorityinterestandincomelossfromequitymethodinvestments": -19400000,
        "incometaxexpensebenefit": 12700000,
        "netincomeloss": -32100000,
        "earningspersharebasic": -0.14,
        "earningspersharediluted": -0.14,
        "weightedaveragenumberofsharesoutstandingbasic": 227100000,
        "weightedaveragenumberofdilutedsharesoutstanding": 227100000
    }
]