[
    {
        "date": "2024-03-30",
        "symbol": "IBKR",
        "period": "Q1",
        "brokeragecommissionsrevenue": 379000000,
        "otherfeesandservices": 59000000,
        "otherincomeloss": 18000000,
        "noninterestincome": 456000000,
        "interestincomeoperating": 1760000000,
        "interestexpense": 1013000000,
        "interestincomeexpensenet": 747000000,
        "revenuesnetofinterestexpense": 1203000000,
        "executionandclearing": 101000000,
        "laborandrelatedexpense": 145000000,
        "occupancydepreiationandamortization": 26000000,
        "communication": 10000000,
        "othernoninterestexpense": 50000000,
        "customerbaddebt": 5000000,
        "noninterestexpense": 337000000,
        "incomelossfromcontinuingoperationsbeforeincometaxesextraordinaryitemsnoncontrollinginterest": 866000000,
        "incometaxexpensebenefit": 71000000,
        "profitloss": 795000000,
        "netincomelossattributabletononcontrollinginterest": 620000000,
        "netincomelossavailabletocommonstockholdersbasic": 175000000,
        "earningspersharebasic": 1.63,
        "earningspersharediluted": 1.61,
        "weightedaveragenumberofsharesoutstandingbasic": 107070830,
        "weightedaveragenumberofdilutedsharesoutstanding": 108149440,
        "othercomprehensiveincomelossforeigncurrencytransactionandtranslationadjustmentbeforetax": -26000000,
        "othercomprehensiveincomelossnetoftaxportionattributabletoparent": -26000000,
        "comprehensiveincomenetoftax": 149000000,
        "othercomprehensiveincomeforeigncurrencytransactionandtranslationadjustmentnetoftaxportionattributabletononcontrollinginterest": -76000000,
        "comprehensiveincomenetoftaxattributabletononcontrollinginterest": 544000000
    },
    {
        "date": "2023-09-29",
        "symbol": "IBKR",
        "period": "Q3",
        "brokeragecommissionsrevenue": 333000000,
        "otherfeesandservices": 52000000,
        "otherincomeloss": 27000000,
        "noninterestincome": 412000000,
        "interestincomeoperating": 1643000000,
        "interestexpense": 910000000,
        "interestincomeexpensenet": 733000000,
        "revenuesnetofinterestexpense": 2582000000,
        "executionandclearing": 98000000,
        "laborandrelatedexpense": 127000000,
        "occupancydepreiationandamortization": 25000000,
        "communication": 10000000,
        "othernoninterestexpense": 45000000,
        "customerbaddebt": 0,
        "noninterestexpense": 305000000,
        "incomelossfromcontinuingoperationsbeforeincometaxesextraordinaryitemsnoncontrollinginterest": 1915000000,
        "incometaxexpensebenefit": 68000000,
        "profitloss": 772000000,
        "netincomelossattributabletononcontrollinginterest": 605000000,
        "netincomelossavailabletocommonstockholdersbasic": 167000000,
        "earningspersharebasic": 1.5699999999999998,
        "earningspersharediluted": 1.5700000000000003,
        "weightedaveragenumberofsharesoutstandingbasic": 104271721,
        "weightedaveragenumberofdilutedsharesoutstanding": 105184572,
        "othercomprehensiveincomelossforeigncurrencytransactionandtranslationadjustmentbeforetax": -19000000,
        "othercomprehensiveincomelossnetoftaxportionattributabletoparent": -19000000,
        "comprehensiveincomenetoftax": 148000000,
        "othercomprehensiveincomeforeigncurrencytransactionandtranslationadjustmentnetoftaxportionattributabletononcontrollinginterest": -57000000,
        "comprehensiveincomenetoftaxattributabletononcontrollinginterest": 548000000
    },
    {
        "date": "2023-06-29",
        "symbol": "IBKR",
        "period": "Q2",
        "brokeragecommissionsrevenue": 322000000,
        "otherfeesandservices": 47000000,
        "otherincomeloss": -63000000,
        "noninterestincome": 306000000,
        "interestincomeoperating": 1545000000,
        "interestexpense": 851000000,
        "interestincomeexpensenet": 694000000,
        "revenuesnetofinterestexpense": 296000000,
        "executionandclearing": 93000000,
        "laborandrelatedexpense": 136000000,
        "occupancydepreiationandamortization": 25000000,
        "communication": 10000000,
        "othernoninterestexpense": 85000000,
        "customerbaddebt": -1000000,
        "noninterestexpense": 348000000,
        "incomelossfromcontinuingoperationsbeforeincometaxesextraordinaryitemsnoncontrollinginterest": 164000000,
        "incometaxexpensebenefit": 51000000,
        "profitloss": 601000000,
        "netincomelossattributabletononcontrollinginterest": 476000000,
        "netincomelossavailabletocommonstockholdersbasic": 125000000,
        "earningspersharebasic": 1.21,
        "earningspersharediluted": 1.2,
        "weightedaveragenumberofsharesoutstandingbasic": 100,
        "weightedaveragenumberofdilutedsharesoutstanding": "null",
        "othercomprehensiveincomelossforeigncurrencytransactionandtranslationadjustmentbeforetax": 7000000,
        "othercomprehensiveincomelossnetoftaxportionattributabletoparent": 7000000,
        "comprehensiveincomenetoftax": 132000000,
        "othercomprehensiveincomeforeigncurrencytransactionandtranslationadjustmentnetoftaxportionattributabletononcontrollinginterest": 24000000,
        "comprehensiveincomenetoftaxattributabletononcontrollinginterest": 500000000
    },
    {
        "date": "2023-03-30",
        "symbol": "IBKR",
        "period": "Q1",
        "brokeragecommissionsrevenue": 357000000,
        "otherfeesandservices": 43000000,
        "otherincomeloss": 19000000,
        "noninterestincome": 419000000,
        "interestincomeoperating": 1347000000,
        "interestexpense": 710000000,
        "interestincomeexpensenet": 637000000,
        "revenuesnetofinterestexpense": 323000000,
        "executionandclearing": 95000000,
        "laborandrelatedexpense": 128000000,
        "occupancydepreiationandamortization": 24000000,
        "communication": 9000000,
        "othernoninterestexpense": 36000000,
        "customerbaddebt": 3000000,
        "noninterestexpense": 295000000,
        "incomelossfromcontinuingoperationsbeforeincometaxesextraordinaryitemsnoncontrollinginterest": 174000000,
        "incometaxexpensebenefit": 61000000,
        "profitloss": 700000000,
        "netincomelossattributabletononcontrollinginterest": 552000000,
        "netincomelossavailabletocommonstockholdersbasic": 148000000,
        "earningspersharebasic": 1.44,
        "earningspersharediluted": 1.42,
        "weightedaveragenumberofsharesoutstandingbasic": 100,
        "weightedaveragenumberofdilutedsharesoutstanding": "null",
        "othercomprehensiveincomelossforeigncurrencytransactionandtranslationadjustmentbeforetax": 5000000,
        "othercomprehensiveincomelossnetoftaxportionattributabletoparent": 5000000,
        "comprehensiveincomenetoftax": 153000000,
        "othercomprehensiveincomeforeigncurrencytransactionandtranslationadjustmentnetoftaxportionattributabletononcontrollinginterest": 14000000,
        "comprehensiveincomenetoftaxattributabletononcontrollinginterest": 566000000
    },
    {
        "date": "2022-09-29",
        "symbol": "IBKR",
        "period": "Q3",
        "brokeragecommissionsrevenue": 320000000,
        "otherfeesandservices": 45000000,
        "otherincomeloss": -48000000,
        "noninterestincome": 317000000,
        "interestincomeoperating": 783000000,
        "interestexpense": 310000000,
        "interestincomeexpensenet": 473000000,
        "revenuesnetofinterestexpense": 234000000,
        "executionandclearing": 86000000,
        "laborandrelatedexpense": 112000000,
        "occupancydepreiationandamortization": 23000000,
        "communication": 8000000,
        "othernoninterestexpense": 37000000,
        "customerbaddebt": 1000000,
        "noninterestexpense": 267000000,
        "incomelossfromcontinuingoperationsbeforeincometaxesextraordinaryitemsnoncontrollinginterest": 114000000,
        "incometaxexpensebenefit": 40000000,
        "profitloss": 483000000,
        "netincomelossattributabletononcontrollinginterest": 384000000,
        "netincomelossavailabletocommonstockholdersbasic": 99000000,
        "earningspersharebasic": 0.98,
        "earningspersharediluted": 0.97,
        "weightedaveragenumberofsharesoutstandingbasic": 100,
        "weightedaveragenumberofdilutedsharesoutstanding": "null",
        "othercomprehensiveincomelossforeigncurrencytransactionandtranslationadjustmentbeforetax": -30000000,
        "othercomprehensiveincomelossnetoftaxportionattributabletoparent": -30000000,
        "comprehensiveincomenetoftax": 69000000,
        "othercomprehensiveincomeforeigncurrencytransactionandtranslationadjustmentnetoftaxportionattributabletononcontrollinginterest": -93000000,
        "comprehensiveincomenetoftaxattributabletononcontrollinginterest": 291000000
    },
    {
        "date": "2022-06-29",
        "symbol": "IBKR",
        "period": "Q2",
        "brokeragecommissionsrevenue": 322000000,
        "otherfeesandservices": 43000000,
        "otherincomeloss": -57000000,
        "noninterestincome": 308000000,
        "interestincomeoperating": 460000000,
        "interestexpense": 112000000,
        "interestincomeexpensenet": 348000000,
        "revenuesnetofinterestexpense": 219000000,
        "executionandclearing": 77000000,
        "laborandrelatedexpense": 112000000,
        "occupancydepreiationandamortization": 23000000,
        "communication": 9000000,
        "othernoninterestexpense": 42000000,
        "customerbaddebt": 1000000,
        "noninterestexpense": 264000000,
        "incomelossfromcontinuingoperationsbeforeincometaxesextraordinaryitemsnoncontrollinginterest": 94000000,
        "incometaxexpensebenefit": 32000000,
        "profitloss": 360000000,
        "netincomelossattributabletononcontrollinginterest": 288000000,
        "netincomelossavailabletocommonstockholdersbasic": 72000000,
        "earningspersharebasic": 0.73,
        "earningspersharediluted": 0.72,
        "weightedaveragenumberofsharesoutstandingbasic": 100,
        "weightedaveragenumberofdilutedsharesoutstanding": "null",
        "othercomprehensiveincomelossforeigncurrencytransactionandtranslationadjustmentbeforetax": -24000000,
        "othercomprehensiveincomelossnetoftaxportionattributabletoparent": -24000000,
        "comprehensiveincomenetoftax": 48000000,
        "othercomprehensiveincomeforeigncurrencytransactionandtranslationadjustmentnetoftaxportionattributabletononcontrollinginterest": -81000000,
        "comprehensiveincomenetoftaxattributabletononcontrollinginterest": 207000000
    },
    {
        "date": "2022-03-30",
        "symbol": "IBKR",
        "period": "Q1",
        "brokeragecommissionsrevenue": 349000000,
        "otherfeesandservices": 53000000,
        "otherincomeloss": -39000000,
        "noninterestincome": 363000000,
        "interestincomeoperating": 332000000,
        "interestexpense": 50000000,
        "interestincomeexpensenet": 282000000,
        "revenuesnetofinterestexpense": 211000000,
        "executionandclearing": 71000000,
        "laborandrelatedexpense": 111000000,
        "occupancydepreiationandamortization": 22000000,
        "communication": 8000000,
        "othernoninterestexpense": 38000000,
        "customerbaddebt": 1000000,
        "noninterestexpense": 251000000,
        "incomelossfromcontinuingoperationsbeforeincometaxesextraordinaryitemsnoncontrollinginterest": 83000000,
        "incometaxexpensebenefit": 28000000,
        "profitloss": 366000000,
        "netincomelossattributabletononcontrollinginterest": 293000000,
        "netincomelossavailabletocommonstockholdersbasic": 73000000,
        "earningspersharebasic": 0.74,
        "earningspersharediluted": 0.74,
        "weightedaveragenumberofsharesoutstandingbasic": 100,
        "weightedaveragenumberofdilutedsharesoutstanding": "null",
        "othercomprehensiveincomelossforeigncurrencytransactionandtranslationadjustmentbeforetax": -10000000,
        "othercomprehensiveincomelossnetoftaxportionattributabletoparent": -10000000,
        "comprehensiveincomenetoftax": 63000000,
        "othercomprehensiveincomeforeigncurrencytransactionandtranslationadjustmentnetoftaxportionattributabletononcontrollinginterest": -31000000,
        "comprehensiveincomenetoftaxattributabletononcontrollinginterest": 262000000
    },
    {
        "date": "2021-12-30",
        "symbol": "IBKR",
        "period": "Q4",
        "brokeragecommissionsrevenue": 320000000,
        "otherfeesandservices": 58000000,
        "otherincomeloss": -70000000,
        "noninterestincome": 308000000,
        "interestincomeoperating": 350000000,
        "interestexpense": 55000000,
        "interestincomeexpensenet": 295000000,
        "revenuesnetofinterestexpense": 202000000,
        "executionandclearing": 53000000,
        "laborandrelatedexpense": 108000000,
        "occupancydepreiationandamortization": 22000000,
        "communication": 9000000,
        "othernoninterestexpense": 38000000,
        "noninterestexpense": 230000000,
        "incomelossfromcontinuingoperationsbeforeincometaxesextraordinaryitemsnoncontrollinginterest": 79000000,
        "incometaxexpensebenefit": -41000000,
        "profitloss": -990000000,
        "netincomelossattributabletononcontrollinginterest": 271000000,
        "netincomelossavailabletocommonstockholdersbasic": 67000000,
        "earningspersharebasic": 0.6699999999999999,
        "earningspersharediluted": 0.6600000000000004,
        "weightedaveragenumberofsharesoutstandingbasic": 0,
        "weightedaveragenumberofdilutedsharesoutstanding": "null",
        "othercomprehensiveincomelossforeigncurrencytransactionandtranslationadjustmentbeforetax": -1000000,
        "othercomprehensiveincomelossnetoftaxportionattributabletoparent": -1000000,
        "comprehensiveincomenetoftax": 66000000,
        "othercomprehensiveincomeforeigncurrencytransactionandtranslationadjustmentnetoftaxportionattributabletononcontrollinginterest": -1000000,
        "comprehensiveincomenetoftaxattributabletononcontrollinginterest": 270000000
    },
    {
        "date": "2021-09-29",
        "symbol": "IBKR",
        "period": "Q3",
        "brokeragecommissionsrevenue": 311000000,
        "otherfeesandservices": 49000000,
        "otherincomeloss": -170000000,
        "noninterestincome": 190000000,
        "interestincomeoperating": 325000000,
        "interestexpense": 51000000,
        "interestincomeexpensenet": 274000000,
        "revenuesnetofinterestexpense": 200000000,
        "executionandclearing": 61000000,
        "laborandrelatedexpense": 98000000,
        "occupancydepreiationandamortization": 19000000,
        "communication": 8000000,
        "othernoninterestexpense": 44000000,
        "customerbaddebt": 0,
        "noninterestexpense": 230000000,
        "incomelossfromcontinuingoperationsbeforeincometaxesextraordinaryitemsnoncontrollinginterest": 83000000,
        "incometaxexpensebenefit": 28000000,
        "profitloss": 206000000,
        "netincomelossattributabletononcontrollinginterest": 164000000,
        "netincomelossavailabletocommonstockholdersbasic": 42000000,
        "earningspersharebasic": 0.41000000000000014,
        "earningspersharediluted": 0.42000000000000015,
        "weightedaveragenumberofsharesoutstandingbasic": -100,
        "weightedaveragenumberofdilutedsharesoutstanding": "null",
        "othercomprehensiveincomelossforeigncurrencytransactionandtranslationadjustmentbeforetax": -9000000,
        "othercomprehensiveincomelossnetoftaxportionattributabletoparent": -9000000,
        "comprehensiveincomenetoftax": 33000000,
        "othercomprehensiveincomeforeigncurrencytransactionandtranslationadjustmentnetoftaxportionattributabletononcontrollinginterest": -31000000,
        "comprehensiveincomenetoftaxattributabletononcontrollinginterest": 133000000
    },
    {
        "date": "2021-06-29",
        "symbol": "IBKR",
        "period": "Q2",
        "brokeragecommissionsrevenue": 307000000,
        "otherfeesandservices": 55000000,
        "otherincomeloss": 118000000,
        "noninterestincome": 480000000,
        "interestincomeoperating": 307000000,
        "interestexpense": 33000000,
        "interestincomeexpensenet": 274000000,
        "revenuesnetofinterestexpense": 189000000,
        "executionandclearing": 54000000,
        "laborandrelatedexpense": 96000000,
        "occupancydepreiationandamortization": 19000000,
        "communication": 8000000,
        "othernoninterestexpense": 35000000,
        "customerbaddebt": 1000000,
        "noninterestexpense": 213000000,
        "incomelossfromcontinuingoperationsbeforeincometaxesextraordinaryitemsnoncontrollinginterest": 68000000,
        "incometaxexpensebenefit": 35000000,
        "profitloss": 506000000,
        "netincomelossattributabletononcontrollinginterest": 414000000,
        "netincomelossavailabletocommonstockholdersbasic": 92000000,
        "earningspersharebasic": 1.01,
        "earningspersharediluted": 1,
        "weightedaveragenumberofsharesoutstandingbasic": 100,
        "weightedaveragenumberofdilutedsharesoutstanding": "null",
        "othercomprehensiveincomelossforeigncurrencytransactionandtranslationadjustmentbeforetax": 5000000,
        "othercomprehensiveincomelossnetoftaxportionattributabletoparent": 5000000,
        "comprehensiveincomenetoftax": 97000000,
        "othercomprehensiveincomeforeigncurrencytransactionandtranslationadjustmentnetoftaxportionattributabletononcontrollinginterest": 16000000,
        "comprehensiveincomenetoftaxattributabletononcontrollinginterest": 430000000
    },
    {
        "date": "2021-03-30",
        "symbol": "IBKR",
        "period": "Q1",
        "brokeragecommissionsrevenue": 412000000,
        "otherfeesandservices": 56000000,
        "otherincomeloss": 120000000,
        "noninterestincome": 588000000,
        "interestincomeoperating": 390000000,
        "interestexpense": 85000000,
        "interestincomeexpensenet": 305000000,
        "revenuesnetofinterestexpense": 242000000,
        "executionandclearing": 68000000,
        "laborandrelatedexpense": 97000000,
        "occupancydepreiationandamortization": 20000000,
        "communication": 8000000,
        "othernoninterestexpense": 59000000,
        "customerbaddebt": 2000000,
        "noninterestexpense": 254000000,
        "incomelossfromcontinuingoperationsbeforeincometaxesextraordinaryitemsnoncontrollinginterest": 83000000,
        "incometaxexpensebenefit": 53000000,
        "profitloss": 586000000,
        "netincomelossattributabletononcontrollinginterest": 479000000,
        "netincomelossavailabletocommonstockholdersbasic": 107000000,
        "earningspersharebasic": 1.18,
        "earningspersharediluted": 1.16,
        "weightedaveragenumberofsharesoutstandingbasic": 100,
        "weightedaveragenumberofdilutedsharesoutstanding": "null",
        "othercomprehensiveincomelossforeigncurrencytransactionandtranslationadjustmentbeforetax": -17000000,
        "othercomprehensiveincomelossnetoftaxportionattributabletoparent": -17000000,
        "comprehensiveincomenetoftax": 90000000,
        "othercomprehensiveincomeforeigncurrencytransactionandtranslationadjustmentnetoftaxportionattributabletononcontrollinginterest": -59000000,
        "comprehensiveincomenetoftaxattributabletononcontrollinginterest": 420000000
    },
    {
        "date": "2020-12-30",
        "symbol": "IBKR",
        "period": "Q4",
        "brokeragecommissionsrevenue": 288000000,
        "otherfeesandservices": 52000000,
        "otherincomeloss": 34000000,
        "noninterestincome": 374000000,
        "interestincomeoperating": 280000000,
        "interestexpense": 55000000,
        "interestincomeexpensenet": 225000000,
        "revenuesnetofinterestexpense": 168000000,
        "executionandclearing": 66000000,
        "laborandrelatedexpense": 86000000,
        "occupancydepreiationandamortization": 18000000,
        "communication": 7000000,
        "othernoninterestexpense": 30000000,
        "customerbaddebt": 0,
        "noninterestexpense": 207000000,
        "incomelossfromcontinuingoperationsbeforeincometaxesextraordinaryitemsnoncontrollinginterest": 56000000,
        "incometaxexpensebenefit": -26000000,
        "profitloss": -604000000,
        "netincomelossattributabletononcontrollinginterest": 309000000,
        "netincomelossavailabletocommonstockholdersbasic": 71000000,
        "earningspersharebasic": 0.8400000000000002,
        "earningspersharediluted": 0.84,
        "weightedaveragenumberofsharesoutstandingbasic": -200,
        "weightedaveragenumberofdilutedsharesoutstanding": "null",
        "othercomprehensiveincomelossforeigncurrencytransactionandtranslationadjustmentbeforetax": 21000000,
        "comprehensiveincomenetoftax": 92000000,
        "othercomprehensiveincomeforeigncurrencytransactionandtranslationadjustmentnetoftaxportionattributabletononcontrollinginterest": 74000000,
        "comprehensiveincomenetoftaxattributabletononcontrollinginterest": 383000000
    },
    {
        "date": "2020-09-29",
        "symbol": "IBKR",
        "period": "Q3",
        "brokeragecommissionsrevenue": 279000000,
        "otherfeesandservices": 45000000,
        "otherincomeloss": 29000000,
        "noninterestincome": 353000000,
        "interestincomeoperating": 240000000,
        "interestexpense": 45000000,
        "interestincomeexpensenet": 195000000,
        "revenuesnetofinterestexpense": 158000000,
        "executionandclearing": 74000000,
        "laborandrelatedexpense": 77000000,
        "occupancydepreiationandamortization": 17000000,
        "communication": 6000000,
        "othernoninterestexpense": 37000000,
        "customerbaddebt": 3000000,
        "noninterestexpense": 214000000,
        "incomelossfromcontinuingoperationsbeforeincometaxesextraordinaryitemsnoncontrollinginterest": 56000000,
        "incometaxexpensebenefit": 32000000,
        "profitloss": 302000000,
        "netincomelossattributabletononcontrollinginterest": 256000000,
        "netincomelossavailabletocommonstockholdersbasic": 46000000,
        "earningspersharebasic": 0.59,
        "earningspersharediluted": 0.58,
        "weightedaveragenumberofsharesoutstandingbasic": 100,
        "weightedaveragenumberofdilutedsharesoutstanding": "null",
        "othercomprehensiveincomelossforeigncurrencytransactionandtranslationadjustmentbeforetax": 8000000,
        "othercomprehensiveincomelossnetoftaxportionattributabletoparent": 8000000,
        "comprehensiveincomenetoftax": 54000000,
        "othercomprehensiveincomeforeigncurrencytransactionandtranslationadjustmentnetoftaxportionattributabletononcontrollinginterest": 37000000,
        "comprehensiveincomenetoftaxattributabletononcontrollinginterest": 293000000
    },
    {
        "date": "2020-06-29",
        "symbol": "IBKR",
        "period": "Q2",
        "brokeragecommissionsrevenue": 276000000,
        "otherfeesandservices": 40000000,
        "otherincomeloss": 27000000,
        "noninterestincome": 343000000,
        "interestincomeoperating": 244000000,
        "interestexpense": 48000000,
        "interestincomeexpensenet": 196000000,
        "revenuesnetofinterestexpense": 149000000,
        "executionandclearing": 76000000,
        "laborandrelatedexpense": 82000000,
        "occupancydepreiationandamortization": 17000000,
        "communication": 7000000,
        "othernoninterestexpense": 132000000,
        "customerbaddebt": 3000000,
        "noninterestexpense": 317000000,
        "incomelossfromcontinuingoperationsbeforeincometaxesextraordinaryitemsnoncontrollinginterest": 48000000,
        "incometaxexpensebenefit": 15000000,
        "profitloss": 207000000,
        "netincomelossattributabletononcontrollinginterest": 175000000,
        "netincomelossavailabletocommonstockholdersbasic": 32000000,
        "earningspersharebasic": 0.41,
        "earningspersharediluted": 0.4,
        "weightedaveragenumberofsharesoutstandingbasic": 100,
        "weightedaveragenumberofdilutedsharesoutstanding": "null",
        "othercomprehensiveincomelossforeigncurrencytransactionandtranslationadjustmentbeforetax": 4000000,
        "othercomprehensiveincomelossnetoftax": 4000000,
        "comprehensiveincomenetoftax": 36000000,
        "othercomprehensiveincomeforeigncurrencytransactionandtranslationadjustmentnetoftaxportionattributabletononcontrollinginterest": 18000000,
        "comprehensiveincomenetoftaxattributabletononcontrollinginterest": 193000000
    },
    {
        "date": "2020-03-30",
        "symbol": "IBKR",
        "period": "Q1",
        "brokeragecommissionsrevenue": 269000000,
        "otherfeesandservices": 38000000,
        "otherincomeloss": -31000000,
        "noninterestincome": 276000000,
        "interestincomeoperating": 369000000,
        "interestexpense": 113000000,
        "interestincomeexpensenet": 256000000,
        "revenuesnetofinterestexpense": 159000000,
        "executionandclearing": 77000000,
        "laborandrelatedexpense": 80000000,
        "occupancydepreiationandamortization": 17000000,
        "communication": 6000000,
        "othernoninterestexpense": 37000000,
        "customerbaddebt": 7000000,
        "noninterestexpense": 224000000,
        "incomelossfromcontinuingoperationsbeforeincometaxesextraordinaryitemsnoncontrollinginterest": 64000000,
        "incometaxexpensebenefit": 18000000,
        "profitloss": 290000000,
        "netincomelossattributabletononcontrollinginterest": 244000000,
        "netincomelossavailabletocommonstockholdersbasic": 46000000,
        "earningspersharebasic": 0.6,
        "earningspersharediluted": 0.6,
        "weightedaveragenumberofsharesoutstandingbasic": 100,
        "weightedaveragenumberofdilutedsharesoutstanding": "null",
        "othercomprehensiveincomelossforeigncurrencytransactionandtranslationadjustmentbeforetax": -7000000,
        "othercomprehensiveincomelossnetoftax": -7000000,
        "comprehensiveincomenetoftax": 39000000,
        "othercomprehensiveincomeforeigncurrencytransactionandtranslationadjustmentnetoftaxportionattributabletononcontrollinginterest": -31000000,
        "comprehensiveincomenetoftaxattributabletononcontrollinginterest": 213000000
    },
    {
        "date": "2019-09-29",
        "symbol": "IBKR",
        "period": "Q3",
        "brokeragecommissionsrevenue": 187000000,
        "interestincomeoperating": 468000000,
        "tradinggainslosses": 7000000,
        "otherincomeloss": -19000000,
        "revenues": 643000000,
        "interestexpensepl": 177000000,
        "revenuesnetofinterestexpense": 466000000,
        "executionandclearing": 68000000,
        "laborandrelatedexpense": 67000000,
        "occupancydepreiationandamortization": 15000000,
        "communication": 7000000,
        "othernoninterestexpense": 30000000,
        "customerbaddebt": -2000000,
        "noninterestexpense": 185000000,
        "incomelossfromcontinuingoperationsbeforeincometaxesextraordinaryitemsnoncontrollinginterest": 281000000,
        "incometaxexpensebenefit": 20000000,
        "profitloss": 261000000,
        "netincomelossattributabletononcontrollinginterest": 225000000,
        "netincomelossavailabletocommonstockholdersbasic": 36000000,
        "earningspersharebasic": 0.46,
        "earningspersharediluted": 0.45,
        "weightedaveragenumberofsharesoutstandingbasic": 76742789,
        "weightedaveragenumberofdilutedsharesoutstanding": 77348976,
        "othercomprehensiveincomelossforeigncurrencytransactionandtranslationadjustmentbeforetax": -6000000,
        "othercomprehensiveincomelossnetoftax": -6000000,
        "comprehensiveincomenetoftax": 30000000,
        "othercomprehensiveincomeforeigncurrencytransactionandtranslationadjustmentnetoftaxportionattributabletononcontrollinginterest": -22000000,
        "comprehensiveincomenetoftaxattributabletononcontrollinginterest": 203000000
    },
    {
        "date": "2019-06-29",
        "symbol": "IBKR",
        "period": "Q2",
        "brokeragecommissionsrevenue": 178000000,
        "interestincomeoperating": 432000000,
        "tradinggainslosses": 6000000,
        "otherincomeloss": -30000000,
        "revenues": 586000000,
        "interestexpensepl": 173000000,
        "revenuesnetofinterestexpense": 413000000,
        "executionandclearing": 63000000,
        "laborandrelatedexpense": 75000000,
        "occupancydepreiationandamortization": 14000000,
        "communication": 6000000,
        "othernoninterestexpense": 26000000,
        "customerbaddebt": 4000000,
        "noninterestexpense": 188000000,
        "incomelossfromcontinuingoperationsbeforeincometaxesextraordinaryitemsnoncontrollinginterest": 225000000,
        "incometaxexpensebenefit": 15000000,
        "profitloss": 210000000,
        "netincomelossattributabletononcontrollinginterest": 178000000,
        "netincomelossavailabletocommonstockholdersbasic": 32000000,
        "earningspersharebasic": 0.43,
        "earningspersharediluted": 0.43,
        "weightedaveragenumberofsharesoutstandingbasic": 75868349,
        "weightedaveragenumberofdilutedsharesoutstanding": 76594934,
        "othercomprehensiveincomelossforeigncurrencytransactionandtranslationadjustmentbeforetax": 4000000,
        "othercomprehensiveincomelossnetoftax": 4000000,
        "comprehensiveincomenetoftax": 36000000,
        "othercomprehensiveincomeforeigncurrencytransactionandtranslationadjustmentnetoftaxportionattributabletononcontrollinginterest": 12000000,
        "comprehensiveincomenetoftaxattributabletononcontrollinginterest": 190000000
    },
    {
        "date": "2014-03-30",
        "symbol": "IBKR",
        "period": "Q1",
        "tradinggainslossespl": 127512000,
        "brokeragecommissionsrevenue": 136641000,
        "interestincomeoperating": 85883000,
        "otherincome": 19158000,
        "revenues": 369194000,
        "interestexpensepl": 14286000,
        "revenuenetofinterestexpense": -2189000,
        "executionandclearing": 54210000,
        "laborandrelatedexpense": 53486000,
        "occupancydepreiationandamortization": 9819000,
        "communication": 6002000,
        "othernoninterestexpense": 13247000,
        "noninterestexpense": 136764000,
        "incomelossfromcontinuingoperationsbeforeincometaxesminorityinterest": -4584000,
        "incometaxexpensebenefit": 16950000,
        "profitloss": 201194000,
        "netincomelossattributabletononcontrollinginterest": 182105000,
        "netincomelossavailabletocommonstockholdersbasic": 19089000,
        "earningspersharebasic": 0.35,
        "earningspersharediluted": 0.34,
        "weightedaveragenumberofsharesoutstandingbasic": 100,
        "weightedaveragenumberofdilutedsharesoutstanding": 56041282,
        "othercomprehensiveincomeforeigncurrencytransactionandtranslationadjustmentbeforetaxperiodincreasedecrease": 491000,
        "othercomprehensiveincomelosstax": 123000,
        "othercomprehensiveincomelossnetoftaxperiodincreasedecrease": 368000,
        "comprehensiveincomeavailablenetoftax": 19457000,
        "othercomprehensiveincomeforeigncurrencytransactionandtranslationadjustmentnetoftaxportionattributabletononcontrollinginterest": 3120000,
        "comprehensiveincomenetoftaxattributabletononcontrollinginterest": 185225000
    },
    {
        "date": "2013-06-29",
        "symbol": "IBKR",
        "period": "Q2",
        "tradinggainslossespl": 59106000,
        "brokeragecommissionsrevenue": 138092000,
        "interestincomeoperating": 76070000,
        "otherincome": 24262000,
        "revenues": 297530000,
        "interestexpensepl": 13574000,
        "revenuenetofinterestexpense": 3156000,
        "executionandclearing": 64727000,
        "laborandrelatedexpense": 58018000,
        "occupancydepreiationandamortization": 9249000,
        "communication": 5703000,
        "othernoninterestexpense": 12333000,
        "noninterestexpense": 150030000,
        "incomelossfromcontinuingoperationsbeforeincometaxesminorityinterest": 2204000,
        "incometaxexpensebenefit": 13890000,
        "profitloss": 120036000,
        "netincomelossattributabletononcontrollinginterest": 109658000,
        "netincomeloss": 10378000,
        "earningspersharebasic": 0.21,
        "earningspersharediluted": 0.21,
        "weightedaveragenumberofsharesoutstandingbasic": 100,
        "weightedaveragenumberofdilutedsharesoutstanding": 49012567,
        "othercomprehensiveincomeforeigncurrencytransactionandtranslationadjustmentbeforetaxperiodincreasedecrease": -4007000,
        "othercomprehensiveincomelosstax": -403000,
        "othercomprehensiveincomelossnetoftaxperiodincreasedecrease": -3604000,
        "comprehensiveincomenetoftax": 6774000,
        "othercomprehensiveincomeforeigncurrencytransactionandtranslationadjustmentnetoftaxportionattributabletononcontrollinginterest": -27994000,
        "comprehensiveincomenetoftaxattributabletononcontrollinginterest": 81664000
    },
    {
        "date": "2013-03-30",
        "symbol": "IBKR",
        "period": "Q1",
        "tradinggainslossespl": 18994000,
        "brokeragecommissionsrevenue": 119538000,
        "interestincomeoperating": 70502000,
        "otherincome": 19911000,
        "revenues": 228945000,
        "interestexpensepl": 12871000,
        "revenuenetofinterestexpense": -2735000,
        "executionandclearing": 59540000,
        "laborandrelatedexpense": 46318000,
        "occupancydepreiationandamortization": 10069000,
        "communication": 5453000,
        "othernoninterestexpense": 12471000,
        "noninterestexpense": 133851000,
        "incomelossfromcontinuingoperationsbeforeincometaxesminorityinterest": 361000,
        "incometaxexpensebenefit": 6935000,
        "profitloss": 75288000,
        "netincomelossattributabletononcontrollinginterest": 68731000,
        "netincomeloss": 6557000,
        "earningspersharebasic": 0.14,
        "earningspersharediluted": 0.14,
        "weightedaveragenumberofsharesoutstandingbasic": 100,
        "weightedaveragenumberofdilutedsharesoutstanding": 47688314,
        "othercomprehensiveincomeforeigncurrencytransactionandtranslationadjustmentbeforetaxperiodincreasedecrease": -3735000,
        "othercomprehensiveincomelosstax": 7000,
        "othercomprehensiveincomelossnetoftaxperiodincreasedecrease": -3742000,
        "comprehensiveincomenetoftax": 2815000,
        "othercomprehensiveincomeforeigncurrencytransactionandtranslationadjustmentnetoftaxportionattributabletononcontrollinginterest": -27621000,
        "comprehensiveincomenetoftaxattributabletononcontrollinginterest": 41110000
    },
    {
        "date": "2012-09-29",
        "symbol": "IBKR",
        "period": "Q3",
        "tradinggainslossespl": 149700000,
        "brokeragecommissionsrevenue": 100584000,
        "interestincomeoperating": 65410000,
        "otherincome": 17104000,
        "revenues": 332798000,
        "interestexpensepl": 14199000,
        "revenuenetofinterestexpense": -3112000,
        "executionandclearing": 61646000,
        "laborandrelatedexpense": 57676000,
        "occupancydepreiationandamortization": 9043000,
        "communication": 6089000,
        "othernoninterestexpense": 11525000,
        "noninterestexpense": 145979000,
        "incomelossfromcontinuingoperationsbeforeincometaxesminorityinterest": 1655000,
        "incometaxexpensebenefit": 14747000,
        "profitloss": 157873000,
        "netincomelossattributabletononcontrollinginterest": 145385000,
        "netincomeloss": 12488000,
        "earningspersharebasic": 0.26,
        "earningspersharediluted": 0.26,
        "weightedaveragenumberofsharesoutstandingbasic": 100,
        "weightedaveragenumberofdilutedsharesoutstanding": 47679818,
        "othercomprehensiveincomeforeigncurrencytransactionandtranslationadjustmentbeforetaxperiodincreasedecrease": 2965000,
        "othercomprehensiveincomelosstax": 1071000,
        "othercomprehensiveincomelossnetoftaxperiodincreasedecrease": 1894000,
        "comprehensiveincomenetoftax": 14382000,
        "othercomprehensiveincomeforeigncurrencytransactionandtranslationadjustmentnetoftaxportionattributabletononcontrollinginterest": 21934000,
        "comprehensiveincomenetoftaxattributabletononcontrollinginterest": 167319000
    },
    {
        "date": "2012-06-29",
        "symbol": "IBKR",
        "period": "Q2",
        "tradinggainslossespl": 85007000,
        "brokeragecommissionsrevenue": 108071000,
        "interestincomeoperating": 68621000,
        "otherincome": 15322000,
        "revenues": 277021000,
        "interestexpensepl": 16133000,
        "revenuenetofinterestexpense": -1738000,
        "executionandclearing": 66171000,
        "laborandrelatedexpense": 59801000,
        "occupancydepreiationandamortization": 9957000,
        "communication": 5486000,
        "othernoninterestexpense": 10966000,
        "noninterestexpense": 152381000,
        "incomelossfromcontinuingoperationsbeforeincometaxesminorityinterest": -5731000,
        "incometaxexpensebenefit": 10977000,
        "profitloss": 97530000,
        "netincomelossattributabletononcontrollinginterest": 89546000,
        "netincomeloss": 7984000,
        "earningspersharebasic": 0.17,
        "earningspersharediluted": 0.17,
        "weightedaveragenumberofsharesoutstandingbasic": 100,
        "weightedaveragenumberofdilutedsharesoutstanding": 46957081,
        "othercomprehensiveincomeforeigncurrencytransactionandtranslationadjustmentbeforetaxperiodincreasedecrease": -5801000,
        "othercomprehensiveincomelosstax": -2095000,
        "othercomprehensiveincomelossnetoftaxperiodincreasedecrease": -3706000,
        "comprehensiveincomenetoftax": 4278000,
        "othercomprehensiveincomeforeigncurrencytransactionandtranslationadjustmentnetoftaxportionattributabletononcontrollinginterest": -43609000,
        "comprehensiveincomenetoftaxattributabletononcontrollinginterest": 45937000
    },
    {
        "date": "2012-03-30",
        "symbol": "IBKR",
        "period": "Q1",
        "tradinggainslossespl": 137280000,
        "brokeragecommissionsrevenue": 100885000,
        "interestincomeoperating": 66576000,
        "otherincome": 18324000,
        "revenues": 323065000,
        "interestexpensepl": 19143000,
        "revenuenetofinterestexpense": 935000,
        "executionandclearing": 64624000,
        "laborandrelatedexpense": 62725000,
        "occupancydepreiationandamortization": 9934000,
        "communication": 5674000,
        "othernoninterestexpense": 11288000,
        "noninterestexpense": 154245000,
        "incomelossfromcontinuingoperationsbeforeincometaxesminorityinterest": -873000,
        "incometaxexpensebenefit": 8734000,
        "profitloss": 140943000,
        "netincomelossattributabletononcontrollinginterest": 129859000,
        "netincomeloss": 11084000,
        "earningspersharebasic": 0.24,
        "earningspersharediluted": 0.24,
        "weightedaveragenumberofsharesoutstandingbasic": 100,
        "weightedaveragenumberofdilutedsharesoutstanding": 45951464,
        "othercomprehensiveincomeforeigncurrencytransactionandtranslationadjustmentbeforetaxperiodincreasedecrease": 4110000,
        "othercomprehensiveincomelosstax": 1484000,
        "othercomprehensiveincomelossnetoftaxperiodincreasedecrease": 2626000,
        "comprehensiveincomenetoftax": 13710000,
        "othercomprehensiveincomeforeigncurrencytransactionandtranslationadjustmentnetoftaxportionattributabletononcontrollinginterest": 31551000,
        "comprehensiveincomenetoftaxattributabletononcontrollinginterest": 161410000
    },
    {
        "date": "2011-09-29",
        "symbol": "IBKR",
        "period": "Q3",
        "tradinggainslossespl": 193778000,
        "brokeragecommissionsrevenue": 130665000,
        "interestincomeoperating": 73694000,
        "otherincome": 10726000,
        "revenues": 408863000,
        "interestexpensepl": 23337000,
        "revenuenetofinterestexpense": 237494000,
        "executionandclearing": 82080000,
        "laborandrelatedexpense": 56157000,
        "occupancydepreiationandamortization": 8984000,
        "communication": 5736000,
        "othernoninterestexpense": 14812000,
        "noninterestexpense": 167769000,
        "incomelossfromcontinuingoperationsbeforeincometaxesminorityinterest": 217757000,
        "incometaxexpensebenefit": 15270000,
        "profitloss": 202487000,
        "netincomelossattributabletononcontrollinginterest": 179993000,
        "netincomeloss": 22494000,
        "earningspersharebasic": 0.5,
        "earningspersharediluted": 0.5,
        "weightedaveragenumberofsharesoutstandingbasic": 100,
        "weightedaveragenumberofdilutedsharesoutstanding": 45208557,
        "othercomprehensiveincomeforeigncurrencytransactionandtranslationadjustmentbeforetaxperiodincreasedecrease": -10127000,
        "othercomprehensiveincomelosstax": -3722000,
        "othercomprehensiveincomelossnetoftaxperiodincreasedecrease": -6405000,
        "comprehensiveincomenetoftax": 16089000,
        "othercomprehensiveincomeforeigncurrencytransactionandtranslationadjustmentnetoftaxportionattributabletononcontrollinginterest": -75945000,
        "comprehensiveincomenetoftaxattributabletononcontrollinginterest": 104048000
    },
    {
        "date": "2011-03-30",
        "symbol": "IBKR",
        "period": "Q1",
        "tradinggainslossespl": 200338000,
        "brokeragecommissionsrevenue": 109199000,
        "interestincomeoperating": 58663000,
        "otherincome": 17435000,
        "revenues": 385635000,
        "interestexpensepl": 17747000,
        "revenuenetofinterestexpense": 367888000,
        "executionandclearing": 66237000,
        "laborandrelatedexpense": 52359000,
        "occupancydepreiationandamortization": 9246000,
        "communication": 5448000,
        "othernoninterestexpense": 12626000,
        "noninterestexpense": 145916000,
        "incomelossfromcontinuingoperationsbeforeincometaxesminorityinterest": 221972000,
        "incometaxexpensebenefit": 18732000,
        "profitloss": 186989000,
        "netincomelossattributabletononcontrollinginterest": 186989000,
        "netincomeloss": 16251000,
        "earningspersharebasic": 0.38,
        "earningspersharediluted": 0.38,
        "weightedaveragenumberofsharesoutstandingbasic": 42231651,
        "weightedaveragenumberofdilutedsharesoutstanding": 42791822
    },
    {
        "date": "2010-09-29",
        "symbol": "IBKR",
        "period": "Q3",
        "tradinggainslossespl": 168675000,
        "brokeragecommissionsrevenue": 90144000,
        "interestincomeoperating": 42350000,
        "otherincome": 13928000,
        "revenues": 315097000,
        "interestexpensepl": 15959000,
        "revenuenetofinterestexpense": 299138000,
        "executionandclearing": 61905000,
        "laborandrelatedexpense": 49613000,
        "occupancydepreiationandamortization": 9197000,
        "communication": 5834000,
        "othernoninterestexpense": 10669000,
        "noninterestexpense": 137218000,
        "incomelossfromcontinuingoperationsbeforeincometaxesminorityinterest": 161920000,
        "incometaxexpensebenefit": 13201000,
        "profitloss": 148719000,
        "netincomelossattributabletononcontrollinginterest": 137683000,
        "netincomeloss": 11036000,
        "earningspersharebasic": 0.26,
        "earningspersharediluted": 0.26,
        "weightedaveragenumberofsharesoutstandingbasic": 42222449,
        "weightedaveragenumberofdilutedsharesoutstanding": 42784799
    }
]