[
    {
        "date": "2024-03-30",
        "symbol": "NI",
        "period": "Q1",
        "revenuefromcontractwithcustomerexcludingassessedtax": 1643000000,
        "regulatedoperatingrevenueother": 63300000,
        "regulatedoperatingrevenue": 1706300000,
        "costofgoodsandserviceexcludingdepreciationdepletionandamortization": 425000000,
        "utilitiesoperatingexpensemaintenanceandoperations": 378400000,
        "depreciationdepletionandamortization": 242100000,
        "taxesexcludingincomeandexcisetaxes": 77400000,
        "operatingcostsandexpenses": 1122900000,
        "operatingincomeloss": 583400000,
        "interestexpense": 116300000,
        "othernonoperatingincomeexpense": 9200000,
        "nonoperatingincomeexpense": -107100000,
        "incomelossfromcontinuingoperationsbeforeincometaxesdomestic": 476300000,
        "incometaxexpensebenefit": 76000000,
        "profitloss": 400300000,
        "netincomelossattributabletononcontrollinginterest": 35300000,
        "netincomeloss": 365000000,
        "preferredstockredemptionpremium": 14000000,
        "preferredstockdividendsincomestatementimpact": 6700000,
        "netincomelossavailabletocommonstockholdersbasic": 344300000,
        "earningspersharebasic": 0.77,
        "earningspersharediluted": 0.77,
        "weightedaveragenumberofsharesoutstandingbasic": 447900000,
        "weightedaveragenumberofdilutedsharesoutstanding": 449400000,
        "othercomprehensiveincomelossavailableforsalesecuritiesadjustmentnetoftax": -300000,
        "othercomprehensiveincomelosscashflowhedgegainlossafterreclassificationandtax": -100000,
        "othercomprehensiveincomelosspensionandotherpostretirementbenefitplansadjustmentnetoftax": -200000,
        "othercomprehensiveincomelossnetoftax": -200000,
        "comprehensiveincomenetoftaxincludingportionattributabletononcontrollinginterest": 400100000,
        "othercomprehensiveincomeunrealizedholdinggainlossonsecuritiesarisingduringperiodtax": 100000,
        "othercomprehensiveincomelosspensionandotherpostretirementbenefitplanstax": -100000
    },
    {
        "date": "2022-09-29",
        "symbol": "NI",
        "period": "Q3",
        "revenuefromcontractwithcustomerexcludingassessedtax": 1058200000,
        "regulatedoperatingrevenueother": 31300000,
        "regulatedoperatingrevenue": 1089500000,
        "costofgoodsandserviceexcludingdepreciationdepletionandamortization": 330800000,
        "utilitiesoperatingexpensemaintenanceandoperations": 347900000,
        "depreciationdepletionandamortization": 203200000,
        "impairmentandgainlossonsaleofassetsnet": -300000,
        "taxesexcludingincomeandexcisetaxes": 51200000,
        "operatingcostsandexpenses": 932800000,
        "operatingincomeloss": 156700000,
        "interestexpense": 91600000,
        "othernonoperatingincomeexpense": 10100000,
        "nonoperatingincomeexpense": -81500000,
        "incomelossfromcontinuingoperationsbeforeincometaxesdomestic": 75200000,
        "incometaxexpensebenefit": 11700000,
        "profitloss": 63500000,
        "netincomelossattributabletononcontrollinginterest": -2300000,
        "netincomeloss": 65800000,
        "preferredstockdividendsincomestatementimpact": 13800000,
        "netincomelossavailabletocommonstockholdersbasic": 52000000,
        "earningspersharebasic": 0.13,
        "earningspersharediluted": 0.12,
        "weightedaveragenumberofsharesoutstandingbasic": 406500000,
        "weightedaveragenumberofdilutedsharesoutstanding": 443400000,
        "othercomprehensiveincomelossavailableforsalesecuritiesadjustmentnetoftax": -4500000,
        "othercomprehensiveincomelosscashflowhedgegainlossafterreclassificationandtax": 16200000,
        "othercomprehensiveincomelosspensionandotherpostretirementbenefitplansadjustmentnetoftax": -600000,
        "othercomprehensiveincomelossnetoftax": 12300000,
        "comprehensiveincomenetoftaxincludingportionattributabletononcontrollinginterest": 75800000,
        "othercomprehensiveincomeunrealizedholdinggainlossonsecuritiesarisingduringperiodtax": 1100000,
        "othercomprehensiveincomelosscashflowhedgegainlossafterreclassificationtax": -5300000,
        "othercomprehensiveincomelosspensionandotherpostretirementbenefitplanstax": -200000
    },
    {
        "date": "2021-09-29",
        "symbol": "NI",
        "period": "Q3",
        "revenuefromcontractwithcustomerexcludingassessedtax": 200000,
        "regulatedoperatingrevenueother": 8000000,
        "regulatedoperatingrevenue": 8199999.999999999,
        "costofgoodsandserviceexcludingdepreciationdepletionandamortization": 208300000,
        "utilitiesoperatingexpensemaintenanceandoperations": 351100000,
        "depreciationdepletionandamortization": 188900000,
        "impairmentandgainlossonsaleofassetsnet": -1100000,
        "taxesexcludingincomeandexcisetaxes": 65099999.99999999,
        "operatingcostsandexpenses": 812300000,
        "operatingincomeloss": -4300000,
        "interestexpense": 84400000,
        "othernonoperatingincomeexpense": 14300000,
        "nonoperatingincomeexpense": -70100000,
        "incomelossfromcontinuingoperationsbeforeincometaxesdomestic": 77000000,
        "incometaxexpensebenefit": 14800000,
        "profitloss": -1000000,
        "netincomelossattributabletononcontrollinginterest": -1000000,
        "netincomeloss": 63200000,
        "preferredstockdividendsincomestatementimpact": 13800000,
        "netincomelossavailabletocommonstockholdersbasic": 49400000,
        "earningspersharebasic": 0.13,
        "earningspersharediluted": 0.12,
        "weightedaveragenumberofsharesoutstandingbasic": 393200000,
        "weightedaveragenumberofdilutedsharesoutstanding": 430300000,
        "othercomprehensiveincomelossavailableforsalesecuritiesadjustmentnetoftax": -800000,
        "othercomprehensiveincomelosscashflowhedgegainlossafterreclassificationandtax": 6600000,
        "othercomprehensiveincomelosspensionandotherpostretirementbenefitplansadjustmentnetoftax": -400000,
        "othercomprehensiveincomelossnetoftax": 400000,
        "comprehensiveincomenetoftaxincludingportionattributabletononcontrollinginterest": 68400000,
        "othercomprehensiveincomeunrealizedholdinggainlossonsecuritiesarisingduringperiodtax": -200000,
        "othercomprehensiveincomelosscashflowhedgegainlossafterreclassificationtax": 2200000,
        "othercomprehensiveincomelosspensionandotherpostretirementbenefitplanstax": -200000
    },
    {
        "date": "2021-06-29",
        "symbol": "NI",
        "period": "Q2",
        "revenuefromcontractwithcustomerexcludingassessedtax": 952400000,
        "regulatedoperatingrevenueother": 33600000,
        "regulatedoperatingrevenue": 986000000,
        "costofgoodsandserviceexcludingdepreciationdepletionandamortization": 228300000,
        "utilitiesoperatingexpensemaintenanceandoperations": 362800000,
        "depreciationdepletionandamortization": 186300000,
        "impairmentandgainlossonsaleofassetsnet": -100000,
        "taxesexcludingincomeandexcisetaxes": 66500000,
        "operatingcostsandexpenses": 843800000,
        "operatingincomeloss": 142200000,
        "interestexpense": 84500000,
        "othernonoperatingincomeexpense": 12400000,
        "nonoperatingincomeexpense": -72100000,
        "incomelossfromcontinuingoperationsbeforeincometaxesdomestic": 70100000,
        "incometaxexpensebenefit": 13200000,
        "profitloss": 56900000,
        "netincomelossattributabletononcontrollinginterest": -3400000,
        "netincomeloss": 60300000,
        "preferredstockdividendsincomestatementimpact": 13800000,
        "netincomelossavailabletocommonstockholdersbasic": 46500000,
        "earningspersharebasic": 0.12,
        "earningspersharediluted": 0.11,
        "weightedaveragenumberofsharesoutstandingbasic": 393000000,
        "weightedaveragenumberofdilutedsharesoutstanding": 422900000,
        "othercomprehensiveincomelossavailableforsalesecuritiesadjustmentnetoftax": 900000,
        "othercomprehensiveincomelossderivativesqualifyingashedgesnetoftax": -49800000,
        "othercomprehensiveincomelosspensionandotherpostretirementbenefitplansadjustmentnetoftax": -800000,
        "othercomprehensiveincomelossnetoftax": -48100000,
        "comprehensiveincomenetoftaxincludingportionattributabletononcontrollinginterest": 8800000,
        "othercomprehensiveincomeunrealizedholdinggainlossonsecuritiesarisingduringperiodtax": 300000,
        "othercomprehensiveincomeunrealizedgainlossonderivativesarisingduringperiodtax": -16500000,
        "othercomprehensiveincomelosspensionandotherpostretirementbenefitplanstax": -200000
    },
    {
        "date": "2021-03-30",
        "symbol": "NI",
        "period": "Q1",
        "revenuefromcontractwithcustomerexcludingassessedtax": 1506500000,
        "regulatedoperatingrevenueother": 39100000,
        "regulatedoperatingrevenue": 1545600000,
        "costofgoodsandserviceexcludingdepreciationdepletionandamortization": 476800000,
        "utilitiesoperatingexpensemaintenanceandoperations": 361500000,
        "depreciationdepletionandamortization": 185000000,
        "impairmentandgainlossonsaleofassetsnet": 8100000,
        "taxesexcludingincomeandexcisetaxes": 81000000,
        "operatingcostsandexpenses": 1112400000,
        "operatingincomeloss": 433200000,
        "interestexpense": 84600000,
        "othernonoperatingincomeexpense": 10500000,
        "nonoperatingincomeexpense": -74100000,
        "incomelossfromcontinuingoperationsbeforeincometaxesdomestic": 359100000,
        "incometaxexpensebenefit": 62600000,
        "profitloss": 296500000,
        "netincomelossattributabletononcontrollinginterest": 1000000,
        "netincomeloss": 295500000,
        "preferredstockdividendsincomestatementimpact": 13800000,
        "netincomelossavailabletocommonstockholdersbasic": 281700000,
        "earningspersharebasic": 0.72,
        "earningspersharediluted": 0.72,
        "weightedaveragenumberofsharesoutstandingbasic": 392700000,
        "weightedaveragenumberofdilutedsharesoutstanding": 393900000,
        "othercomprehensiveincomelossavailableforsalesecuritiesadjustmentnetoftax": -2500000,
        "othercomprehensiveincomelossderivativesqualifyingashedgesnetoftax": 84600000,
        "othercomprehensiveincomelosspensionandotherpostretirementbenefitplansadjustmentnetoftax": 900000,
        "othercomprehensiveincomelossnetoftax": 81200000,
        "comprehensiveincomenetoftaxincludingportionattributabletononcontrollinginterest": 377700000,
        "othercomprehensiveincomeunrealizedholdinggainlossonsecuritiesarisingduringperiodtax": -700000,
        "othercomprehensiveincomeunrealizedgainlossonderivativesarisingduringperiodtax": 28000000,
        "othercomprehensiveincomelosspensionandotherpostretirementbenefitplanstax": -900000
    },
    {
        "date": "2020-09-29",
        "symbol": "NI",
        "period": "Q3",
        "revenuefromcontractwithcustomerexcludingassessedtax": 861500000,
        "regulatedoperatingrevenueother": 41000000,
        "regulatedoperatingrevenue": 902500000,
        "costofgoodsandserviceexcludingdepreciationdepletionandamortization": 143100000,
        "utilitiesoperatingexpensemaintenanceandoperations": 379900000,
        "depreciationdepletionandamortization": 180600000,
        "disposalgroupnotdiscontinuedoperationlossgainonwritedown": 35600000,
        "impairmentandgainlossonsaleofassetsnet": 300000,
        "taxesexcludingincomeandexcisetaxes": 70200000,
        "operatingcostsandexpenses": 809700000,
        "operatingincomeloss": 92800000,
        "interestexpense": 95200000,
        "othernonoperatingincomeexpense": 8000000,
        "gainslossesonextinguishmentofdebt": -243400000,
        "nonoperatingincomeexpense": -330600000,
        "incomelossfromcontinuingoperationsbeforeincometaxesdomestic": -237800000,
        "incometaxexpensebenefit": -64900000,
        "profitloss": -172900000,
        "preferredstockdividendsincomestatementimpact": 13800000,
        "netincomelossavailabletocommonstockholdersbasic": -186700000,
        "earningspersharebasic": -0.49,
        "earningspersharediluted": -0.49,
        "weightedaveragenumberofsharesoutstandingbasic": 383800000,
        "weightedaveragenumberofdilutedsharesoutstanding": 383800000,
        "othercomprehensiveincomelossavailableforsalesecuritiesadjustmentnetoftax": 1400000,
        "othercomprehensiveincomelossderivativesqualifyingashedgesnetoftax": 26000000,
        "othercomprehensiveincomelosspensionandotherpostretirementbenefitplansadjustmentnetoftax": -900000,
        "othercomprehensiveincomelossnetoftax": 28300000,
        "comprehensiveincomenetoftaxincludingportionattributabletononcontrollinginterest": -144600000,
        "othercomprehensiveincomeunrealizedholdinggainlossonsecuritiesarisingduringperiodtax": 400000,
        "othercomprehensiveincomeunrealizedgainlossonderivativesarisingduringperiodtax": 8600000,
        "othercomprehensiveincomelosspensionandotherpostretirementbenefitplanstax": -200000
    },
    {
        "date": "2020-06-29",
        "symbol": "NI",
        "period": "Q2",
        "revenuefromcontractwithcustomerexcludingassessedtax": 932700000,
        "regulatedoperatingrevenueother": 30000000,
        "regulatedoperatingrevenue": 962700000,
        "costofgoodsandserviceexcludingdepreciationdepletionandamortization": 188400000,
        "utilitiesoperatingexpensemaintenanceandoperations": 353100000,
        "depreciationdepletionandamortization": 177500000,
        "assetimpairmentcharges": 84400000,
        "gainlossonsalesofassetsandassetimpairmentcharges": 84400000,
        "impairmentandgainlossonsaleofassetsnet": -600000,
        "taxesexcludingincomeandexcisetaxes": 68200000,
        "operatingcostsandexpenses": 871000000,
        "operatingincomeloss": 91700000,
        "interestexpense": 97000000,
        "othernonoperatingincomeexpense": 6500000,
        "nonoperatingincomeexpense": -90500000,
        "incomelossfromcontinuingoperationsbeforeincometaxesdomestic": 1200000,
        "incometaxexpensebenefit": 5900000,
        "profitloss": -4700000,
        "preferredstockdividendsincomestatementimpact": 13800000,
        "netincomelossavailabletocommonstockholdersbasic": -18500000,
        "earningspersharebasic": -0.05,
        "earningspersharediluted": -0.05,
        "weightedaveragenumberofsharesoutstandingbasic": 383500000,
        "weightedaveragenumberofdilutedsharesoutstanding": 383500000,
        "othercomprehensiveincomelossavailableforsalesecuritiesadjustmentnetoftax": 5700000,
        "othercomprehensiveincomelossderivativesqualifyingashedgesnetoftax": 2700000,
        "othercomprehensiveincomelosspensionandotherpostretirementbenefitplansadjustmentnetoftax": -300000,
        "othercomprehensiveincomelossnetoftax": 8700000,
        "comprehensiveincomenetoftaxincludingportionattributabletononcontrollinginterest": 4000000,
        "othercomprehensiveincomeunrealizedholdinggainlossonsecuritiesarisingduringperiodtax": 1500000,
        "othercomprehensiveincomeunrealizedgainlossonderivativesarisingduringperiodtax": 900000,
        "othercomprehensiveincomelosspensionandotherpostretirementbenefitplanstax": -200000
    },
    {
        "date": "2020-03-30",
        "symbol": "NI",
        "period": "Q1",
        "profitloss": 75600000,
        "othercomprehensiveincomelossavailableforsalesecuritiesadjustmentnetoftax": -5400000,
        "othercomprehensiveincomelossderivativesqualifyingashedgesnetoftax": -133300000,
        "othercomprehensiveincomelosspensionandotherpostretirementbenefitplansadjustmentnetoftax": -700000,
        "othercomprehensiveincomelossnetoftax": -138000000,
        "comprehensiveincomenetoftaxincludingportionattributabletononcontrollinginterest": -62400000,
        "othercomprehensiveincomeunrealizedholdinggainlossonsecuritiesarisingduringperiodtax": -1400000,
        "othercomprehensiveincomeunrealizedgainlossonderivativesarisingduringperiodtax": -44100000,
        "othercomprehensiveincomelosspensionandotherpostretirementbenefitplanstax": 300000,
        "revenuefromcontractwithcustomerexcludingassessedtax": 1525900000,
        "regulatedoperatingrevenueother": 79600000,
        "regulatedoperatingrevenue": 1605500000,
        "costofgoodsandserviceexcludingdepreciationdepletionandamortization": 462400000,
        "utilitiesoperatingexpensemaintenanceandoperations": 444600000,
        "depreciationdepletionandamortization": 184300000,
        "gainlossonsalesofassetsandassetimpairmentcharges": -280200000,
        "impairmentandgainlossonsaleofassetsnet": -100000,
        "taxesexcludingincomeandexcisetaxes": 85900000,
        "operatingcostsandexpenses": 1457300000,
        "operatingincomeloss": 148200000,
        "interestexpense": 92900000,
        "othernonoperatingincomeexpense": 5400000,
        "nonoperatingincomeexpense": -87500000,
        "incomelossfromcontinuingoperationsbeforeincometaxesdomestic": 60700000,
        "incometaxexpensebenefit": -14900000,
        "preferredstockdividendsincomestatementimpact": 13800000,
        "netincomelossavailabletocommonstockholdersbasic": 61800000,
        "earningspersharebasic": 0.16,
        "earningspersharediluted": 0.16,
        "weightedaveragenumberofsharesoutstandingbasic": 383100000,
        "weightedaveragenumberofdilutedsharesoutstanding": 384100000
    },
    {
        "date": "2019-09-29",
        "symbol": "NI",
        "period": "Q3",
        "profitloss": 6600000,
        "othercomprehensiveincomelossavailableforsalesecuritiesadjustmentnetoftax": 700000,
        "othercomprehensiveincomelossderivativesqualifyingashedgesnetoftax": -50600000,
        "othercomprehensiveincomelosspensionandotherpostretirementbenefitplansadjustmentnetoftax": -400000,
        "othercomprehensiveincomelossnetoftax": -49500000,
        "comprehensiveincomenetoftaxincludingportionattributabletononcontrollinginterest": -42900000,
        "othercomprehensiveincomeunrealizedholdinggainlossonsecuritiesarisingduringperiodtax": 100000,
        "othercomprehensiveincomeunrealizedgainlossonderivativesarisingduringperiodtax": -16700000,
        "othercomprehensiveincomelosspensionandotherpostretirementbenefitplanstax": -100000,
        "revenuefromcontractwithcustomerexcludingassessedtax": 891000000,
        "regulatedoperatingrevenueother": 40500000,
        "regulatedoperatingrevenue": 931500000,
        "costofrevenue": 196700000,
        "utilitiesoperatingexpensemaintenanceandoperations": 393900000,
        "depreciationdepletionandamortization": 182200000,
        "impairmentandgainlossonsaleofassetsnet": -200000,
        "taxesexcludingincomeandexcisetaxes": 67900000,
        "operatingexpenses": 840500000,
        "operatingincomeloss": 91000000,
        "interestexpense": 95900000,
        "othernonoperatingincomeexpense": 1300000,
        "nonoperatingincomeexpense": -94600000,
        "incomelossfromcontinuingoperationsbeforeincometaxesdomestic": -3600000,
        "incometaxexpensebenefit": -10200000,
        "preferredstockdividendsincomestatementimpact": 13800000,
        "netincomelossavailabletocommonstockholdersbasic": -7200000,
        "earningspersharebasic": -0.02,
        "earningspersharediluted": -0.02,
        "weightedaveragenumberofsharesoutstandingbasic": 374100000,
        "weightedaveragenumberofdilutedsharesoutstanding": 374100000
    },
    {
        "date": "2019-06-29",
        "symbol": "NI",
        "period": "Q2",
        "profitloss": 296900000,
        "othercomprehensiveincomelossavailableforsalesecuritiesadjustmentnetoftax": 2100000,
        "othercomprehensiveincomelossderivativesqualifyingashedgesnetoftax": -30500000,
        "othercomprehensiveincomelosspensionandotherpostretirementbenefitplansadjustmentnetoftax": -400000,
        "othercomprehensiveincomelossnetoftax": -28000000,
        "comprehensiveincomenetoftaxincludingportionattributabletononcontrollinginterest": 268900000,
        "othercomprehensiveincomeunrealizedholdinggainlossonsecuritiesarisingduringperiodtax": 600000,
        "othercomprehensiveincomeunrealizedgainlossonderivativesarisingduringperiodtax": -10000000,
        "othercomprehensiveincomelosspensionandotherpostretirementbenefitplanstax": -100000,
        "revenuefromcontractwithcustomerexcludingassessedtax": 969200000,
        "regulatedoperatingrevenueother": 41200000,
        "regulatedoperatingrevenue": 1010400000,
        "costofrevenue": 253500000,
        "utilitiesoperatingexpensemaintenanceandoperations": 49200000,
        "depreciationdepletionandamortization": 177900000,
        "impairmentandgainlossonsaleofassetsnet": -100000,
        "taxesexcludingincomeandexcisetaxes": 66400000,
        "operatingexpenses": 546900000,
        "operatingincomeloss": 463500000,
        "interestexpense": 94100000,
        "othernonoperatingincomeexpense": -300000,
        "nonoperatingincomeexpense": -94400000,
        "incomelossfromcontinuingoperationsbeforeincometaxesdomestic": 369100000,
        "incometaxexpensebenefit": 72200000,
        "preferredstockdividendsincomestatementimpact": 13800000,
        "netincomelossavailabletocommonstockholdersbasic": 283100000,
        "earningspersharebasic": 0.76,
        "earningspersharediluted": 0.75,
        "weightedaveragenumberofsharesoutstandingbasic": 373900000,
        "weightedaveragenumberofdilutedsharesoutstanding": 375200000
    },
    {
        "date": "2019-03-30",
        "symbol": "NI",
        "period": "Q1",
        "profitloss": 218900000,
        "othercomprehensiveincomelossavailableforsalesecuritiesadjustmentnetoftax": 2800000,
        "othercomprehensiveincomelossderivativesqualifyingashedgesnetoftax": -19300000,
        "othercomprehensiveincomelosspensionandotherpostretirementbenefitplansadjustmentnetoftax": -900000,
        "othercomprehensiveincomelossnetoftax": -15600000,
        "comprehensiveincomenetoftaxincludingportionattributabletononcontrollinginterest": 203300000,
        "othercomprehensiveincomeunrealizedholdinggainlossonsecuritiesarisingduringperiodtax": -700000,
        "othercomprehensiveincomeunrealizedgainlossonderivativesarisingduringperiodtax": 6500000,
        "othercomprehensiveincomelosspensionandotherpostretirementbenefitplanstax": -400000,
        "revenuefromcontractwithcustomerexcludingassessedtax": 1834500000,
        "regulatedoperatingrevenueother": 35300000,
        "regulatedoperatingrevenue": 1869800000,
        "costofrevenue": 680300000,
        "utilitiesoperatingexpensemaintenanceandoperations": 552400000,
        "depreciationdepletionandamortization": 175100000,
        "impairmentandgainlossonsaleofassetsnet": 200000,
        "taxesexcludingincomeandexcisetaxes": 87600000,
        "operatingexpenses": 1495600000,
        "operatingincomeloss": 374200000,
        "interestexpense": 95600000,
        "othernonoperatingincomeexpense": -700000,
        "nonoperatingincomeexpense": -96300000,
        "incomelossfromcontinuingoperationsbeforeincometaxesdomestic": 277900000,
        "incometaxexpensebenefit": 59000000,
        "preferredstockdividendsincomestatementimpact": 13800000,
        "netincomelossavailabletocommonstockholdersbasic": 205100000,
        "earningspersharebasic": 0.55,
        "earningspersharediluted": 0.55,
        "weightedaveragenumberofsharesoutstandingbasic": 373400000,
        "weightedaveragenumberofdilutedsharesoutstanding": 374700000
    },
    {
        "date": "2017-06-29",
        "symbol": "NI",
        "period": "Q2",
        "profitloss": -44400000,
        "othercomprehensiveincomelossavailableforsalesecuritiesadjustmentnetoftax": 600000,
        "othercomprehensiveincomelossderivativesqualifyingashedgesnetoftax": -16800000,
        "othercomprehensiveincomelosspensionandotherpostretirementbenefitplansadjustmentnetoftax": -200000,
        "othercomprehensiveincomelossnetoftax": 600000,
        "comprehensiveincomenetoftaxincludingportionattributabletononcontrollinginterest": -60400000,
        "othercomprehensiveincomeunrealizedholdinggainlossonsecuritiesarisingduringperiodtax": 400000,
        "othercomprehensiveincomeunrealizedgainlossonderivativesarisingduringperiodtax": -10300000,
        "othercomprehensiveincomelosspensionandotherpostretirementbenefitplanstax": -200000,
        "gasdomesticregulatedrevenue": 327100000,
        "naturalgasmidstreamrevenue": 204900000,
        "electricdomesticregulatedrevenue": 458000000,
        "othersalesrevenuenet": 700000,
        "salesrevenuenet": 990700000,
        "costofrevenue": 276800000,
        "grossprofit": 713900000,
        "utilitiesoperatingexpensemaintenanceandoperations": 391100000,
        "depreciationdepletionandamortization": 142200000,
        "impairmentandgainlossonsaleofassetsnet": -100000,
        "taxesexcludingincomeandexcisetaxes": 56200000,
        "operatingexpenses": 589400000,
        "operatingincomeloss": -5500000,
        "interestexpense": 87700000,
        "othernonoperatingincomeexpense": 3800000,
        "gainslossesonextinguishmentofdebt": -111500000,
        "nonoperatingincomeexpense": -195400000,
        "incomelossfromcontinuingoperationsbeforeincometaxesdomestic": -70900000,
        "incometaxexpensebenefit": -26600000,
        "incomelossfromcontinuingoperationsincludingportionattributabletononcontrollinginterest": -44300000,
        "incomelossfromdiscontinuedoperationsnetoftax": -100000,
        "earningspersharebasic": -0.14,
        "earningspersharediluted": -0.14,
        "incomelossfromcontinuingoperationsperdilutedshare": -0.14,
        "incomelossfromcontinuingoperationsperbasicshare": -0.14,
        "commonstockdividendspersharecashpaid": 0.175,
        "weightedaveragenumberofsharesoutstandingbasic": 325084000,
        "weightedaveragenumberofdilutedsharesoutstanding": 325084000
    },
    {
        "date": "2016-09-29",
        "symbol": "NI",
        "period": "Q3",
        "profitloss": 27200000,
        "othercomprehensiveincomelossavailableforsalesecuritiesadjustmentnetoftax": -300000,
        "othercomprehensiveincomelossderivativesqualifyingashedgesnetoftax": -22600000,
        "othercomprehensiveincomelosspensionandotherpostretirementbenefitplansadjustmentnetoftax": -200000,
        "othercomprehensiveincomelossnetoftax": -300000,
        "comprehensiveincomenetoftaxincludingportionattributabletononcontrollinginterest": 4500000,
        "comprehensiveincomenetoftax": 4500000,
        "othercomprehensiveincomeunrealizedholdinggainlossonsecuritiesarisingduringperiodtax": -100000,
        "othercomprehensiveincomeunrealizedgainlossonderivativesarisingduringperiodtax": -14000000,
        "othercomprehensiveincomelosspensionandotherpostretirementbenefitplanstax": -100000,
        "gasdomesticregulatedrevenue": 212300000,
        "naturalgasmidstreamrevenue": 180000000,
        "electricdomesticregulatedrevenue": 465500000,
        "othersalesrevenuenet": 3500000,
        "salesrevenuenet": 861300000,
        "costofrevenue": 218200000,
        "grossprofit": 643100000,
        "utilitiesoperatingexpensemaintenanceandoperations": 336600000,
        "depreciationdepletionandamortization": 136300000,
        "impairmentandgainlossonsaleofassetsnet": -100000,
        "taxesexcludingincomeandexcisetaxes": 56600000,
        "operatingexpenses": 529400000,
        "operatingincomeloss": -3400000,
        "interestexpense": 85000000,
        "othernonoperatingincomeexpense": 3500000,
        "nonoperatingincomeexpense": -81500000,
        "incomelossfromcontinuingoperationsbeforeincometaxesdomestic": 32200000,
        "incometaxexpensebenefit": 8500000,
        "incomelossfromcontinuingoperationsincludingportionattributabletononcontrollinginterest": 23700000,
        "incomelossfromdiscontinuedoperationsnetoftax": 3500000,
        "netincomeloss": 27200000,
        "incomelossfromcontinuingoperations": 23700000,
        "incomelossfromdiscontinuedoperationsnetoftaxattributabletoreportingentity": 3500000,
        "incomelossfromcontinuingoperationsperbasicshare": 0.07,
        "incomelossfromdiscontinuedoperationsnetoftaxperbasicshare": 0.01,
        "earningspersharebasic": 0.08,
        "incomelossfromcontinuingoperationsperdilutedshare": 0.07,
        "incomelossfromdiscontinuedoperationsnetoftaxperdilutedshare": 0.01,
        "earningspersharediluted": 0.08,
        "commonstockdividendspersharedeclared": 0.165,
        "weightedaveragenumberofsharesoutstandingbasic": 322318000,
        "weightedaveragenumberofdilutedsharesoutstanding": 323918000
    },
    {
        "date": "2016-06-29",
        "symbol": "NI",
        "period": "Q2",
        "profitloss": 28600000,
        "othercomprehensiveincomelossavailableforsalesecuritiesadjustmentnetoftax": 800000,
        "othercomprehensiveincomelossderivativesqualifyingashedgesnetoftax": -53500000,
        "othercomprehensiveincomelosspensionandotherpostretirementbenefitplansadjustmentnetoftax": -200000,
        "othercomprehensiveincomelossnetoftax": 800000,
        "comprehensiveincomenetoftaxincludingportionattributabletononcontrollinginterest": -23900000,
        "comprehensiveincomenetoftax": -23900000,
        "othercomprehensiveincomeunrealizedholdinggainlossonsecuritiesarisingduringperiodtax": 400000,
        "othercomprehensiveincomeunrealizedgainlossonderivativesarisingduringperiodtax": -33000000,
        "othercomprehensiveincomelosspensionandotherpostretirementbenefitplanstax": 200000,
        "gasdomesticregulatedrevenue": 294200000,
        "naturalgasmidstreamrevenue": 207800000,
        "electricdomesticregulatedrevenue": 391500000,
        "othersalesrevenuenet": 4100000,
        "salesrevenuenet": 897600000,
        "costofrevenue": 234900000,
        "grossprofit": 662700000,
        "utilitiesoperatingexpensemaintenanceandoperations": 337600000,
        "depreciationdepletionandamortization": 136900000,
        "impairmentandgainlossonsaleofassetsnet": -200000,
        "taxesexcludingincomeandexcisetaxes": 50200000,
        "operatingexpenses": 524500000,
        "operatingincomeloss": -3700000,
        "interestexpense": 86000000,
        "othernonoperatingincomeexpense": -6100000,
        "nonoperatingincomeexpense": -92100000,
        "incomelossfromcontinuingoperationsbeforeincometaxesdomestic": 46100000,
        "incometaxexpensebenefit": 17400000,
        "incomelossfromcontinuingoperationsincludingportionattributabletononcontrollinginterest": 28700000,
        "incomelossfromdiscontinuedoperationsnetoftax": -100000,
        "netincomeloss": 28600000,
        "incomelossfromcontinuingoperations": 28700000,
        "incomelossfromdiscontinuedoperationsnetoftaxattributabletoreportingentity": -100000,
        "incomelossfromcontinuingoperationsperbasicshare": 0.09,
        "earningspersharebasic": 0.09,
        "incomelossfromcontinuingoperationsperdilutedshare": 0.09,
        "earningspersharediluted": 0.09,
        "commonstockdividendspersharedeclared": 0.165,
        "weightedaveragenumberofsharesoutstandingbasic": 321725000,
        "weightedaveragenumberofdilutedsharesoutstanding": 322894000
    },
    {
        "date": "2015-09-29",
        "symbol": "NI",
        "period": "Q3",
        "profitloss": -4900000,
        "othercomprehensiveincomelossavailableforsalesecuritiesadjustmentnetoftax": 300000,
        "othercomprehensiveincomelossderivativesqualifyingashedgesnetoftax": 200000,
        "othercomprehensiveincomelosspensionandotherpostretirementbenefitplansadjustmentnetoftax": 200000,
        "othercomprehensiveincomelossnetoftax": 300000,
        "comprehensiveincomenetoftaxincludingportionattributabletononcontrollinginterest": -4600000,
        "comprehensiveincomenetoftax": -4600000,
        "othercomprehensiveincomeunrealizedholdinggainlossonsecuritiesarisingduringperiodtax": 200000,
        "othercomprehensiveincomeunrealizedgainlossonderivativesarisingduringperiodtax": 200000,
        "othercomprehensiveincomelosspensionandotherpostretirementbenefitplanstax": -100000,
        "gasdomesticregulatedrevenue": 208900000,
        "naturalgasmidstreamrevenue": 172100000,
        "electricdomesticregulatedrevenue": 428400000,
        "othersalesrevenuenet": 7800000,
        "salesrevenuenet": 817200000,
        "costofrevenue": 209100000,
        "grossprofit": 608100000,
        "utilitiesoperatingexpensemaintenanceandoperations": 311100000,
        "depreciationdepletionandamortization": 132500000,
        "impairmentandgainlossonsaleofassetsnet": 1100000,
        "taxesexcludingincomeandexcisetaxes": 53700000,
        "operatingexpenses": 498400000,
        "operatingincomeloss": -8800000,
        "interestexpense": 94900000,
        "othernonoperatingincomeexpense": 5800000,
        "nonoperatingincomeexpense": -89100000,
        "incomelossfromcontinuingoperationsbeforeincometaxesdomestic": 20600000,
        "incometaxexpensebenefit": 5800000,
        "incomelossfromcontinuingoperationsincludingportionattributabletononcontrollinginterest": 14800000,
        "incomelossfromdiscontinuedoperationsnetoftax": -19700000,
        "netincomeloss": -4900000,
        "incomelossfromcontinuingoperations": 14800000,
        "incomelossfromdiscontinuedoperationsnetoftaxattributabletoreportingentity": -19700000,
        "incomelossfromcontinuingoperationsperbasicshare": 0.05,
        "incomelossfromdiscontinuedoperationsnetoftaxperbasicshare": -0.07,
        "earningspersharebasic": -0.02,
        "incomelossfromcontinuingoperationsperdilutedshare": 0.05,
        "incomelossfromdiscontinuedoperationsnetoftaxperdilutedshare": -0.07,
        "earningspersharediluted": -0.02,
        "commonstockdividendspersharedeclared": 0.31,
        "weightedaveragenumberofsharesoutstandingbasic": 318090000,
        "weightedaveragenumberofdilutedsharesoutstanding": 321465000
    },
    {
        "date": "2014-06-29",
        "symbol": "NI",
        "period": "Q2",
        "netincomeloss": 78200000,
        "othercomprehensiveincomelossavailableforsalesecuritiesadjustmentnetoftax": 500000,
        "othercomprehensiveincomelossderivativesqualifyingashedgesnetoftax": 700000,
        "othercomprehensiveincomelosspensionandotherpostretirementbenefitplansadjustmentnetoftax": 100000,
        "othercomprehensiveincomelossnetoftax": 500000,
        "comprehensiveincomenetoftax": 79300000,
        "othercomprehensiveincomeunrealizedholdinggainlossonsecuritiesarisingduringperiodtax": 200000,
        "othercomprehensiveincomeunrealizedgainlossonderivativesarisingduringperiodtax": 400000,
        "othercomprehensiveincomelosspensionandotherpostretirementbenefitplanstax": -700000,
        "gasdomesticregulatedrevenue": 423500000,
        "naturalgasmidstreamrevenue": 390100000,
        "electricdomesticregulatedrevenue": 404800000,
        "othersalesrevenuenet": 116700000,
        "salesrevenuenet": 1335100000,
        "costofrevenue": 371700000,
        "grossprofit": 963400000,
        "utilitiesoperatingexpensemaintenanceandoperations": 533100000,
        "depreciationdepletionandamortization": 149100000,
        "impairmentandgainlossonsaleofassetsnet": -700000,
        "taxesexcludingincomeandexcisetaxes": 73400000,
        "operatingexpenses": 754900000,
        "incomelossfromequitymethodinvestments": 11100000,
        "operatingincomeloss": 62900000,
        "interestexpense": 109100000,
        "othernonoperatingincomeexpense": 7500000,
        "nonoperatingincomeexpense": -101600000,
        "incomelossfromcontinuingoperationsbeforeincometaxesdomestic": 118000000,
        "incometaxexpensebenefit": 39500000,
        "incomelossfromcontinuingoperations": 78500000,
        "incomelossfromdiscontinuedoperationsnetoftaxattributabletoreportingentity": -300000,
        "incomelossfromcontinuingoperationsperbasicshare": 0.25,
        "earningspersharebasic": 0.25,
        "incomelossfromcontinuingoperationsperdilutedshare": 0.25,
        "earningspersharediluted": 0.25,
        "commonstockdividendspersharedeclared": 0.26,
        "weightedaveragenumberofsharesoutstandingbasic": 315013000,
        "weightedaveragenumberofdilutedsharesoutstanding": 316101000
    },
    {
        "date": "2012-09-29",
        "symbol": "NI",
        "period": "Q3",
        "netincomeloss": 19300000,
        "othercomprehensiveincomeavailableforsalesecuritiesadjustmentnetoftaxperiodincreasedecrease": 700000,
        "othercomprehensiveincomederivativesqualifyingashedgesnetoftaxperiodincreasedecrease": 800000,
        "othercomprehensiveincomedefinedbenefitplansadjustmentnetoftaxperiodincreasedecrease": 700000,
        "othercomprehensiveincomelossnetoftaxperiodincreasedecrease": 2200000,
        "comprehensiveincomenetoftax": 21500000,
        "increasedecreaseothercomprehensiveincomeunrealizedholdinggainlossonsecuritiesarisingduringperiodtax": 300000,
        "othercomprehensiveincomeincreasedecreaseinunrealizedgainlossonderivativesarisingduringperiodtax": 600000,
        "unrealizedgainlossonderivatives": 200000,
        "changeinunrecognizedpensionbenefitandopebcoststax": 200000,
        "gasdomesticregulatedrevenue": 226300000,
        "naturalgasmidstreamrevenue": 278300000,
        "electricdomesticregulatedrevenue": 418000000,
        "othersalesrevenuenet": 50900000,
        "salesrevenuenet": 973500000,
        "costofrevenue": 233700000,
        "grossprofit": 739800000,
        "utilitiesoperatingexpensemaintenanceandoperations": 422900000,
        "depreciationdepletionandamortization": 126000000,
        "impairmentandgainlossonsaleofassetsnet": -700000,
        "taxesexcludingincomeandexcisetaxes": 62400000,
        "operatingexpenses": 610600000,
        "incomelossfromequitymethodinvestments": 8000000,
        "operatingincomeloss": 38800000,
        "interestexpense": 107900000,
        "othernonoperatingincomeexpense": 2200000,
        "nonoperatingincomeexpense": -105700000,
        "incomelossfromcontinuingoperationsbeforeincometaxesdomestic": 31500000,
        "incometaxexpensebenefit": 11500000,
        "incomelossfromcontinuingoperations": 20000000,
        "incomelossfromdiscontinuedoperationsnetoftaxattributabletoreportingentity": -700000,
        "incomelossfromcontinuingoperationsperbasicshare": 0.06,
        "earningspersharebasic": 0.06,
        "incomelossfromcontinuingoperationsperdilutedshare": 0.06,
        "earningspersharediluted": 0.06,
        "commonstockdividendspersharedeclared": 0.24,
        "weightedaveragenumberofsharesoutstandingbasic": 290328000,
        "weightedaveragenumberofdilutedsharesoutstanding": 300012000
    },
    {
        "date": "2011-09-29",
        "symbol": "NI",
        "period": "Q3",
        "gasdomesticregulatedrevenue": 326700000,
        "naturalgasmidstreamrevenue": 283300000,
        "electricdomesticregulatedrevenue": 404700000,
        "othersalesrevenuenet": 54000000,
        "salesrevenuenet": 1068700000,
        "costofrevenue": 323100000,
        "grossprofit": 745600000,
        "utilitiesoperatingexpensemaintenanceandoperations": 407100000,
        "depreciationdepletionandamortization": 134900000,
        "impairmentandgainlossonsaleofassetsnet": 400000,
        "taxesexcludingincomeandexcisetaxes": 59200000,
        "operatingexpenses": 601600000,
        "incomelossfromequitymethodinvestments": 3500000,
        "operatingincomeloss": 68200000,
        "interestexpense": 95700000,
        "othernonoperatingincomeexpense": 1600000,
        "nonoperatingincomeexpense": -94100000,
        "incomelossfromcontinuingoperationsbeforeincometaxesdomestic": 53400000,
        "incometaxexpensebenefit": 17100000,
        "incomelossfromcontinuingoperations": 36300000,
        "incomelossfromdiscontinuedoperationsnetoftaxattributabletoreportingentity": -1600000,
        "netincomeloss": 34700000,
        "incomelossfromcontinuingoperationsperbasicshare": 0.13,
        "incomelossfromdiscontinuedoperationsnetoftaxperbasicshare": -0.01,
        "earningspersharebasic": 0.12,
        "incomelossfromcontinuingoperationsperdilutedshare": 0.13,
        "incomelossfromdiscontinuedoperationsnetoftaxperdilutedshare": -0.01,
        "earningspersharediluted": 0.12,
        "commonstockdividendspersharedeclared": 0.23,
        "weightedaveragenumberofsharesoutstandingbasic": 280765000,
        "weightedaveragenumberofdilutedsharesoutstanding": 289010000,
        "othercomprehensiveincomeavailableforsalesecuritiesadjustmentnetoftaxperiodincreasedecrease": -700000,
        "othercomprehensiveincomederivativesqualifyingashedgesnetoftaxperiodincreasedecrease": 400000,
        "othercomprehensiveincomedefinedbenefitplansadjustmentnetoftaxperiodincreasedecrease": 400000,
        "othercomprehensiveincomelossnetoftaxperiodincreasedecrease": 100000,
        "comprehensiveincomenetoftax": 34800000,
        "othercomprehensiveincomeunrealizedholdinggainlossonsecuritiesarisingduringperiodtax": -600000,
        "othercomprehensiveincomeunrealizedgainlossonderivativesarisingduringperiodtax": 300000,
        "othercomprehensiveincomedefinedbenefitplanstax": 300000
    }
]