[
    {
        "date": "2024-09-29",
        "symbol": "KLAC",
        "period": "Q1",
        "revenuefromcontractwithcustomerexcludingassessedtax": 2841541000,
        "costofrevenue": 1147431000,
        "researchanddevelopmentexpense": 323145000,
        "sellinggeneralandadministrativeexpense": 251042000,
        "interestexpensenonoperating": 82171000,
        "othernonoperatingincomeexpense": 40935000,
        "incomelossfromcontinuingoperationsbeforeincometaxesextraordinaryitemsnoncontrollinginterest": 1078687000,
        "incometaxexpensebenefit": 132836000,
        "netincomeloss": 945851000,
        "earningspersharebasic": 7.05,
        "earningspersharediluted": 7.01,
        "weightedaveragenumberofsharesoutstandingbasic": 134134000,
        "weightedaveragenumberofdilutedsharesoutstanding": 134858000,
        "othercomprehensiveincomelossforeigncurrencytransactionandtranslationadjustmentbeforetax": 10257000,
        "othercomprehensiveincomelossforeigncurrencytranslationadjustmenttax": 1148000,
        "othercomprehensiveincomelossforeigncurrencytransactionandtranslationadjustmentnetoftax": 9109000,
        "othercomprehensiveincomelosscashflowhedgegainlossbeforereclassificationandtax": 3444000,
        "othercomprehensiveincomelosscashflowhedgegainlossreclassificationbeforetax": 26000,
        "othercomprehensiveincomelosscashflowhedgegainlossafterreclassificationtax": -2213000,
        "othercomprehensiveincomelosscashflowhedgegainlossafterreclassificationandtax": 1803000,
        "othercomprehensiveincomelosspensionandotherpostretirementbenefitplansadjustmentnetoftax": 232000,
        "othercomprehensiveincomeunrealizedholdinggainlossonsecuritiesarisingduringperiodbeforetax": 16422000,
        "othercomprehensiveincomelossreclassificationadjustmentfromaociforsaleofsecuritiesbeforetax": -1000,
        "othercomprehensiveincomelossavailableforsalesecuritiestax": 3532000,
        "othercomprehensiveincomelossavailableforsalesecuritiesadjustmentnetoftax": 12891000,
        "othercomprehensiveincomelossnetoftax": 23571000,
        "comprehensiveincomenetoftax": 969422000
    },
    {
        "date": "2024-06-29",
        "symbol": "KLAC",
        "period": "Q4",
        "revenuefromcontractwithcustomerexcludingassessedtax": 1954837000,
        "costofrevenue": 1010551000,
        "researchanddevelopmentexpense": 325759000,
        "sellinggeneralandadministrativeexpense": 255106000,
        "othernonoperatingincomeexpense": 50560000,
        "incomelossfromcontinuingoperationsbeforeincometaxesextraordinaryitemsnoncontrollinginterest": 945043000,
        "incometaxexpensebenefit": 108597000,
        "profitloss": 836446000,
        "netincomeloss": 836446000,
        "earningspersharebasic": 6.219999999999999,
        "earningspersharediluted": 6.16,
        "weightedaveragenumberofsharesoutstandingbasic": 135345000,
        "weightedaveragenumberofdilutedsharesoutstanding": 136187000,
        "othercomprehensiveincomelossforeigncurrencytransactionandtranslationadjustmentbeforetax": -5927000,
        "othercomprehensiveincomelossforeigncurrencytranslationadjustmenttax": -502000,
        "othercomprehensiveincomelossforeigncurrencytransactionandtranslationadjustmentnetoftax": -5425000,
        "othercomprehensiveincomelosscashflowhedgegainlossbeforereclassificationandtax": -1591000,
        "othercomprehensiveincomelosscashflowhedgegainlossreclassificationbeforetax": 2239000,
        "othercomprehensiveincomelosscashflowhedgegainlossafterreclassificationtax": 283000,
        "othercomprehensiveincomelosscashflowhedgegainlossafterreclassificationandtax": -4113000,
        "othercomprehensiveincomelosspensionandotherpostretirementbenefitplansadjustmentnetoftax": -2382000,
        "othercomprehensiveincomeunrealizedholdinggainlossonsecuritiesarisingduringperiodbeforetax": -596000,
        "othercomprehensiveincomelossreclassificationadjustmentfromaociforsaleofsecuritiesbeforetax": -84000,
        "othercomprehensiveincomelossavailableforsalesecuritiestax": -113000,
        "othercomprehensiveincomelossavailableforsalesecuritiesadjustmentnetoftax": -399000,
        "othercomprehensiveincomelossnetoftax": -7555000,
        "comprehensiveincomenetoftax": 828891000
    },
    {
        "date": "2024-03-30",
        "symbol": "KLAC",
        "period": "Q3",
        "revenuefromcontractwithcustomerexcludingassessedtax": 1769369000,
        "costofrevenue": 993885000,
        "researchanddevelopmentexpense": 321590000,
        "sellinggeneralandadministrativeexpense": 237514000,
        "assetimpairmentcharges": 70474000,
        "interestexpense": 79981000,
        "othernonoperatingincomeexpense": 45622000,
        "incomelossfromcontinuingoperationsbeforeincometaxesextraordinaryitemsnoncontrollinginterest": 702008000,
        "incometaxexpensebenefit": 100467000,
        "profitloss": 601541000,
        "netincomeloss": 601541000,
        "earningspersharebasic": 4.46,
        "earningspersharediluted": 4.43,
        "weightedaveragenumberofsharesoutstandingbasic": 134954000,
        "weightedaveragenumberofdilutedsharesoutstanding": 135856000,
        "othercomprehensiveincomelossforeigncurrencytransactionandtranslationadjustmentbeforetax": -2255000,
        "othercomprehensiveincomelossforeigncurrencytranslationadjustmenttax": -660000,
        "othercomprehensiveincomelossforeigncurrencytransactionandtranslationadjustmentnetoftax": -1595000,
        "othercomprehensiveincomelosscashflowhedgegainlossbeforereclassificationandtax": 3003000,
        "othercomprehensiveincomelosscashflowhedgegainlossreclassificationbeforetax": 7604000,
        "othercomprehensiveincomelosscashflowhedgegainlossafterreclassificationtax": 782000,
        "othercomprehensiveincomelosscashflowhedgegainlossafterreclassificationandtax": -5383000,
        "othercomprehensiveincomelosspensionandotherpostretirementbenefitplansadjustmentnetoftax": -814000,
        "othercomprehensiveincomeunrealizedholdinggainlossonsecuritiesarisingduringperiodbeforetax": -3881000,
        "othercomprehensiveincomelossreclassificationadjustmentfromaociforsaleofsecuritiesbeforetax": 54000,
        "othercomprehensiveincomelossavailableforsalesecuritiestax": -843000,
        "othercomprehensiveincomelossavailableforsalesecuritiesadjustmentnetoftax": -3092000,
        "othercomprehensiveincomelossnetoftax": -9256000,
        "comprehensiveincomenetoftax": 592285000
    },
    {
        "date": "2023-12-30",
        "symbol": "KLAC",
        "period": "Q2",
        "revenuefromcontractwithcustomerexcludingassessedtax": 1921809000,
        "costofrevenue": 976746000,
        "researchanddevelopmentexpense": 320418000,
        "sellinggeneralandadministrativeexpense": 237244000,
        "assetimpairmentcharges": 219000000,
        "interestexpense": 74202000,
        "othernonoperatingincomeexpense": 32154000,
        "incomelossfromcontinuingoperationsbeforeincometaxesextraordinaryitemsnoncontrollinginterest": 691270000,
        "incometaxexpensebenefit": 108736000,
        "profitloss": 582534000,
        "netincomeloss": 582534000,
        "earningspersharebasic": 4.3,
        "earningspersharediluted": 4.28,
        "weightedaveragenumberofsharesoutstandingbasic": 135539000,
        "weightedaveragenumberofdilutedsharesoutstanding": 136254000,
        "othercomprehensiveincomelossforeigncurrencytransactionandtranslationadjustmentbeforetax": 3272000,
        "othercomprehensiveincomelossforeigncurrencytranslationadjustmenttax": 878000,
        "othercomprehensiveincomelossforeigncurrencytransactionandtranslationadjustmentnetoftax": 2394000,
        "othercomprehensiveincomelosscashflowhedgegainlossbeforereclassificationandtax": 9806000,
        "othercomprehensiveincomelosscashflowhedgegainlossreclassificationbeforetax": 8953000,
        "othercomprehensiveincomelosscashflowhedgegainlossafterreclassificationtax": -2675000,
        "othercomprehensiveincomelosscashflowhedgegainlossafterreclassificationandtax": 3528000,
        "othercomprehensiveincomelosspensionandotherpostretirementbenefitplansadjustmentnetoftax": 395000,
        "othercomprehensiveincomeunrealizedholdinggainlossonsecuritiesarisingduringperiodbeforetax": 14760000,
        "othercomprehensiveincomelossreclassificationadjustmentfromaociforsaleofsecuritiesbeforetax": -61000,
        "othercomprehensiveincomelossavailableforsalesecuritiestax": 3174000,
        "othercomprehensiveincomelossavailableforsalesecuritiesadjustmentnetoftax": 11647000,
        "othercomprehensiveincomelossnetoftax": 17174000,
        "comprehensiveincomenetoftax": 599708000
    },
    {
        "date": "2023-09-29",
        "symbol": "KLAC",
        "period": "Q1",
        "revenuefromcontractwithcustomerexcludingassessedtax": 1836664000,
        "costofrevenue": 946891000,
        "researchanddevelopmentexpense": 311214000,
        "sellinggeneralandadministrativeexpense": 239645000,
        "interestexpense": 74234000,
        "othernonoperatingincomeexpense": 26739000,
        "incomelossfromcontinuingoperationsbeforeincometaxesextraordinaryitemsnoncontrollinginterest": 851711000,
        "incometaxexpensebenefit": 110336000,
        "profitloss": 741375000,
        "netincomeloss": 741375000,
        "earningspersharebasic": 5.43,
        "earningspersharediluted": 5.41,
        "weightedaveragenumberofsharesoutstandingbasic": 136412000,
        "weightedaveragenumberofdilutedsharesoutstanding": 137104000,
        "othercomprehensiveincomelossforeigncurrencytransactionandtranslationadjustmentbeforetax": -6853000,
        "othercomprehensiveincomelossforeigncurrencytranslationadjustmenttax": -260000,
        "othercomprehensiveincomelossforeigncurrencytransactionandtranslationadjustmentnetoftax": -6593000,
        "othercomprehensiveincomelosscashflowhedgegainlossbeforereclassificationandtax": -1481000,
        "othercomprehensiveincomelosscashflowhedgegainlossreclassificationbeforetax": 7108000,
        "othercomprehensiveincomelosscashflowhedgegainlossafterreclassificationtax": -856000,
        "othercomprehensiveincomelosscashflowhedgegainlossafterreclassificationandtax": -7733000,
        "othercomprehensiveincomelosspensionandotherpostretirementbenefitplansadjustmentnetoftax": -242000,
        "othercomprehensiveincomeunrealizedholdinggainlossonsecuritiesarisingduringperiodbeforetax": 1244000,
        "othercomprehensiveincomelossreclassificationadjustmentfromaociforsaleofsecuritiesbeforetax": -12000,
        "othercomprehensiveincomelossavailableforsalesecuritiestax": 269000,
        "othercomprehensiveincomelossavailableforsalesecuritiesadjustmentnetoftax": 987000,
        "othercomprehensiveincomelossnetoftax": -13097000,
        "comprehensiveincomenetoftax": 728278000
    },
    {
        "date": "2023-06-29",
        "symbol": "KLAC",
        "period": "Q4",
        "revenuefromcontractwithcustomerexcludingassessedtax": 1816524000,
        "costofrevenue": 962949000,
        "researchanddevelopmentexpense": 317110000,
        "sellinggeneralandadministrativeexpense": 250857000,
        "interestexpense": 73491000,
        "othernonoperatingincomeexpense": 24776000,
        "incomelossfromcontinuingoperationsbeforeincometaxesextraordinaryitemsnoncontrollinginterest": 775506000,
        "incometaxexpensebenefit": 90852000,
        "profitloss": 684654000,
        "netincomeloss": 684654000,
        "earningspersharebasic": 5.02,
        "earningspersharediluted": 4.9899999999999975,
        "weightedaveragenumberofsharesoutstandingbasic": -866000,
        "weightedaveragenumberofdilutedsharesoutstanding": -838000,
        "othercomprehensiveincomelossforeigncurrencytransactionandtranslationadjustmentbeforetax": -14273000,
        "othercomprehensiveincomelossforeigncurrencytransactionandtranslationadjustmentnetoftax": -12990000,
        "othercomprehensiveincomelosscashflowhedgegainlossbeforereclassificationandtax": 13358000,
        "othercomprehensiveincomelosscashflowhedgegainlossreclassificationbeforetax": 3098000,
        "othercomprehensiveincomelosscashflowhedgegainlossafterreclassificationtax": 1970000,
        "othercomprehensiveincomelosscashflowhedgegainlossafterreclassificationandtax": 8290000,
        "othercomprehensiveincomelosspensionandotherpostretirementbenefitplansadjustmentnetoftax": -5513000,
        "othercomprehensiveincomeunrealizedholdinggainlossonsecuritiesarisingduringperiodbeforetax": -2510000,
        "othercomprehensiveincomelossreclassificationadjustmentfromaociforsaleofsecuritiesbeforetax": -155000,
        "othercomprehensiveincomelossavailableforsalesecuritiestax": -492000,
        "othercomprehensiveincomelossavailableforsalesecuritiesadjustmentnetoftax": -1863000,
        "othercomprehensiveincomelossnetoftax": -1050000,
        "comprehensiveincomenetoftax": 683604000
    },
    {
        "date": "2023-03-30",
        "symbol": "KLAC",
        "period": "Q3",
        "revenuefromcontractwithcustomerexcludingassessedtax": 854190000,
        "costofrevenue": 1005346000,
        "researchanddevelopmentexpense": 328276000,
        "sellinggeneralandadministrativeexpense": 238393000,
        "interestexpense": 74774000,
        "othernonoperatingincomeexpense": 14864000,
        "incomelossfromcontinuingoperationsbeforeincometaxesextraordinaryitemsnoncontrollinginterest": 800683000,
        "incometaxexpensebenefit": 102846000,
        "profitloss": 697837000,
        "netincomeloss": 697837000,
        "earningspersharebasic": 5.100000000000001,
        "earningspersharediluted": 5.069999999999999,
        "weightedaveragenumberofsharesoutstandingbasic": -1215000,
        "weightedaveragenumberofdilutedsharesoutstanding": -1195000,
        "othercomprehensiveincomelossforeigncurrencytransactionandtranslationadjustmentbeforetax": 4235000,
        "othercomprehensiveincomelossforeigncurrencytransactionandtranslationadjustmentnetoftax": 4220000,
        "othercomprehensiveincomelosscashflowhedgegainlossbeforereclassificationandtax": 6660000,
        "othercomprehensiveincomelosscashflowhedgegainlossreclassificationbeforetax": 24086000,
        "othercomprehensiveincomelosscashflowhedgegainlossafterreclassificationtax": 352000,
        "othercomprehensiveincomelosscashflowhedgegainlossafterreclassificationandtax": 3484000,
        "othercomprehensiveincomelosspensionandotherpostretirementbenefitplansadjustmentnetoftax": -86000,
        "othercomprehensiveincomeunrealizedholdinggainlossonsecuritiesarisingduringperiodbeforetax": 7422000,
        "othercomprehensiveincomelossreclassificationadjustmentfromaociforsaleofsecuritiesbeforetax": -250000,
        "othercomprehensiveincomelossavailableforsalesecuritiestax": 1651000,
        "othercomprehensiveincomelossavailableforsalesecuritiesadjustmentnetoftax": 6021000,
        "othercomprehensiveincomelossnetoftax": 13811000,
        "comprehensiveincomenetoftax": 711648000
    },
    {
        "date": "2022-12-30",
        "symbol": "KLAC",
        "period": "Q2",
        "revenuefromcontractwithcustomerexcludingassessedtax": 3512702000,
        "costofrevenue": 1208786000,
        "researchanddevelopmentexpense": 332826000,
        "sellinggeneralandadministrativeexpense": 243096000,
        "interestexpense": 74280000,
        "gainslossesonextinguishmentofdebt": 0,
        "othernonoperatingincomeexpense": 18074000,
        "incomelossfromcontinuingoperationsbeforeincometaxesextraordinaryitemsnoncontrollinginterest": 1142973000,
        "incometaxexpensebenefit": 164178000,
        "profitloss": 978795000,
        "netincomelossattributabletononcontrollinginterest": 0,
        "netincomeloss": 978795000,
        "earningspersharebasic": 6.93,
        "earningspersharediluted": 6.89,
        "weightedaveragenumberofsharesoutstandingbasic": -265000,
        "weightedaveragenumberofdilutedsharesoutstanding": -295000,
        "othercomprehensiveincomelossforeigncurrencytransactionandtranslationadjustmentbeforetax": 7462000,
        "othercomprehensiveincomelossforeigncurrencytransactionandtranslationadjustmentnetoftax": 7741000,
        "othercomprehensiveincomelosscashflowhedgegainlossbeforereclassificationandtax": 8239000,
        "othercomprehensiveincomelosscashflowhedgegainlossreclassificationbeforetax": -8301000,
        "othercomprehensiveincomelosscashflowhedgegainlossafterreclassificationtax": -3275000,
        "othercomprehensiveincomelosscashflowhedgegainlossafterreclassificationandtax": -1447000,
        "othercomprehensiveincomelosspensionandotherpostretirementbenefitplansadjustmentnetoftax": 416000,
        "othercomprehensiveincomeunrealizedholdinggainlossonsecuritiesarisingduringperiodbeforetax": 4511000,
        "othercomprehensiveincomelossreclassificationadjustmentfromaociforsaleofsecuritiesbeforetax": -407000,
        "othercomprehensiveincomelossavailableforsalesecuritiestax": 1057000,
        "othercomprehensiveincomelossavailableforsalesecuritiesadjustmentnetoftax": 3861000,
        "othercomprehensiveincomelossnetoftax": 9739000,
        "comprehensiveincomenetoftaxattributabletononcontrollinginterest": 0,
        "comprehensiveincomenetoftax": 988534000
    },
    {
        "date": "2022-09-29",
        "symbol": "KLAC",
        "period": "Q1",
        "revenuefromcontractwithcustomerexcludingassessedtax": 2195609000,
        "costofrevenue": 1041226000,
        "researchanddevelopmentexpense": 318515000,
        "sellinggeneralandadministrativeexpense": 253980000,
        "interestexpense": 74395000,
        "gainslossesonextinguishmentofdebt": -13286000,
        "othernonoperatingincomeexpense": 47006000,
        "incomelossfromcontinuingoperationsbeforeincometaxesextraordinaryitemsnoncontrollinginterest": 1070028000,
        "incometaxexpensebenefit": 43963000,
        "profitloss": 1026065000,
        "netincomelossattributabletononcontrollinginterest": 74000,
        "netincomeloss": 1025991000,
        "earningspersharebasic": 7.23,
        "earningspersharediluted": 7.2,
        "weightedaveragenumberofsharesoutstandingbasic": 141829000,
        "weightedaveragenumberofdilutedsharesoutstanding": 142563000,
        "othercomprehensiveincomelossforeigncurrencytransactionandtranslationadjustmentbeforetax": -19712000,
        "othercomprehensiveincomelossforeigncurrencytransactionandtranslationadjustmentnetoftax": -19712000,
        "othercomprehensiveincomelosscashflowhedgegainlossbeforereclassificationandtax": 1768000,
        "othercomprehensiveincomelosscashflowhedgegainlossreclassificationbeforetax": 10175000,
        "othercomprehensiveincomelosscashflowhedgegainlossafterreclassificationtax": -1188000,
        "othercomprehensiveincomelosscashflowhedgegainlossafterreclassificationandtax": -7219000,
        "othercomprehensiveincomelosspensionandotherpostretirementbenefitplansadjustmentnetoftax": -891000,
        "othercomprehensiveincomeunrealizedholdinggainlossonsecuritiesarisingduringperiodbeforetax": -6964000,
        "othercomprehensiveincomelossreclassificationadjustmentfromaociforsaleofsecuritiesbeforetax": -174000,
        "othercomprehensiveincomelossavailableforsalesecuritiestax": -1460000,
        "othercomprehensiveincomelossavailableforsalesecuritiesadjustmentnetoftax": -5330000,
        "othercomprehensiveincomelossnetoftax": -31370000,
        "comprehensiveincomenetoftaxattributabletononcontrollinginterest": 74000,
        "comprehensiveincomenetoftax": 994621000
    },
    {
        "date": "2022-06-29",
        "symbol": "KLAC",
        "period": "Q4",
        "revenuefromcontractwithcustomerexcludingassessedtax": 1975112000,
        "costofrevenue": 978564000,
        "researchanddevelopmentexpense": 296881000,
        "sellinggeneralandadministrativeexpense": 236778000,
        "interestexpense": 44197000,
        "othernonoperatingincomeexpense": 19380000,
        "incomelossfromcontinuingoperationsbeforeincometaxesextraordinaryitemsnoncontrollinginterest": 949699000,
        "incometaxexpensebenefit": 144301000,
        "profitloss": 805398000,
        "netincomelossattributabletononcontrollinginterest": 24000,
        "netincomeloss": 805374000,
        "earningspersharebasic": 5.449999999999999,
        "earningspersharediluted": 5.420000000000003,
        "weightedaveragenumberofsharesoutstandingbasic": -303232000,
        "weightedaveragenumberofdilutedsharesoutstanding": -305372000,
        "othercomprehensiveincomelossforeigncurrencytransactionandtranslationadjustmentbeforetax": -12182000,
        "othercomprehensiveincomelossforeigncurrencytranslationadjustmenttax": -3327000,
        "othercomprehensiveincomelossforeigncurrencytransactionandtranslationadjustmentnetoftax": -8855000,
        "othercomprehensiveincomelosscashflowhedgegainlossbeforereclassificationandtax": 79582000,
        "othercomprehensiveincomelosscashflowhedgegainlossreclassificationbeforetax": 2797000,
        "othercomprehensiveincomelosscashflowhedgegainlossafterreclassificationtax": 17058000,
        "othercomprehensiveincomelosscashflowhedgegainlossafterreclassificationandtax": 59727000,
        "othercomprehensiveincomelosspensionandotherpostretirementbenefitplansadjustmentnetoftax": 3113000,
        "othercomprehensiveincomeunrealizedholdinggainlossonsecuritiesarisingduringperiodbeforetax": -4932000,
        "othercomprehensiveincomelossreclassificationadjustmentfromaociforsaleofsecuritiesbeforetax": -216000,
        "othercomprehensiveincomelossavailableforsalesecuritiestax": -1019000,
        "othercomprehensiveincomelossavailableforsalesecuritiesadjustmentnetoftax": -3697000,
        "othercomprehensiveincomelossnetoftax": 44062000,
        "comprehensiveincomenetoftaxattributabletononcontrollinginterest": 24000,
        "comprehensiveincomenetoftax": 849436000
    },
    {
        "date": "2022-03-30",
        "symbol": "KLAC",
        "period": "Q3",
        "revenuefromcontractwithcustomerexcludingassessedtax": 1800659000,
        "costofrevenue": 892091000,
        "researchanddevelopmentexpense": 285189000,
        "sellinggeneralandadministrativeexpense": 216489000,
        "interestexpense": 39978000,
        "othernonoperatingincomeexpense": -8644000,
        "incomelossfromcontinuingoperationsbeforeincometaxesextraordinaryitemsnoncontrollinginterest": 846285000,
        "incometaxexpensebenefit": 115625000,
        "profitloss": 730660000,
        "netincomelossattributabletononcontrollinginterest": 88000,
        "netincomeloss": 730572000,
        "earningspersharebasic": 4.87,
        "earningspersharediluted": 4.83,
        "weightedaveragenumberofsharesoutstandingbasic": 150145000,
        "weightedaveragenumberofdilutedsharesoutstanding": 151186000,
        "othercomprehensiveincomelossforeigncurrencytransactionandtranslationadjustmentbeforetax": 413000,
        "othercomprehensiveincomelossforeigncurrencytranslationadjustmenttax": -870000,
        "othercomprehensiveincomelossforeigncurrencytransactionandtranslationadjustmentnetoftax": 1283000,
        "othercomprehensiveincomelosscashflowhedgegainlossbeforereclassificationandtax": 17777000,
        "othercomprehensiveincomelosscashflowhedgegainlossreclassificationbeforetax": 992000,
        "othercomprehensiveincomelosscashflowhedgegainlossafterreclassificationtax": 4023000,
        "othercomprehensiveincomelosscashflowhedgegainlossafterreclassificationandtax": 12762000,
        "othercomprehensiveincomelosspensionandotherpostretirementbenefitplansadjustmentnetoftax": -467000,
        "othercomprehensiveincomeunrealizedholdinggainlossonsecuritiesarisingduringperiodbeforetax": -12270000,
        "othercomprehensiveincomelossreclassificationadjustmentfromaociforsaleofsecuritiesbeforetax": -88000,
        "othercomprehensiveincomelossavailableforsalesecuritiestax": -2616000,
        "othercomprehensiveincomelossavailableforsalesecuritiesadjustmentnetoftax": -9566000,
        "othercomprehensiveincomelossnetoftax": 4946000,
        "comprehensiveincomenetoftaxattributabletononcontrollinginterest": 88000,
        "comprehensiveincomenetoftax": 735518000
    },
    {
        "date": "2021-12-30",
        "symbol": "KLAC",
        "period": "Q2",
        "revenuefromcontractwithcustomerexcludingassessedtax": 1895769000,
        "costofrevenue": 908162000,
        "researchanddevelopmentexpense": 265031000,
        "sellinggeneralandadministrativeexpense": 213479000,
        "interestexpense": 37852000,
        "othernonoperatingincomeexpense": -1201000,
        "incomelossfromcontinuingoperationsbeforeincometaxesextraordinaryitemsnoncontrollinginterest": 926905000,
        "incometaxexpensebenefit": 209388000,
        "profitloss": 717517000,
        "netincomelossattributabletononcontrollinginterest": 73000,
        "netincomeloss": 717444000,
        "earningspersharebasic": 4.74,
        "earningspersharediluted": 4.71,
        "weightedaveragenumberofsharesoutstandingbasic": 151251000,
        "weightedaveragenumberofdilutedsharesoutstanding": 152331000,
        "othercomprehensiveincomelossforeigncurrencytransactionandtranslationadjustmentbeforetax": -1391000,
        "othercomprehensiveincomelossforeigncurrencytranslationadjustmenttax": -78000,
        "othercomprehensiveincomelossforeigncurrencytransactionandtranslationadjustmentnetoftax": -1313000,
        "othercomprehensiveincomelosscashflowhedgegainlossbeforereclassificationandtax": 6741000,
        "othercomprehensiveincomelosscashflowhedgegainlossreclassificationbeforetax": 912000,
        "othercomprehensiveincomelosscashflowhedgegainlossafterreclassificationtax": 963000,
        "othercomprehensiveincomelosscashflowhedgegainlossafterreclassificationandtax": 4866000,
        "othercomprehensiveincomelosspensionandotherpostretirementbenefitplansadjustmentnetoftax": -580000,
        "othercomprehensiveincomeunrealizedholdinggainlossonsecuritiesarisingduringperiodbeforetax": -3273000,
        "othercomprehensiveincomelossreclassificationadjustmentfromaociforsaleofsecuritiesbeforetax": -3000,
        "othercomprehensiveincomelossavailableforsalesecuritiestax": -702000,
        "othercomprehensiveincomelossavailableforsalesecuritiesadjustmentnetoftax": -2568000,
        "othercomprehensiveincomelossnetoftax": 1565000,
        "comprehensiveincomenetoftaxattributabletononcontrollinginterest": 73000,
        "comprehensiveincomenetoftax": 719009000
    },
    {
        "date": "2021-09-29",
        "symbol": "KLAC",
        "period": "Q1",
        "revenuefromcontractwithcustomerexcludingassessedtax": 1629888000,
        "costofrevenue": 813624000,
        "researchanddevelopmentexpense": 258153000,
        "sellinggeneralandadministrativeexpense": 193261000,
        "interestexpense": 38312000,
        "othernonoperatingincomeexpense": -14140000,
        "incomelossfromcontinuingoperationsbeforeincometaxesextraordinaryitemsnoncontrollinginterest": 766348000,
        "incometaxexpensebenefit": -302137000,
        "profitloss": 1068485000,
        "netincomelossattributabletononcontrollinginterest": 68000,
        "netincomeloss": 1068417000,
        "earningspersharebasic": 7.01,
        "earningspersharediluted": 6.96,
        "weightedaveragenumberofsharesoutstandingbasic": 152330000,
        "weightedaveragenumberofdilutedsharesoutstanding": 153410000,
        "othercomprehensiveincomelossforeigncurrencytransactionandtranslationadjustmentbeforetax": -2755000,
        "othercomprehensiveincomelossforeigncurrencytranslationadjustmenttax": -317000,
        "othercomprehensiveincomelossforeigncurrencytransactionandtranslationadjustmentnetoftax": -2438000,
        "othercomprehensiveincomelosscashflowhedgegainlossbeforereclassificationandtax": 852000,
        "othercomprehensiveincomelosscashflowhedgegainlossreclassificationbeforetax": 1218000,
        "othercomprehensiveincomelosscashflowhedgegainlossafterreclassificationtax": 61000,
        "othercomprehensiveincomelosscashflowhedgegainlossafterreclassificationandtax": -427000,
        "othercomprehensiveincomelosspensionandotherpostretirementbenefitplansadjustmentnetoftax": -628000,
        "othercomprehensiveincomeunrealizedholdinggainlossonsecuritiesarisingduringperiodbeforetax": -317000,
        "othercomprehensiveincomelossreclassificationadjustmentfromaociforsaleofsecuritiesbeforetax": 1000,
        "othercomprehensiveincomelossavailableforsalesecuritiestax": -68000,
        "othercomprehensiveincomelossavailableforsalesecuritiesadjustmentnetoftax": -250000,
        "othercomprehensiveincomelossnetoftax": -2487000,
        "comprehensiveincomenetoftaxattributabletononcontrollinginterest": 68000,
        "comprehensiveincomenetoftax": 1065930000
    },
    {
        "date": "2021-06-29",
        "symbol": "KLAC",
        "period": "Q4",
        "revenuefromcontractwithcustomerexcludingassessedtax": 1481478000,
        "costofrevenue": 772241000,
        "researchanddevelopmentexpense": 241428000,
        "sellinggeneralandadministrativeexpense": 192022000,
        "interestexpense": 39970000,
        "othernonoperatingincomeexpense": 29033000,
        "incomelossfromcontinuingoperationsbeforeincometaxesminorityinterestandincomelossfromequitymethodinvestments": 708843000,
        "incometaxexpensebenefit": 75785000,
        "profitloss": 633058000,
        "netincomelossattributabletononcontrollinginterest": 80000,
        "netincomeloss": 632978000,
        "earningspersharebasic": 4.130000000000001,
        "earningspersharediluted": 4.08,
        "weightedaveragenumberofsharesoutstandingbasic": -309269000,
        "weightedaveragenumberofdilutedsharesoutstanding": -311724000,
        "othercomprehensiveincomelossforeigncurrencytransactionandtranslationadjustmentbeforetax": -26000,
        "othercomprehensiveincomelossforeigncurrencytranslationadjustmenttax": -765000,
        "othercomprehensiveincomelossforeigncurrencytransactionandtranslationadjustmentnetoftax": 739000,
        "othercomprehensiveincomelosscashflowhedgegainlossbeforereclassificationandtax": 233000,
        "othercomprehensiveincomelosscashflowhedgegainlossreclassificationbeforetax": 1555000,
        "othercomprehensiveincomelosscashflowhedgegainlossafterreclassificationtax": -564000,
        "othercomprehensiveincomelosscashflowhedgegainlossafterreclassificationandtax": -758000,
        "othercomprehensiveincomelosspensionandotherpostretirementbenefitplansadjustmentnetoftax": 4621000,
        "othercomprehensiveincomeunrealizedholdinggainlossonsecuritiesarisingduringperiodbeforetax": -548000,
        "othercomprehensiveincomelossreclassificationadjustmentfromaociforsaleofsecuritiesbeforetax": 16000,
        "othercomprehensiveincomelossavailableforsalesecuritiestax": -120000,
        "othercomprehensiveincomelossavailableforsalesecuritiesadjustmentnetoftax": -444000,
        "othercomprehensiveincomelossnetoftax": -5084000,
        "comprehensiveincomenetoftaxattributabletononcontrollinginterest": 80000,
        "comprehensiveincomenetoftax": 627894000
    },
    {
        "date": "2021-03-30",
        "symbol": "KLAC",
        "period": "Q3",
        "revenuefromcontractwithcustomerexcludingassessedtax": 1375320000,
        "costofrevenue": 709629000,
        "researchanddevelopmentexpense": 238957000,
        "sellinggeneralandadministrativeexpense": 183040000,
        "goodwillimpairmentloss": 144200000,
        "interestexpense": 39092000,
        "othernonoperatingincomeexpense": 7348000,
        "incomelossfromcontinuingoperationsbeforeincometaxesminorityinterestandincomelossfromequitymethodinvestments": 640403000,
        "incometaxexpensebenefit": 73233000,
        "profitloss": 567170000,
        "netincomelossattributabletononcontrollinginterest": -326000,
        "netincomeloss": 567496000,
        "earningspersharebasic": 3.69,
        "earningspersharediluted": 3.66,
        "weightedaveragenumberofsharesoutstandingbasic": 153801000,
        "weightedaveragenumberofdilutedsharesoutstanding": 155159000,
        "othercomprehensiveincomelossforeigncurrencytransactionandtranslationadjustmentbeforetax": -2079000,
        "othercomprehensiveincomelossforeigncurrencytranslationadjustmenttax": 417000,
        "othercomprehensiveincomelossforeigncurrencytransactionandtranslationadjustmentnetoftax": -2496000,
        "othercomprehensiveincomelosscashflowhedgegainlossbeforereclassificationandtax": 5824000,
        "othercomprehensiveincomelosscashflowhedgegainlossreclassificationbeforetax": -675000,
        "othercomprehensiveincomelosscashflowhedgegainlossafterreclassificationtax": 1629000,
        "othercomprehensiveincomelosscashflowhedgegainlossafterreclassificationandtax": 4870000,
        "othercomprehensiveincomelosspensionandotherpostretirementbenefitplansadjustmentnetoftax": -872000,
        "othercomprehensiveincomeunrealizedholdinggainlossonsecuritiesarisingduringperiodbeforetax": -1268000,
        "othercomprehensiveincomelossreclassificationadjustmentfromaociforsaleofsecuritiesbeforetax": 25000,
        "othercomprehensiveincomelossavailableforsalesecuritiestax": -278000,
        "othercomprehensiveincomelossavailableforsalesecuritiesadjustmentnetoftax": -1015000,
        "othercomprehensiveincomelossnetoftax": 2231000,
        "comprehensiveincomenetoftaxattributabletononcontrollinginterest": -326000,
        "comprehensiveincomenetoftax": 569727000
    },
    {
        "date": "2020-12-30",
        "symbol": "KLAC",
        "period": "Q2",
        "revenuefromcontractwithcustomerexcludingassessedtax": 1238023000,
        "costofrevenue": 669733000,
        "researchanddevelopmentexpense": 229064000,
        "sellinggeneralandadministrativeexpense": 181909000,
        "interestexpense": 38880000,
        "othernonoperatingincomeexpense": -3882000,
        "incomelossfromcontinuingoperationsbeforeincometaxesminorityinterestandincomelossfromequitymethodinvestments": 527402000,
        "incometaxexpensebenefit": 70419000,
        "profitloss": 456983000,
        "netincomelossattributabletononcontrollinginterest": -268000,
        "netincomeloss": 457251000,
        "earningspersharebasic": 2.96,
        "earningspersharediluted": 2.94,
        "weightedaveragenumberofsharesoutstandingbasic": 154273000,
        "weightedaveragenumberofdilutedsharesoutstanding": 155560000,
        "othercomprehensiveincomelossforeigncurrencytransactionandtranslationadjustmentbeforetax": 8901000,
        "othercomprehensiveincomelossforeigncurrencytranslationadjustmenttax": 787000,
        "othercomprehensiveincomelossforeigncurrencytransactionandtranslationadjustmentnetoftax": 8114000,
        "othercomprehensiveincomelosscashflowhedgegainlossbeforereclassificationandtax": -1357000,
        "othercomprehensiveincomelosscashflowhedgegainlossreclassificationbeforetax": -1115000,
        "othercomprehensiveincomelosscashflowhedgegainlossafterreclassificationtax": -52000,
        "othercomprehensiveincomelosscashflowhedgegainlossafterreclassificationandtax": -190000,
        "othercomprehensiveincomelosspensionandotherpostretirementbenefitplansadjustmentnetoftax": 379000,
        "othercomprehensiveincomeunrealizedholdinggainlossonsecuritiesarisingduringperiodbeforetax": -911000,
        "othercomprehensiveincomelossreclassificationadjustmentfromaociforsaleofsecuritiesbeforetax": 111000,
        "othercomprehensiveincomelossavailableforsalesecuritiestax": -219000,
        "othercomprehensiveincomelossavailableforsalesecuritiesadjustmentnetoftax": -803000,
        "othercomprehensiveincomelossnetoftax": 6742000,
        "comprehensiveincomenetoftaxattributabletononcontrollinginterest": -268000,
        "comprehensiveincomenetoftax": 463993000
    },
    {
        "date": "2020-09-29",
        "symbol": "KLAC",
        "period": "Q1",
        "revenuefromcontractwithcustomerexcludingassessedtax": 1145495000,
        "costofrevenue": 620562000,
        "researchanddevelopmentexpense": 219038000,
        "sellinggeneralandadministrativeexpense": 172631000,
        "interestexpense": 39386000,
        "othernonoperatingincomeexpense": -3197000,
        "incomelossfromcontinuingoperationsbeforeincometaxesminorityinterestandincomelossfromequitymethodinvestments": 483806000,
        "incometaxexpensebenefit": 63664000,
        "profitloss": 420142000,
        "netincomelossattributabletononcontrollinginterest": -425000,
        "netincomeloss": 420567000,
        "earningspersharebasic": 2.71,
        "earningspersharediluted": 2.69,
        "weightedaveragenumberofsharesoutstandingbasic": 155281000,
        "weightedaveragenumberofdilutedsharesoutstanding": 156442000,
        "othercomprehensiveincomelossforeigncurrencytransactionandtranslationadjustmentbeforetax": 5440000,
        "othercomprehensiveincomelossforeigncurrencytranslationadjustmenttax": 403000,
        "othercomprehensiveincomelossforeigncurrencytransactionandtranslationadjustmentnetoftax": 5037000,
        "othercomprehensiveincomelosscashflowhedgegainlossbeforereclassificationandtax": -918000,
        "othercomprehensiveincomelosscashflowhedgegainlossreclassificationbeforetax": 54000,
        "othercomprehensiveincomelosscashflowhedgegainlossafterreclassificationtax": -208000,
        "othercomprehensiveincomelosscashflowhedgegainlossafterreclassificationandtax": -764000,
        "othercomprehensiveincomelosspensionandotherpostretirementbenefitplansadjustmentnetoftax": 3119000,
        "othercomprehensiveincomeunrealizedholdinggainlossonsecuritiesarisingduringperiodbeforetax": -951000,
        "othercomprehensiveincomelossreclassificationadjustmentfromaociforsaleofsecuritiesbeforetax": 101000,
        "othercomprehensiveincomelossavailableforsalesecuritiestax": -226000,
        "othercomprehensiveincomelossavailableforsalesecuritiesadjustmentnetoftax": -826000,
        "othercomprehensiveincomelossnetoftax": 328000,
        "comprehensiveincomenetoftaxattributabletononcontrollinginterest": -425000,
        "comprehensiveincomenetoftax": 420895000
    },
    {
        "date": "2020-06-29",
        "symbol": "KLAC",
        "period": "Q4",
        "revenuefromcontractwithcustomerexcludingassessedtax": 1075104000,
        "costofrevenue": 621544000,
        "researchanddevelopmentexpense": 217100000,
        "sellinggeneralandadministrativeexpense": 167791000,
        "interestexpense": 40221000,
        "incomelossfromcontinuingoperationsbeforeincometaxesminorityinterestandincomelossfromequitymethodinvestments": 405069000,
        "incometaxexpensebenefit": -5246000,
        "profitloss": 410315000,
        "netincomelossattributabletononcontrollinginterest": -938000,
        "netincomeloss": 411253000,
        "earningspersharebasic": 2.6599999999999997,
        "earningspersharediluted": 2.6400000000000006,
        "weightedaveragenumberofsharesoutstandingbasic": -315257000,
        "weightedaveragenumberofdilutedsharesoutstanding": -317918000,
        "othercomprehensiveincomelosscashflowhedgegainlossbeforereclassificationandtax": 1046000,
        "othercomprehensiveincomelosscashflowhedgegainlossreclassificationbeforetax": 820000,
        "othercomprehensiveincomelosscashflowhedgegainlossafterreclassificationtax": 94000,
        "othercomprehensiveincomeunrealizedholdinggainlossonsecuritiesarisingduringperiodbeforetax": 4925000,
        "othercomprehensiveincomelossreclassificationadjustmentfromaociforsaleofsecuritiesbeforetax": -49000,
        "othercomprehensiveincomelossnetoftax": 8520000,
        "comprehensiveincomenetoftaxattributabletononcontrollinginterest": -938000,
        "comprehensiveincomenetoftax": 419773000
    },
    {
        "date": "2020-03-30",
        "symbol": "KLAC",
        "period": "Q3",
        "profitloss": 78009000,
        "othercomprehensiveincomeforeigncurrencytransactionandtranslationadjustmentbeforetaxportionattributabletoparent": -3769000,
        "othercomprehensiveincomeforeigncurrencytranslationadjustmenttaxportionattributabletoparent": -114000,
        "othercomprehensiveincomeforeigncurrencytransactionandtranslationadjustmentnetoftaxportionattributabletoparent": -3655000,
        "othercomprehensiveincomelosscashflowhedgegainlossbeforereclassificationandtax": -19333000,
        "othercomprehensiveincomelosscashflowhedgegainlossreclassificationbeforetax": 2904000,
        "othercomprehensiveincomelosscashflowhedgegainlossafterreclassificationtax": -4816000,
        "othercomprehensiveincomelosscashflowhedgegainlossafterreclassificationandtaxparent": -17421000,
        "othercomprehensiveincomedefinedbenefitplansadjustmentnetoftaxportionattributabletoparent": -425000,
        "othercomprehensiveincomeunrealizedholdinggainlossonsecuritiesarisingduringperiodbeforetax": -695000,
        "othercomprehensiveincomelossreclassificationadjustmentfromaociforsaleofsecuritiesbeforetax": 432000,
        "othercomprehensiveincomeavailableforsalesecuritiestaxportionattributabletoparent": -242000,
        "othercomprehensiveincomeavailableforsalesecuritiesadjustmentnetoftaxportionattributabletoparent": -885000,
        "othercomprehensiveincomelossnetoftax": -21536000,
        "comprehensiveincomenetoftaxattributabletononcontrollinginterest": -443000,
        "comprehensiveincomenetoftax": 56916000,
        "revenuefromcontractwithcustomerexcludingassessedtax": 1051096000,
        "costofrevenue": 590158000,
        "researchanddevelopmentexpense": 215433000,
        "sellinggeneralandadministrativeexpense": 185760000,
        "goodwillimpairmentloss": 256649000,
        "interestexpense": 39231000,
        "gainslossesonextinguishmentofdebt": -22538000,
        "interestandotherincome": 1004000,
        "incomelossfromcontinuingoperationsbeforeincometaxesminorityinterestandincomelossfromequitymethodinvestments": 115199000,
        "incometaxexpensebenefit": 37190000,
        "netincomelossattributabletononcontrollinginterest": -443000,
        "netincomeloss": 78452000,
        "earningspersharebasic": 0.5,
        "earningspersharediluted": 0.5,
        "weightedaveragenumberofsharesoutstandingbasic": 156067000,
        "weightedaveragenumberofdilutedsharesoutstanding": 157172000
    },
    {
        "date": "2019-12-30",
        "symbol": "KLAC",
        "period": "Q2",
        "profitloss": 380305000,
        "othercomprehensiveincomeforeigncurrencytransactionandtranslationadjustmentbeforetaxportionattributabletoparent": 2844000,
        "othercomprehensiveincomeforeigncurrencytranslationadjustmenttaxportionattributabletoparent": 247000,
        "othercomprehensiveincomeforeigncurrencytransactionandtranslationadjustmentnetoftaxportionattributabletoparent": 2597000,
        "othercomprehensiveincomelosscashflowhedgegainlossbeforereclassificationandtax": 2290000,
        "othercomprehensiveincomelosscashflowhedgegainlossreclassificationbeforetax": -125000,
        "othercomprehensiveincomelosscashflowhedgegainlossafterreclassificationtax": 412000,
        "othercomprehensiveincomelosscashflowhedgegainlossafterreclassificationandtaxparent": 2003000,
        "othercomprehensiveincomedefinedbenefitplansadjustmentnetoftaxportionattributabletoparent": 51000,
        "othercomprehensiveincomeunrealizedholdinggainlossonsecuritiesarisingduringperiodbeforetax": 616000,
        "othercomprehensiveincomelossreclassificationadjustmentfromaociforsaleofsecuritiesbeforetax": -82000,
        "othercomprehensiveincomeavailableforsalesecuritiestaxportionattributabletoparent": 150000,
        "othercomprehensiveincomeavailableforsalesecuritiesadjustmentnetoftaxportionattributabletoparent": 548000,
        "othercomprehensiveincomelossnetoftax": 5097000,
        "comprehensiveincomenetoftaxattributabletononcontrollinginterest": -250000,
        "comprehensiveincomenetoftax": 385652000,
        "revenuefromcontractwithcustomerexcludingassessedtax": 1144550000,
        "costofrevenue": 633618000,
        "researchanddevelopmentexpense": 220751000,
        "sellinggeneralandadministrativeexpense": 192253000,
        "interestexpense": 40472000,
        "interestandotherincome": 2568000,
        "incomelossfromcontinuingoperationsbeforeincometaxesminorityinterestandincomelossfromequitymethodinvestments": 424927000,
        "incometaxexpensebenefit": 44622000,
        "netincomelossattributabletononcontrollinginterest": -250000,
        "netincomeloss": 380555000,
        "earningspersharebasic": 2.42,
        "earningspersharediluted": 2.4,
        "weightedaveragenumberofsharesoutstandingbasic": 157290000,
        "weightedaveragenumberofdilutedsharesoutstanding": 158620000
    },
    {
        "date": "2019-09-29",
        "symbol": "KLAC",
        "period": "Q1",
        "profitloss": 346396000,
        "othercomprehensiveincomeforeigncurrencytransactionandtranslationadjustmentbeforetaxportionattributabletoparent": -2438000,
        "othercomprehensiveincomeforeigncurrencytranslationadjustmenttaxportionattributabletoparent": -393000,
        "othercomprehensiveincomeforeigncurrencytransactionandtranslationadjustmentnetoftaxportionattributabletoparent": -2045000,
        "othercomprehensiveincomelosscashflowhedgegainlossbeforereclassificationandtax": -742000,
        "othercomprehensiveincomelosscashflowhedgegainlossreclassificationbeforetax": -1527000,
        "othercomprehensiveincomelosscashflowhedgegainlossafterreclassificationtax": 24000,
        "othercomprehensiveincomelosscashflowhedgegainlossafterreclassificationandtaxparent": 761000,
        "othercomprehensiveincomedefinedbenefitplansadjustmentnetoftaxportionattributabletoparent": -729000,
        "othercomprehensiveincomeunrealizedholdinggainlossonsecuritiesarisingduringperiodbeforetax": 1183000,
        "othercomprehensiveincomelossreclassificationadjustmentfromaociforsaleofsecuritiesbeforetax": -4000,
        "othercomprehensiveincomeavailableforsalesecuritiestaxportionattributabletoparent": -542000,
        "othercomprehensiveincomeavailableforsalesecuritiesadjustmentnetoftaxportionattributabletoparent": 1729000,
        "othercomprehensiveincomelossnetoftax": 1174000,
        "comprehensiveincomenetoftaxattributabletononcontrollinginterest": -129000,
        "comprehensiveincomenetoftax": 347699000,
        "revenuefromcontractwithcustomerexcludingassessedtax": 1057975000,
        "costofrevenue": 604241000,
        "researchanddevelopmentexpense": 210580000,
        "sellinggeneralandadministrativeexpense": 188345000,
        "interestexpense": 40350000,
        "interestandotherincome": 1618000,
        "incomelossfromcontinuingoperationsbeforeincometaxesminorityinterestandincomelossfromequitymethodinvestments": 371516000,
        "incometaxexpensebenefit": 25120000,
        "netincomelossattributabletononcontrollinginterest": -129000,
        "netincomeloss": 346525000,
        "earningspersharebasic": 2.18,
        "earningspersharediluted": 2.16,
        "weightedaveragenumberofsharesoutstandingbasic": 158697000,
        "weightedaveragenumberofdilutedsharesoutstanding": 160131000
    },
    {
        "date": "2019-06-29",
        "symbol": "KLAC",
        "period": "Q4",
        "othercomprehensiveincomeforeigncurrencytransactionandtranslationadjustmentbeforetaxportionattributabletoparent": -86000,
        "othercomprehensiveincomeforeigncurrencytransactionandtranslationadjustmentnetoftaxportionattributabletoparent": -411000,
        "othercomprehensiveincomedefinedbenefitplansadjustmentnetoftaxportionattributabletoparent": 2817000,
        "othercomprehensiveincomeunrealizedholdinggainlossonsecuritiesarisingduringperiodbeforetax": 2983000,
        "othercomprehensiveincomelossreclassificationadjustmentfromaociforsaleofsecuritiesbeforetax": -31000,
        "othercomprehensiveincomeavailableforsalesecuritiestaxportionattributabletoparent": 1449000,
        "othercomprehensiveincomeavailableforsalesecuritiesadjustmentnetoftaxportionattributabletoparent": 1565000,
        "comprehensiveincomenetoftax": 213723000,
        "revenuefromcontractwithcustomerexcludingassessedtax": -1091291000,
        "costofrevenue": -380473000,
        "researchanddevelopmentexpense": 206710000,
        "sellinggeneralandadministrativeexpense": 190040000,
        "interestexpense": -26277000,
        "interestandotherincome": -19058000,
        "incomelossfromcontinuingoperationsbeforeincometaxesminorityinterestandincomelossfromequitymethodinvestments": 231310000,
        "incometaxexpensebenefit": -7942000,
        "netincomeloss": 585209000,
        "earningspersharebasic": 0.5299999999999998,
        "earningspersharediluted": 0.5199999999999996,
        "weightedaveragenumberofsharesoutstandingbasic": -307665000,
        "weightedaveragenumberofdilutedsharesoutstanding": -308964000
    },
    {
        "date": "2019-03-30",
        "symbol": "KLAC",
        "period": "Q3",
        "profitloss": -78000,
        "othercomprehensiveincomeforeigncurrencytransactionandtranslationadjustmentbeforetaxportionattributabletoparent": -1031000,
        "othercomprehensiveincomeforeigncurrencytranslationadjustmenttaxportionattributabletoparent": -442000,
        "othercomprehensiveincomeforeigncurrencytransactionandtranslationadjustmentnetoftaxportionattributabletoparent": -589000,
        "othercomprehensiveincomelosscashflowhedgegainlossbeforereclassificationandtax": -3252000,
        "othercomprehensiveincomelosscashflowhedgegainlossreclassificationbeforetax": 150000,
        "othercomprehensiveincomelosscashflowhedgegainlossafterreclassificationtax": -461000,
        "othercomprehensiveincomelosscashflowhedgegainlossafterreclassificationandtaxparent": -1864000,
        "othercomprehensiveincomedefinedbenefitplansadjustmentnetoftaxportionattributabletoparent": -438000,
        "othercomprehensiveincomeunrealizedholdinggainlossonsecuritiesarisingduringperiodbeforetax": 3922000,
        "othercomprehensiveincomelossreclassificationadjustmentfromaociforsaleofsecuritiesbeforetax": -313000,
        "othercomprehensiveincomeavailableforsalesecuritiestaxportionattributabletoparent": 680000,
        "othercomprehensiveincomeavailableforsalesecuritiesadjustmentnetoftaxportionattributabletoparent": 3555000,
        "othercomprehensiveincomelossnetoftax": 1540000,
        "comprehensiveincomenetoftaxattributabletononcontrollinginterest": -83000,
        "comprehensiveincomenetoftax": 194268000,
        "revenuefromcontractwithcustomerexcludingassessedtax": 655000,
        "costofrevenue": -17000,
        "researchanddevelopmentexpense": 184887000,
        "sellinggeneralandadministrativeexpense": 182184000,
        "interestexpense": 150000,
        "interestandotherincome": -158000,
        "incomelossfromcontinuingoperationsbeforeincometaxesminorityinterestandincomelossfromequitymethodinvestments": 221390000,
        "incometaxexpensebenefit": 29755000,
        "netincomelossattributabletononcontrollinginterest": -83000,
        "netincomeloss": 192728000,
        "earningspersharebasic": 1.3,
        "earningspersharediluted": 1.29,
        "weightedaveragenumberofsharesoutstandingbasic": 156349000,
        "weightedaveragenumberofdilutedsharesoutstanding": 157182000
    },
    {
        "date": "2018-12-30",
        "symbol": "KLAC",
        "period": "Q2",
        "netincomeloss": 1736000,
        "othercomprehensiveincomeforeigncurrencytransactionandtranslationadjustmentbeforetaxportionattributabletoparent": -991000,
        "othercomprehensiveincomeforeigncurrencytransactionandtranslationadjustmentnetoftaxportionattributabletoparent": -991000,
        "othercomprehensiveincomelosscashflowhedgegainlossbeforereclassificationandtax": -17752000,
        "othercomprehensiveincomelosscashflowhedgegainlossreclassificationbeforetax": 189000,
        "othercomprehensiveincomelosscashflowhedgegainlossafterreclassificationtax": -4475000,
        "othercomprehensiveincomelosscashflowhedgegainlossafterreclassificationandtaxparent": -16243000,
        "othercomprehensiveincomedefinedbenefitplansadjustmentnetoftaxportionattributabletoparent": -413000,
        "othercomprehensiveincomeunrealizedholdinggainlossonsecuritiesarisingduringperiodbeforetax": 2649000,
        "othercomprehensiveincomelossreclassificationadjustmentfromaociforsaleofsecuritiesbeforetax": -469000,
        "othercomprehensiveincomeavailableforsalesecuritiestaxportionattributabletoparent": 577000,
        "othercomprehensiveincomeavailableforsalesecuritiesadjustmentnetoftaxportionattributabletoparent": 2541000,
        "othercomprehensiveincomelossnetoftaxportionattributabletoparent": -14280000,
        "comprehensiveincomenetoftax": 354820000,
        "revenuefromcontractwithcustomerexcludingassessedtax": 1705000,
        "costofrevenue": -158000,
        "researchanddevelopmentexpense": 165903000,
        "sellinggeneralandadministrativeexpense": 112462000,
        "interestexpense": 189000,
        "interestandotherincome": 9187000,
        "incomelossfromcontinuingoperationsbeforeincometaxesminorityinterestandincomelossfromequitymethodinvestments": 415963000,
        "incometaxexpensebenefit": 48401000,
        "earningspersharebasic": 2.43,
        "earningspersharediluted": 2.42,
        "weightedaveragenumberofsharesoutstandingbasic": 152148000,
        "weightedaveragenumberofdilutedsharesoutstanding": 152648000
    },
    {
        "date": "2018-09-29",
        "symbol": "KLAC",
        "period": "Q1",
        "netincomeloss": 395944000,
        "othercomprehensiveincomeforeigncurrencytransactionandtranslationadjustmentbeforetaxportionattributabletoparent": -3082000,
        "othercomprehensiveincomeforeigncurrencytransactionandtranslationadjustmentnetoftaxportionattributabletoparent": -3082000,
        "othercomprehensiveincomeunrealizedgainlossonderivativesarisingduringperiodbeforetax": 13794000,
        "othercomprehensiveincomelossreclassificationadjustmentfromaocionderivativesbeforetax": 1037000,
        "othercomprehensiveincomederivativesqualifyingashedgestaxportionattributabletoparent": 3295000,
        "othercomprehensiveincomederivativesqualifyingashedgesnetoftaxportionattributabletoparent": 9462000,
        "othercomprehensiveincomedefinedbenefitplansadjustmentnetoftaxportionattributabletoparent": -142000,
        "othercomprehensiveincomeunrealizedholdinggainlossonsecuritiesarisingduringperiodbeforetax": 2110000,
        "othercomprehensiveincomelossreclassificationadjustmentfromaociforsaleofsecuritiesbeforetax": -481000,
        "othercomprehensiveincomeavailableforsalesecuritiestaxportionattributabletoparent": 502000,
        "othercomprehensiveincomeavailableforsalesecuritiesadjustmentnetoftaxportionattributabletoparent": 2089000,
        "othercomprehensiveincomelossnetoftaxportionattributabletoparent": 8611000,
        "comprehensiveincomenetoftax": 404555000,
        "revenuefromcontractwithcustomerexcludingassessedtax": 1093260000,
        "costofrevenue": 381387000,
        "researchanddevelopmentexpense": 153530000,
        "sellinggeneralandadministrativeexpense": 114438000,
        "interestexpense": 26362000,
        "interestandotherincome": 10025000,
        "incomelossfromcontinuingoperationsbeforeincometaxesminorityinterestandincomelossfromequitymethodinvestments": 427568000,
        "incometaxexpensebenefit": 31624000,
        "earningspersharebasic": 2.55,
        "earningspersharediluted": 2.54,
        "commonstockdividendspersharedeclared": 0.75,
        "weightedaveragenumberofsharesoutstandingbasic": 155221000,
        "weightedaveragenumberofdilutedsharesoutstanding": 156083000
    },
    {
        "date": "2018-06-29",
        "symbol": "KLAC",
        "period": "Q4",
        "netincomeloss": 519672000,
        "othercomprehensiveincomeforeigncurrencytransactionandtranslationadjustmentbeforetaxportionattributabletoparent": -9259000,
        "othercomprehensiveincomeforeigncurrencytranslationadjustmenttaxportionattributabletoparent": -2328000,
        "othercomprehensiveincomeforeigncurrencytransactionandtranslationadjustmentnetoftaxportionattributabletoparent": -6931000,
        "othercomprehensiveincomeunrealizedgainlossonderivativesarisingduringperiodbeforetax": -2494000,
        "othercomprehensiveincomelossreclassificationadjustmentfromaocionderivativesbeforetax": 71000,
        "othercomprehensiveincomederivativesqualifyingashedgestaxportionattributabletoparent": -1446000,
        "othercomprehensiveincomederivativesqualifyingashedgesnetoftaxportionattributabletoparent": -1119000,
        "othercomprehensiveincomedefinedbenefitplansadjustmentnetoftaxportionattributabletoparent": -7283000,
        "othercomprehensiveincomeunrealizedholdinggainlossonsecuritiesarisingduringperiodbeforetax": 1222000,
        "othercomprehensiveincomeavailableforsalesecuritiestaxportionattributabletoparent": 259000,
        "othercomprehensiveincomeavailableforsalesecuritiesadjustmentnetoftaxportionattributabletoparent": 1111000,
        "othercomprehensiveincomelossnetoftaxportionattributabletoparent": 344000,
        "comprehensiveincomenetoftax": 349111000,
        "salesrevenuegoodsnet": 840500000,
        "salesrevenueservicesnet": 229504000,
        "salesrevenuenet": -737770000,
        "costofrevenue": -354639000,
        "researchanddevelopmentexpense": 151951000,
        "sellinggeneralandadministrativeexpense": 116649000,
        "interestexpense": -30200000,
        "interestandotherincome": 11292000,
        "incomelossfromcontinuingoperationsbeforeincometaxesminorityinterestandincomelossfromequitymethodinvestments": 406489000,
        "incometaxexpensebenefit": 57722000,
        "earningspersharebasic": 2.24,
        "earningspersharediluted": 2.2299999999999995,
        "commonstockdividendspersharedeclared": 0.7500000000000003,
        "weightedaveragenumberofsharesoutstandingbasic": -313288000,
        "weightedaveragenumberofdilutedsharesoutstanding": -314256000
    },
    {
        "date": "2018-03-30",
        "symbol": "KLAC",
        "period": "Q3",
        "netincomeloss": 694000,
        "othercomprehensiveincomeforeigncurrencytransactionandtranslationadjustmentbeforetaxportionattributabletoparent": 4238000,
        "othercomprehensiveincomeforeigncurrencytranslationadjustmenttaxportionattributabletoparent": 667000,
        "othercomprehensiveincomeforeigncurrencytransactionandtranslationadjustmentnetoftaxportionattributabletoparent": 3571000,
        "othercomprehensiveincomeunrealizedgainlossonderivativesarisingduringperiodbeforetax": -581000,
        "othercomprehensiveincomelossreclassificationadjustmentfromaocionderivativesbeforetax": 694000,
        "othercomprehensiveincomederivativesqualifyingashedgestaxportionattributabletoparent": -369000,
        "othercomprehensiveincomederivativesqualifyingashedgesnetoftaxportionattributabletoparent": -906000,
        "othercomprehensiveincomedefinedbenefitplansadjustmentnetoftaxportionattributabletoparent": 28000,
        "othercomprehensiveincomeunrealizedholdinggainlossonsecuritiesarisingduringperiodbeforetax": -5723000,
        "othercomprehensiveincomelossreclassificationadjustmentfromaociforsaleofsecuritiesbeforetax": 2000,
        "othercomprehensiveincomeavailableforsalesecuritiestaxportionattributabletoparent": -1333000,
        "othercomprehensiveincomeavailableforsalesecuritiesadjustmentnetoftaxportionattributabletoparent": -4392000,
        "othercomprehensiveincomelossnetoftaxportionattributabletoparent": -1755000,
        "comprehensiveincomenetoftax": 305126000,
        "salesrevenuegoodsnet": 797797000,
        "salesrevenueservicesnet": 223497000,
        "salesrevenuenet": 113477000,
        "costofrevenue": -570000,
        "researchanddevelopmentexpense": 153284000,
        "sellinggeneralandadministrativeexpense": 113518000,
        "interestexpense": 189000,
        "interestandotherincome": 8298000,
        "incomelossfromcontinuingoperationsbeforeincometaxesminorityinterestandincomelossfromequitymethodinvestments": 365983000,
        "incometaxexpensebenefit": 59102000,
        "earningspersharebasic": 1.96,
        "earningspersharediluted": 1.95,
        "commonstockdividendspersharedeclared": 0.59,
        "weightedaveragenumberofsharesoutstandingbasic": 156221000,
        "weightedaveragenumberofdilutedsharesoutstanding": 157201000
    },
    {
        "date": "2017-12-30",
        "symbol": "KLAC",
        "period": "Q2",
        "netincomeloss": 963000,
        "othercomprehensiveincomeforeigncurrencytransactionandtranslationadjustmentbeforetaxportionattributabletoparent": 4821000,
        "othercomprehensiveincomeforeigncurrencytranslationadjustmenttaxportionattributabletoparent": 1836000,
        "othercomprehensiveincomeforeigncurrencytransactionandtranslationadjustmentnetoftaxportionattributabletoparent": 2985000,
        "othercomprehensiveincomeunrealizedgainlossonderivativesarisingduringperiodbeforetax": 697000,
        "othercomprehensiveincomelossreclassificationadjustmentfromaocionderivativesbeforetax": 963000,
        "othercomprehensiveincomederivativesqualifyingashedgestaxportionattributabletoparent": -78000,
        "othercomprehensiveincomederivativesqualifyingashedgesnetoftaxportionattributabletoparent": -188000,
        "othercomprehensiveincomedefinedbenefitplansadjustmentnetoftaxportionattributabletoparent": 59000,
        "othercomprehensiveincomeunrealizedholdinggainlossonsecuritiesarisingduringperiodbeforetax": -5863000,
        "othercomprehensiveincomelossreclassificationadjustmentfromaociforsaleofsecuritiesbeforetax": -69000,
        "othercomprehensiveincomeavailableforsalesecuritiestaxportionattributabletoparent": -1315000,
        "othercomprehensiveincomeavailableforsalesecuritiesadjustmentnetoftaxportionattributabletoparent": -4479000,
        "othercomprehensiveincomelossnetoftaxportionattributabletoparent": -1741000,
        "comprehensiveincomenetoftax": -136060000,
        "salesrevenuegoodsnet": 761587000,
        "salesrevenueservicesnet": 214235000,
        "salesrevenuenet": 149042000,
        "costofrevenue": -377000,
        "researchanddevelopmentexpense": 156745000,
        "sellinggeneralandadministrativeexpense": 105546000,
        "interestexpense": 189000,
        "interestandotherincome": 8482000,
        "incomelossfromcontinuingoperationsbeforeincometaxesminorityinterestandincomelossfromequitymethodinvestments": 347307000,
        "incometaxexpensebenefit": 481626000,
        "earningspersharebasic": -0.86,
        "earningspersharediluted": -0.86,
        "commonstockdividendspersharedeclared": 0.59,
        "weightedaveragenumberofsharesoutstandingbasic": 156587000,
        "weightedaveragenumberofdilutedsharesoutstanding": 156587000
    },
    {
        "date": "2017-09-29",
        "symbol": "KLAC",
        "period": "Q1",
        "netincomeloss": 280936000,
        "othercomprehensiveincomeforeigncurrencytransactionandtranslationadjustmentbeforetaxportionattributabletoparent": 1558000,
        "othercomprehensiveincomeforeigncurrencytranslationadjustmenttaxportionattributabletoparent": 503000,
        "othercomprehensiveincomeforeigncurrencytransactionandtranslationadjustmentnetoftaxportionattributabletoparent": 1055000,
        "othercomprehensiveincomeunrealizedgainlossonderivativesarisingduringperiodbeforetax": 444000,
        "othercomprehensiveincomelossreclassificationadjustmentfromaocionderivativesbeforetax": 2118000,
        "othercomprehensiveincomederivativesqualifyingashedgestaxportionattributabletoparent": -598000,
        "othercomprehensiveincomederivativesqualifyingashedgesnetoftaxportionattributabletoparent": -1076000,
        "othercomprehensiveincomedefinedbenefitplansadjustmentnetoftaxportionattributabletoparent": 34000,
        "othercomprehensiveincomeunrealizedholdinggainlossonsecuritiesarisingduringperiodbeforetax": 667000,
        "othercomprehensiveincomelossreclassificationadjustmentfromaociforsaleofsecuritiesbeforetax": 6000,
        "othercomprehensiveincomeavailableforsalesecuritiestaxportionattributabletoparent": 64000,
        "othercomprehensiveincomeavailableforsalesecuritiesadjustmentnetoftaxportionattributabletoparent": 597000,
        "othercomprehensiveincomelossnetoftaxportionattributabletoparent": 542000,
        "comprehensiveincomenetoftax": 281478000,
        "salesrevenuegoodsnet": 760787000,
        "salesrevenueservicesnet": 208794000,
        "salesrevenuenet": 969581000,
        "costofrevenue": 353449000,
        "researchanddevelopmentexpense": 146732000,
        "sellinggeneralandadministrativeexpense": 107713000,
        "interestexpense": 30576000,
        "interestandotherincome": 5041000,
        "incomelossfromcontinuingoperationsbeforeincometaxesminorityinterestandincomelossfromequitymethodinvestments": 336152000,
        "incometaxexpensebenefit": 55216000,
        "earningspersharebasic": 1.79,
        "earningspersharediluted": 1.78,
        "commonstockdividendspersharedeclared": 0.59,
        "weightedaveragenumberofsharesoutstandingbasic": 156826000,
        "weightedaveragenumberofdilutedsharesoutstanding": 157846000
    },
    {
        "date": "2017-06-29",
        "symbol": "KLAC",
        "period": "Q4",
        "netincomeloss": 746992000,
        "othercomprehensiveincomeforeigncurrencytransactionandtranslationadjustmentbeforetaxportionattributabletoparent": 2338000,
        "othercomprehensiveincomeforeigncurrencytranslationadjustmenttaxportionattributabletoparent": 788000,
        "othercomprehensiveincomeforeigncurrencytransactionandtranslationadjustmentnetoftaxportionattributabletoparent": 1550000,
        "othercomprehensiveincomeunrealizedgainlossonderivativesarisingduringperiodbeforetax": 1533000,
        "othercomprehensiveincomelossreclassificationadjustmentfromaocionderivativesbeforetax": 3618000,
        "othercomprehensiveincomederivativesqualifyingashedgestaxportionattributabletoparent": -768000,
        "othercomprehensiveincomederivativesqualifyingashedgesnetoftaxportionattributabletoparent": -1317000,
        "othercomprehensiveincomedefinedbenefitplansadjustmentnetoftaxportionattributabletoparent": 2750000,
        "othercomprehensiveincomeunrealizedholdinggainlossonsecuritiesarisingduringperiodbeforetax": 68000,
        "othercomprehensiveincomeavailableforsalesecuritiestaxportionattributabletoparent": -20000,
        "othercomprehensiveincomeavailableforsalesecuritiesadjustmentnetoftaxportionattributabletoparent": 78000,
        "othercomprehensiveincomelossnetoftaxportionattributabletoparent": -2439000,
        "comprehensiveincomenetoftax": 253723000,
        "salesrevenuegoodsnet": 737432000,
        "salesrevenueservicesnet": 201215000,
        "salesrevenuenet": -498814000,
        "costofrevenue": -277869000,
        "researchanddevelopmentexpense": 136555000,
        "sellinggeneralandadministrativeexpense": 105164000,
        "interestexpense": -30356000,
        "interestandotherincome": 6682000,
        "incomelossfromcontinuingoperationsbeforeincometaxesminorityinterestandincomelossfromequitymethodinvestments": 325032000,
        "incometaxexpensebenefit": 68870000,
        "earningspersharebasic": 1.64,
        "earningspersharediluted": 1.6199999999999997,
        "commonstockdividendspersharedeclared": 0.54,
        "weightedaveragenumberofsharesoutstandingbasic": -312745000,
        "weightedaveragenumberofdilutedsharesoutstanding": -314409000
    },
    {
        "date": "2017-03-30",
        "symbol": "KLAC",
        "period": "Q3",
        "netincomeloss": 2288000,
        "othercomprehensiveincomeforeigncurrencytransactionandtranslationadjustmentbeforetaxportionattributabletoparent": 7375000,
        "othercomprehensiveincomeforeigncurrencytranslationadjustmenttaxportionattributabletoparent": 1642000,
        "othercomprehensiveincomeforeigncurrencytransactionandtranslationadjustmentnetoftaxportionattributabletoparent": 5733000,
        "othercomprehensiveincomeunrealizedgainlossonderivativesarisingduringperiodbeforetax": -3526000,
        "othercomprehensiveincomelossreclassificationadjustmentfromaocionderivativesbeforetax": 2288000,
        "othercomprehensiveincomederivativesqualifyingashedgestaxportionattributabletoparent": -2091000,
        "othercomprehensiveincomederivativesqualifyingashedgesnetoftaxportionattributabletoparent": -3723000,
        "othercomprehensiveincomedefinedbenefitplansadjustmentnetoftaxportionattributabletoparent": -152000,
        "othercomprehensiveincomeunrealizedholdinggainlossonsecuritiesarisingduringperiodbeforetax": 1278000,
        "othercomprehensiveincomelossreclassificationadjustmentfromaociforsaleofsecuritiesbeforetax": -53000,
        "othercomprehensiveincomeavailableforsalesecuritiestaxportionattributabletoparent": 221000,
        "othercomprehensiveincomeavailableforsalesecuritiesadjustmentnetoftaxportionattributabletoparent": 1110000,
        "othercomprehensiveincomelossnetoftaxportionattributabletoparent": 3272000,
        "comprehensiveincomenetoftax": 256834000,
        "salesrevenuegoodsnet": 721016000,
        "salesrevenueservicesnet": 192793000,
        "salesrevenuenet": 118003000,
        "costofrevenue": 342000,
        "researchanddevelopmentexpense": 130170000,
        "sellinggeneralandadministrativeexpense": 96252000,
        "interestexpense": 189000,
        "interestandotherincome": 5508000,
        "incomelossfromcontinuingoperationsbeforeincometaxesminorityinterestandincomelossfromequitymethodinvestments": 319149000,
        "incometaxexpensebenefit": 65587000,
        "earningspersharebasic": 1.62,
        "earningspersharediluted": 1.61,
        "commonstockdividendspersharedeclared": 0.54,
        "weightedaveragenumberofsharesoutstandingbasic": 156749000,
        "weightedaveragenumberofdilutedsharesoutstanding": 157746000
    },
    {
        "date": "2016-12-30",
        "symbol": "KLAC",
        "period": "Q2",
        "netincomeloss": -1305000,
        "othercomprehensiveincomeforeigncurrencytransactionandtranslationadjustmentbeforetaxportionattributabletoparent": -11305000,
        "othercomprehensiveincomeforeigncurrencytranslationadjustmenttaxportionattributabletoparent": -1086000,
        "othercomprehensiveincomeforeigncurrencytransactionandtranslationadjustmentnetoftaxportionattributabletoparent": -10219000,
        "othercomprehensiveincomeunrealizedgainlossonderivativesarisingduringperiodbeforetax": 13969000,
        "othercomprehensiveincomelossreclassificationadjustmentfromaocionderivativesbeforetax": -1305000,
        "othercomprehensiveincomederivativesqualifyingashedgestaxportionattributabletoparent": 5494000,
        "othercomprehensiveincomederivativesqualifyingashedgesnetoftaxportionattributabletoparent": 9780000,
        "othercomprehensiveincomedefinedbenefitplansadjustmentnetoftaxportionattributabletoparent": -819000,
        "othercomprehensiveincomeunrealizedholdinggainlossonsecuritiesarisingduringperiodbeforetax": -7037000,
        "othercomprehensiveincomelossreclassificationadjustmentfromaociforsaleofsecuritiesbeforetax": 30000,
        "othercomprehensiveincomeavailableforsalesecuritiestaxportionattributabletoparent": -1164000,
        "othercomprehensiveincomeavailableforsalesecuritiesadjustmentnetoftaxportionattributabletoparent": -5903000,
        "othercomprehensiveincomelossnetoftaxportionattributabletoparent": -5523000,
        "comprehensiveincomenetoftax": 232728000,
        "salesrevenuegoodsnet": 683733000,
        "salesrevenueservicesnet": 193152000,
        "salesrevenuenet": 153162000,
        "costofrevenue": 69000,
        "researchanddevelopmentexpense": 130912000,
        "sellinggeneralandadministrativeexpense": 93532000,
        "interestexpense": 189000,
        "interestandotherincome": 3535000,
        "incomelossfromcontinuingoperationsbeforeincometaxesminorityinterestandincomelossfromequitymethodinvestments": 306845000,
        "incometaxexpensebenefit": 68594000,
        "earningspersharebasic": 1.52,
        "earningspersharediluted": 1.52,
        "commonstockdividendspersharedeclared": 0.54,
        "weightedaveragenumberofsharesoutstandingbasic": 156335000,
        "weightedaveragenumberofdilutedsharesoutstanding": 157123000
    },
    {
        "date": "2016-09-29",
        "symbol": "KLAC",
        "period": "Q1",
        "netincomeloss": 178101000,
        "othercomprehensiveincomeforeigncurrencytransactionandtranslationadjustmentbeforetaxportionattributabletoparent": 3924000,
        "othercomprehensiveincomeforeigncurrencytranslationadjustmenttaxportionattributabletoparent": -782000,
        "othercomprehensiveincomeforeigncurrencytransactionandtranslationadjustmentnetoftaxportionattributabletoparent": 4706000,
        "othercomprehensiveincomeunrealizedgainlossonderivativesarisingduringperiodbeforetax": -1838000,
        "othercomprehensiveincomelossreclassificationadjustmentfromaocionderivativesbeforetax": -1379000,
        "othercomprehensiveincomederivativesqualifyingashedgestaxportionattributabletoparent": -165000,
        "othercomprehensiveincomederivativesqualifyingashedgesnetoftaxportionattributabletoparent": -294000,
        "othercomprehensiveincomedefinedbenefitplansadjustmentnetoftaxportionattributabletoparent": -245000,
        "othercomprehensiveincomeunrealizedholdinggainlossonsecuritiesarisingduringperiodbeforetax": -2877000,
        "othercomprehensiveincomelossreclassificationadjustmentfromaociforsaleofsecuritiesbeforetax": 204000,
        "othercomprehensiveincomeavailableforsalesecuritiestaxportionattributabletoparent": -476000,
        "othercomprehensiveincomeavailableforsalesecuritiesadjustmentnetoftaxportionattributabletoparent": -2605000,
        "othercomprehensiveincomelossnetoftaxportionattributabletoparent": 2052000,
        "comprehensiveincomenetoftax": 180153000,
        "salesrevenuegoodsnet": 561753000,
        "salesrevenueservicesnet": 188920000,
        "salesrevenuenet": 750673000,
        "costofrevenue": 277836000,
        "researchanddevelopmentexpense": 129233000,
        "sellinggeneralandadministrativeexpense": 94388000,
        "interestexpense": 30732000,
        "interestandotherincome": 3736000,
        "incomelossfromcontinuingoperationsbeforeincometaxesminorityinterestandincomelossfromequitymethodinvestments": 222220000,
        "incometaxexpensebenefit": 44119000,
        "earningspersharebasic": 1.14,
        "earningspersharediluted": 1.13,
        "commonstockdividendspersharedeclared": 0.52,
        "weightedaveragenumberofsharesoutstandingbasic": 156129000,
        "weightedaveragenumberofdilutedsharesoutstanding": 157021000
    },
    {
        "date": "2016-06-29",
        "symbol": "KLAC",
        "period": "Q4",
        "netincomeloss": 271541000,
        "othercomprehensiveincomeforeigncurrencytransactionandtranslationadjustmentbeforetaxportionattributabletoparent": -895000,
        "othercomprehensiveincomeforeigncurrencytranslationadjustmenttaxportionattributabletoparent": -609000,
        "othercomprehensiveincomeforeigncurrencytransactionandtranslationadjustmentnetoftaxportionattributabletoparent": -286000,
        "othercomprehensiveincomeunrealizedgainlossonderivativesarisingduringperiodbeforetax": -5670000,
        "othercomprehensiveincomelossreclassificationadjustmentfromaocionderivativesbeforetax": -3341000,
        "othercomprehensiveincomederivativesqualifyingashedgestaxportionattributabletoparent": -1014000,
        "othercomprehensiveincomederivativesqualifyingashedgesnetoftaxportionattributabletoparent": -1804000,
        "othercomprehensiveincomedefinedbenefitplansadjustmentnetoftaxportionattributabletoparent": 5281000,
        "othercomprehensiveincomeunrealizedholdinggainlossonsecuritiesarisingduringperiodbeforetax": 2247000,
        "othercomprehensiveincomeavailableforsalesecuritiestaxportionattributabletoparent": 305000,
        "othercomprehensiveincomeavailableforsalesecuritiesadjustmentnetoftaxportionattributabletoparent": 1709000,
        "othercomprehensiveincomelossnetoftaxportionattributabletoparent": -5662000,
        "comprehensiveincomenetoftax": 265879000,
        "salesrevenuegoodsnet": 731118000,
        "salesrevenueservicesnet": 188053000,
        "salesrevenuenet": -401900000,
        "costofrevenue": -550039000,
        "researchanddevelopmentexpense": 127454000,
        "sellinggeneralandadministrativeexpense": 103797000,
        "interestexpense": -91243000,
        "interestandotherincome": 9024000,
        "incomelossfromcontinuingoperationsbeforeincometaxesminorityinterestandincomelossfromequitymethodinvestments": 328487000,
        "incometaxexpensebenefit": 56946000,
        "earningspersharebasic": 1.7399999999999998,
        "earningspersharediluted": 1.73,
        "commonstockdividendspersharedeclared": 0.52,
        "weightedaveragenumberofsharesoutstandingbasic": -311893000,
        "weightedaveragenumberofdilutedsharesoutstanding": -313630000
    },
    {
        "date": "2016-03-30",
        "symbol": "KLAC",
        "period": "Q3",
        "netincomeloss": 175777000,
        "othercomprehensiveincomeforeigncurrencytransactionandtranslationadjustmentbeforetaxportionattributabletoparent": 5265000,
        "othercomprehensiveincomeforeigncurrencytranslationadjustmenttaxportionattributabletoparent": 974000,
        "othercomprehensiveincomeforeigncurrencytransactionandtranslationadjustmentnetoftaxportionattributabletoparent": 4291000,
        "othercomprehensiveincomeunrealizedgainlossonderivativesarisingduringperiodbeforetax": -2798000,
        "othercomprehensiveincomelossreclassificationadjustmentfromaocionderivativesbeforetax": -1107000,
        "othercomprehensiveincomederivativesqualifyingashedgestaxportionattributabletoparent": -608000,
        "othercomprehensiveincomederivativesqualifyingashedgesnetoftaxportionattributabletoparent": -1083000,
        "othercomprehensiveincomedefinedbenefitplansadjustmentnetoftaxportionattributabletoparent": 77000,
        "othercomprehensiveincomeunrealizedholdinggainlossonsecuritiesarisingduringperiodbeforetax": 5536000,
        "othercomprehensiveincomelossreclassificationadjustmentfromaociforsaleofsecuritiesbeforetax": 36000,
        "othercomprehensiveincomeavailableforsalesecuritiestaxportionattributabletoparent": 1135000,
        "othercomprehensiveincomeavailableforsalesecuritiesadjustmentnetoftaxportionattributabletoparent": 4365000,
        "othercomprehensiveincomelossnetoftaxportionattributabletoparent": 7496000,
        "comprehensiveincomenetoftax": 183273000,
        "salesrevenuegoodsnet": 530623000,
        "salesrevenueservicesnet": 181810000,
        "salesrevenuenet": 163862000,
        "costofrevenue": 366000,
        "researchanddevelopmentexpense": 115589000,
        "sellinggeneralandadministrativeexpense": 87407000,
        "interestexpense": 30895000,
        "interestandotherincome": 5988000,
        "incomelossfromcontinuingoperationsbeforeincometaxesminorityinterestandincomelossfromequitymethodinvestments": 209931000,
        "incometaxexpensebenefit": 34154000,
        "earningspersharebasic": 1.13,
        "earningspersharediluted": 1.12,
        "commonstockdividendspersharedeclared": 0.52,
        "weightedaveragenumberofsharesoutstandingbasic": 155690000,
        "weightedaveragenumberofdilutedsharesoutstanding": 156429000
    },
    {
        "date": "2015-12-30",
        "symbol": "KLAC",
        "period": "Q2",
        "netincomeloss": 152207000,
        "othercomprehensiveincomeforeigncurrencytransactionandtranslationadjustmentbeforetaxportionattributabletoparent": -2144000,
        "othercomprehensiveincomeforeigncurrencytranslationadjustmenttaxportionattributabletoparent": -380000,
        "othercomprehensiveincomeforeigncurrencytransactionandtranslationadjustmentnetoftaxportionattributabletoparent": -1764000,
        "othercomprehensiveincomeunrealizedgainlossonderivativesarisingduringperiodbeforetax": 707000,
        "othercomprehensiveincomelossreclassificationadjustmentfromaocionderivativesbeforetax": 324000,
        "othercomprehensiveincomederivativesqualifyingashedgestaxportionattributabletoparent": 314000,
        "othercomprehensiveincomederivativesqualifyingashedgesnetoftaxportionattributabletoparent": 558000,
        "othercomprehensiveincomedefinedbenefitplansadjustmentnetoftaxportionattributabletoparent": -576000,
        "othercomprehensiveincomeunrealizedholdinggainlossonsecuritiesarisingduringperiodbeforetax": -4715000,
        "othercomprehensiveincomelossreclassificationadjustmentfromaociforsaleofsecuritiesbeforetax": 26000,
        "othercomprehensiveincomeavailableforsalesecuritiestaxportionattributabletoparent": -989000,
        "othercomprehensiveincomeavailableforsalesecuritiesadjustmentnetoftaxportionattributabletoparent": -3752000,
        "othercomprehensiveincomelossnetoftaxportionattributabletoparent": -4382000,
        "comprehensiveincomenetoftax": 147825000,
        "salesrevenuegoodsnet": 527780000,
        "salesrevenueservicesnet": 182465000,
        "salesrevenuenet": 116729000,
        "costofrevenue": 280980000,
        "researchanddevelopmentexpense": 118272000,
        "sellinggeneralandadministrativeexpense": 96532000,
        "interestexpense": 30539000,
        "interestandotherincome": 1553000,
        "incomelossfromcontinuingoperationsbeforeincometaxesminorityinterestandincomelossfromequitymethodinvestments": 185475000,
        "incometaxexpensebenefit": 33268000,
        "earningspersharebasic": 0.98,
        "earningspersharediluted": 0.98,
        "commonstockdividendspersharedeclared": 0.52,
        "weightedaveragenumberofsharesoutstandingbasic": 155252000,
        "weightedaveragenumberofdilutedsharesoutstanding": 155996000
    },
    {
        "date": "2015-09-29",
        "symbol": "KLAC",
        "period": "Q1",
        "netincomeloss": 104897000,
        "othercomprehensiveincomeforeigncurrencytransactionandtranslationadjustmentbeforetaxportionattributabletoparent": -6124000,
        "othercomprehensiveincomeforeigncurrencytranslationadjustmenttaxportionattributabletoparent": -1384000,
        "othercomprehensiveincomeforeigncurrencytransactionandtranslationadjustmentnetoftaxportionattributabletoparent": -4740000,
        "othercomprehensiveincomeunrealizedgainlossonderivativesarisingduringperiodbeforetax": -1861000,
        "othercomprehensiveincomelossreclassificationadjustmentfromaocionderivativesbeforetax": 402000,
        "othercomprehensiveincomederivativesqualifyingashedgestaxportionattributabletoparent": -814000,
        "othercomprehensiveincomederivativesqualifyingashedgesnetoftaxportionattributabletoparent": -1449000,
        "othercomprehensiveincomedefinedbenefitplansadjustmentnetoftaxportionattributabletoparent": -230000,
        "othercomprehensiveincomeunrealizedholdinggainlossonsecuritiesarisingduringperiodbeforetax": 481000,
        "othercomprehensiveincomelossreclassificationadjustmentfromaociforsaleofsecuritiesbeforetax": 17000,
        "othercomprehensiveincomeavailableforsalesecuritiestaxportionattributabletoparent": 69000,
        "othercomprehensiveincomeavailableforsalesecuritiesadjustmentnetoftaxportionattributabletoparent": 395000,
        "othercomprehensiveincomelossnetoftaxportionattributabletoparent": -5564000,
        "comprehensiveincomenetoftax": 99333000,
        "salesrevenuegoodsnet": 460739000,
        "salesrevenueservicesnet": 181905000,
        "salesrevenuenet": 642644000,
        "costofrevenue": 270244000,
        "researchanddevelopmentexpense": 119943000,
        "sellinggeneralandadministrativeexpense": 91663000,
        "interestexpense": 30564000,
        "interestandotherincome": 4069000,
        "incomelossfromcontinuingoperationsbeforeincometaxesminorityinterestandincomelossfromequitymethodinvestments": 134299000,
        "incometaxexpensebenefit": 29402000,
        "earningspersharebasic": 0.67,
        "earningspersharediluted": 0.66,
        "commonstockdividendspersharedeclared": 0.52,
        "weightedaveragenumberofsharesoutstandingbasic": 156820000,
        "weightedaveragenumberofdilutedsharesoutstanding": 157984000
    },
    {
        "date": "2015-03-30",
        "symbol": "KLAC",
        "period": "Q3",
        "netincomeloss": 131638000,
        "othercomprehensiveincomeforeigncurrencytransactionandtranslationadjustmentbeforetaxportionattributabletoparent": -4687000,
        "othercomprehensiveincomeforeigncurrencytranslationadjustmenttaxportionattributabletoparent": -2370000,
        "othercomprehensiveincomeforeigncurrencytransactionandtranslationadjustmentnetoftaxportionattributabletoparent": -2317000,
        "othercomprehensiveincomeunrealizedgainlossonderivativesarisingduringperiodbeforetax": -1309000,
        "othercomprehensiveincomelossreclassificationadjustmentfromaocionderivativesbeforetax": 4306000,
        "othercomprehensiveincomederivativesqualifyingashedgestaxportionattributabletoparent": -1885000,
        "othercomprehensiveincomederivativesqualifyingashedgesnetoftaxportionattributabletoparent": -3344000,
        "othercomprehensiveincomedefinedbenefitplansadjustmentnetoftaxportionattributabletoparent": -1212000,
        "othercomprehensiveincomeunrealizedholdinggainlossonsecuritiesarisingduringperiodbeforetax": 3277000,
        "othercomprehensiveincomelossreclassificationadjustmentfromaociforsaleofsecuritiesbeforetax": 60000,
        "othercomprehensiveincomeavailableforsalesecuritiestaxportionattributabletoparent": 822000,
        "othercomprehensiveincomeavailableforsalesecuritiesadjustmentnetoftaxportionattributabletoparent": 2395000,
        "othercomprehensiveincomelossnetoftaxportionattributabletoparent": -2054000,
        "comprehensiveincomenetoftax": 129584000,
        "salesrevenuegoodsnet": 565181000,
        "salesrevenueservicesnet": 173278000,
        "salesrevenuenet": 489007000,
        "costofrevenue": 320282000,
        "researchanddevelopmentexpense": 124583000,
        "sellinggeneralandadministrativeexpense": 98608000,
        "costsandexpenses": 543473000,
        "operatingincomeloss": 194986000,
        "interestandotherincome": 1976000,
        "interestexpense": 30508000,
        "incomelossfromcontinuingoperationsbeforeincometaxesminorityinterestandincomelossfromequitymethodinvestments": 166454000,
        "incometaxexpensebenefit": 34816000,
        "earningspersharebasic": 0.81,
        "earningspersharediluted": 0.8100000000000003,
        "commonstockdividendspersharedeclared": 1,
        "weightedaveragenumberofsharesoutstandingbasic": -165387000,
        "weightedaveragenumberofdilutedsharesoutstanding": -166967000
    },
    {
        "date": "2014-12-30",
        "symbol": "KLAC",
        "period": "Q2",
        "netincomeloss": 20268000,
        "othercomprehensiveincomeforeigncurrencytransactionandtranslationadjustmentbeforetaxportionattributabletoparent": -9333000,
        "othercomprehensiveincomeforeigncurrencytranslationadjustmenttaxportionattributabletoparent": -3101000,
        "othercomprehensiveincomeforeigncurrencytransactionandtranslationadjustmentnetoftaxportionattributabletoparent": -6232000,
        "othercomprehensiveincomeunrealizedgainlossonderivativesarisingduringperiodbeforetax": 11924000,
        "othercomprehensiveincomelossreclassificationadjustmentfromaocionderivativesbeforetax": 1933000,
        "othercomprehensiveincomederivativesqualifyingashedgestaxportionattributabletoparent": 3727000,
        "othercomprehensiveincomederivativesqualifyingashedgesnetoftaxportionattributabletoparent": 6613000,
        "othercomprehensiveincomedefinedbenefitplansadjustmentnetoftaxportionattributabletoparent": -580000,
        "othercomprehensiveincomeunrealizedholdinggainlossonsecuritiesarisingduringperiodbeforetax": -389000,
        "othercomprehensiveincomelossreclassificationadjustmentfromaociforsaleofsecuritiesbeforetax": 281000,
        "othercomprehensiveincomeavailableforsalesecuritiestaxportionattributabletoparent": -158000,
        "othercomprehensiveincomeavailableforsalesecuritiesadjustmentnetoftaxportionattributabletoparent": -512000,
        "othercomprehensiveincomelossnetoftaxportionattributabletoparent": 449000,
        "comprehensiveincomenetoftax": 20717000,
        "salesrevenuegoodsnet": 503884000,
        "salesrevenueservicesnet": 172473000,
        "salesrevenuenet": 36533000,
        "costofrevenue": 283213000,
        "researchanddevelopmentexpense": 133557000,
        "sellinggeneralandadministrativeexpense": 104873000,
        "costsandexpenses": 521643000,
        "operatingincomeloss": 154714000,
        "interestandotherincome": 1988000,
        "interestexpense": 31301000,
        "gainslossesonextinguishmentofdebtandothernet": -131669000,
        "incomelossfromcontinuingoperationsbeforeincometaxesminorityinterestandincomelossfromequitymethodinvestments": -6268000,
        "incometaxexpensebenefit": -26536000,
        "earningspersharebasic": 0.12,
        "earningspersharediluted": 0.12,
        "commonstockdividendspersharedeclared": 16.5,
        "weightedaveragenumberofsharesoutstandingbasic": 164036000,
        "weightedaveragenumberofdilutedsharesoutstanding": 165317000
    },
    {
        "date": "2014-09-29",
        "symbol": "KLAC",
        "period": "Q1",
        "netincomeloss": 72233000,
        "othercomprehensiveincomeforeigncurrencytransactionandtranslationadjustmentbeforetaxportionattributabletoparent": -7736000,
        "othercomprehensiveincomeforeigncurrencytranslationadjustmenttaxportionattributabletoparent": -2872000,
        "othercomprehensiveincomeforeigncurrencytransactionandtranslationadjustmentnetoftaxportionattributabletoparent": -4864000,
        "othercomprehensiveincomeunrealizedgainlossonderivativesarisingduringperiodbeforetax": 2033000,
        "othercomprehensiveincomelossreclassificationadjustmentfromaocionderivativesbeforetax": 269000,
        "othercomprehensiveincomederivativesqualifyingashedgestaxportionattributabletoparent": 650000,
        "othercomprehensiveincomederivativesqualifyingashedgesnetoftaxportionattributabletoparent": 1155000,
        "othercomprehensiveincomedefinedbenefitplansadjustmentnetoftaxportionattributabletoparent": -733000,
        "othercomprehensiveincomeunrealizedholdinggainlossonsecuritiesarisingduringperiodbeforetax": -2735000,
        "othercomprehensiveincomelossreclassificationadjustmentfromaociforsaleofsecuritiesbeforetax": 1635000,
        "othercomprehensiveincomeavailableforsalesecuritiestaxportionattributabletoparent": -1415000,
        "othercomprehensiveincomeavailableforsalesecuritiesadjustmentnetoftaxportionattributabletoparent": -2955000,
        "othercomprehensiveincomelossnetoftaxportionattributabletoparent": -5931000,
        "comprehensiveincomenetoftax": 66302000,
        "salesrevenuegoodsnet": 476598000,
        "salesrevenueservicesnet": 166303000,
        "salesrevenuenet": 84267000,
        "costofrevenue": 288467000,
        "researchanddevelopmentexpense": 143637000,
        "sellinggeneralandadministrativeexpense": 101644000,
        "costsandexpenses": 533748000,
        "operatingincomeloss": 109153000,
        "interestandotherincome": 3375000,
        "interestexpense": 13521000,
        "incomelossfromcontinuingoperationsbeforeincometaxesminorityinterestandincomelossfromequitymethodinvestments": 99007000,
        "incometaxexpensebenefit": 26774000,
        "earningspersharebasic": 0.44,
        "earningspersharediluted": 0.43,
        "commonstockdividendspersharedeclared": 0.5,
        "weightedaveragenumberofsharesoutstandingbasic": 164845000,
        "weightedaveragenumberofdilutedsharesoutstanding": 166580000
    },
    {
        "date": "2014-03-30",
        "symbol": "KLAC",
        "period": "Q3",
        "netincomeloss": 203581000,
        "othercomprehensiveincomeforeigncurrencytransactionandtranslationadjustmentbeforetaxportionattributabletoparent": -13000,
        "othercomprehensiveincomeforeigncurrencytranslationadjustmenttaxportionattributabletoparent": -113000,
        "othercomprehensiveincomeforeigncurrencytransactionandtranslationadjustmentnetoftaxportionattributabletoparent": 100000,
        "othercomprehensiveincomeunrealizedgainlossonderivativesarisingduringperiodbeforetax": -1752000,
        "othercomprehensiveincomelossreclassificationadjustmentfromaocionderivativesbeforetax": 895000,
        "othercomprehensiveincomederivativesqualifyingashedgestaxportionattributabletoparent": -962000,
        "othercomprehensiveincomederivativesqualifyingashedgesnetoftaxportionattributabletoparent": -1724000,
        "othercomprehensiveincomedefinedbenefitplansadjustmentnetoftaxportionattributabletoparent": -142000,
        "othercomprehensiveincomeunrealizedholdinggainlossonsecuritiesarisingduringperiodbeforetax": 844000,
        "othercomprehensiveincomelossreclassificationadjustmentfromaociforsaleofsecuritiesbeforetax": 281000,
        "othercomprehensiveincomeavailableforsalesecuritiestaxportionattributabletoparent": 183000,
        "othercomprehensiveincomeavailableforsalesecuritiesadjustmentnetoftaxportionattributabletoparent": 380000,
        "othercomprehensiveincomelossnetoftaxportionattributabletoparent": -1102000,
        "comprehensiveincomenetoftax": 202479000,
        "salesrevenuegoodsnet": 670083000,
        "salesrevenueservicesnet": 161516000,
        "salesrevenuenet": 242631000,
        "costofrevenue": 342826000,
        "researchanddevelopmentexpense": 134161000,
        "sellinggeneralandadministrativeexpense": 93449000,
        "costsandexpenses": 570436000,
        "operatingincomeloss": 261163000,
        "interestandotherincome": 3479000,
        "interestexpense": 13396000,
        "incomelossfromcontinuingoperationsbeforeincometaxesminorityinterestandincomelossfromequitymethodinvestments": 251246000,
        "incometaxexpensebenefit": 47665000,
        "earningspersharebasic": 1.22,
        "earningspersharediluted": 1.21,
        "commonstockdividendspersharedeclared": 0.45,
        "weightedaveragenumberofsharesoutstandingbasic": 166253000,
        "weightedaveragenumberofdilutedsharesoutstanding": 167989000
    },
    {
        "date": "2013-12-30",
        "symbol": "KLAC",
        "period": "Q2",
        "netincomeloss": 139246000,
        "othercomprehensiveincomeforeigncurrencytransactionandtranslationadjustmentbeforetaxportionattributabletoparent": -1189000,
        "othercomprehensiveincomeforeigncurrencytranslationadjustmenttaxportionattributabletoparent": -541000,
        "othercomprehensiveincomeforeigncurrencytransactionandtranslationadjustmentnetoftaxportionattributabletoparent": -648000,
        "othercomprehensiveincomeunrealizedgainlossonderivativesarisingduringperiodbeforetax": 3864000,
        "othercomprehensiveincomelossreclassificationadjustmentfromaocionderivativesbeforetax": -128000,
        "othercomprehensiveincomederivativesqualifyingashedgestaxportionattributabletoparent": 1377000,
        "othercomprehensiveincomederivativesqualifyingashedgesnetoftaxportionattributabletoparent": 2465000,
        "othercomprehensiveincomedefinedbenefitplansadjustmentnetoftaxportionattributabletoparent": -200000,
        "othercomprehensiveincomeunrealizedholdinggainlossonsecuritiesarisingduringperiodbeforetax": 659000,
        "othercomprehensiveincomelossreclassificationadjustmentfromaociforsaleofsecuritiesbeforetax": 1213000,
        "othercomprehensiveincomeavailableforsalesecuritiestaxportionattributabletoparent": -180000,
        "othercomprehensiveincomeavailableforsalesecuritiesadjustmentnetoftaxportionattributabletoparent": -374000,
        "othercomprehensiveincomelossnetoftaxportionattributabletoparent": 1643000,
        "comprehensiveincomenetoftax": 140889000,
        "salesrevenuegoodsnet": 544183000,
        "salesrevenueservicesnet": 160946000,
        "salesrevenuenet": 130012000,
        "costofrevenue": 285814000,
        "researchanddevelopmentexpense": 134587000,
        "sellinggeneralandadministrativeexpense": 96746000,
        "costsandexpenses": 517147000,
        "operatingincomeloss": 187982000,
        "interestandotherincome": 2074000,
        "interestexpense": 13311000,
        "incomelossfromcontinuingoperationsbeforeincometaxesminorityinterestandincomelossfromequitymethodinvestments": 176745000,
        "incometaxexpensebenefit": 37499000,
        "earningspersharebasic": 0.84,
        "earningspersharediluted": 0.83,
        "commonstockdividendspersharedeclared": 0.45,
        "weightedaveragenumberofsharesoutstandingbasic": 166414000,
        "weightedaveragenumberofdilutedsharesoutstanding": 168206000
    },
    {
        "date": "2013-09-29",
        "symbol": "KLAC",
        "period": "Q1",
        "netincomeloss": 111197000,
        "othercomprehensiveincomeforeigncurrencytransactionandtranslationadjustmentbeforetaxportionattributabletoparent": 5110000,
        "othercomprehensiveincomeforeigncurrencytranslationadjustmenttaxportionattributabletoparent": 1315000,
        "othercomprehensiveincomeforeigncurrencytransactionandtranslationadjustmentnetoftaxportionattributabletoparent": 3795000,
        "othercomprehensiveincomeunrealizedgainlossonderivativesarisingduringperiodbeforetax": -291000,
        "othercomprehensiveincomelossreclassificationadjustmentonderivativesincludedinnetincomebeforetax": -66000,
        "othercomprehensiveincomederivativesqualifyingashedgestaxportionattributabletoparent": -1005000,
        "othercomprehensiveincomederivativesqualifyingashedgesnetoftaxportionattributabletoparent": -1802000,
        "othercomprehensiveincomedefinedbenefitplansadjustmentnetoftaxportionattributabletoparent": -199000,
        "othercomprehensiveincomeunrealizedholdinggainlossonsecuritiesarisingduringperiodbeforetax": 4139000,
        "othercomprehensiveincomelossreclassificationadjustmentforsaleofsecuritiesincludedinnetincomebeforetax": -234000,
        "othercomprehensiveincomeavailableforsalesecuritiestaxportionattributabletoparent": 1342000,
        "othercomprehensiveincomeavailableforsalesecuritiesadjustmentnetoftaxportionattributabletoparent": 2563000,
        "othercomprehensiveincomelossnetoftaxportionattributabletoparent": 4755000,
        "comprehensiveincomenetoftax": 115952000,
        "salesrevenuegoodsnet": 501740000,
        "salesrevenueservicesnet": 156597000,
        "salesrevenuenet": 132982000,
        "costofrevenue": 277657000,
        "researchanddevelopmentexpense": 132273000,
        "sellinggeneralandadministrativeexpense": 98496000,
        "costsandexpenses": 508426000,
        "operatingincomeloss": 149911000,
        "interestandotherincome": 3615000,
        "interestexpense": 13662000,
        "incomelossfromcontinuingoperationsbeforeincometaxesminorityinterestandincomelossfromequitymethodinvestments": 139864000,
        "incometaxexpensebenefit": 28667000,
        "earningspersharebasic": 0.67,
        "earningspersharediluted": 0.66,
        "commonstockdividendspersharedeclared": 0.45,
        "weightedaveragenumberofsharesoutstandingbasic": 165886000,
        "weightedaveragenumberofdilutedsharesoutstanding": 168734000
    },
    {
        "date": "2013-03-30",
        "symbol": "KLAC",
        "period": "Q3",
        "netincomeloss": 166382000,
        "othercomprehensiveincomeforeigncurrencytransactionandtranslationadjustmentbeforetaxportionattributabletoparent": -10753000,
        "othercomprehensiveincomeforeigncurrencytranslationadjustmenttaxportionattributabletoparent": -1223000,
        "othercomprehensiveincomeforeigncurrencytransactionandtranslationadjustmentnetoftaxportionattributabletoparent": -9530000,
        "othercomprehensiveincomeunrealizedgainlossonderivativesarisingduringperiodbeforetax": 842000,
        "othercomprehensiveincomelossreclassificationadjustmentonderivativesincludedinnetincomebeforetax": -848000,
        "othercomprehensiveincomederivativesqualifyingashedgestaxportionattributabletoparent": -2000,
        "othercomprehensiveincomederivativesqualifyingashedgesnetoftaxportionattributabletoparent": -4000,
        "othercomprehensiveincomedefinedbenefitplansadjustmentnetoftaxportionattributabletoparent": -155000,
        "othercomprehensiveincomeunrealizedholdinggainlossonsecuritiesarisingduringperiodbeforetax": 105000,
        "othercomprehensiveincomelossreclassificationadjustmentforsaleofsecuritiesincludedinnetincomebeforetax": -712000,
        "othercomprehensiveincomeavailableforsalesecuritiestaxportionattributabletoparent": -217000,
        "othercomprehensiveincomeavailableforsalesecuritiesadjustmentnetoftaxportionattributabletoparent": -390000,
        "othercomprehensiveincomelossnetoftaxportionattributabletoparent": -9769000,
        "comprehensiveincomenetoftax": 156613000,
        "salesrevenuegoodsnet": 579746000,
        "salesrevenueservicesnet": 149283000,
        "salesrevenuenet": 54659000,
        "costofrevenue": 309508000,
        "researchanddevelopmentexpense": 118788000,
        "sellinggeneralandadministrativeexpense": 98487000,
        "costsandexpenses": 526783000,
        "operatingincomeloss": 202246000,
        "interestandotherincome": 3338000,
        "interestexpense": 13469000,
        "incomelossfromcontinuingoperationsbeforeincometaxesminorityinterestandincomelossfromequitymethodinvestments": 192115000,
        "incometaxexpensebenefit": 5700000,
        "earningspersharebasic": 1,
        "earningspersharediluted": 0.98,
        "commonstockdividendspersharedeclared": 0.4,
        "weightedaveragenumberofsharesoutstandingbasic": 166234000,
        "weightedaveragenumberofdilutedsharesoutstanding": 169180000
    },
    {
        "date": "2012-12-30",
        "symbol": "KLAC",
        "period": "Q2",
        "netincomeloss": 106630000,
        "othercomprehensiveincomeforeigncurrencytransactionandtranslationadjustmentbeforetaxportionattributabletoparent": -1126000,
        "othercomprehensiveincomeforeigncurrencytranslationadjustmenttaxportionattributabletoparent": 1035000,
        "othercomprehensiveincomeforeigncurrencytransactionandtranslationadjustmentnetoftaxportionattributabletoparent": -2161000,
        "othercomprehensiveincomeunrealizedgainlossonderivativesarisingduringperiodbeforetax": 2242000,
        "othercomprehensiveincomelossreclassificationadjustmentonderivativesincludedinnetincomebeforetax": -128000,
        "othercomprehensiveincomederivativesqualifyingashedgestaxportionattributabletoparent": 753000,
        "othercomprehensiveincomederivativesqualifyingashedgesnetoftaxportionattributabletoparent": 1361000,
        "othercomprehensiveincomedefinedbenefitplansadjustmentnetoftaxportionattributabletoparent": -160000,
        "othercomprehensiveincomeunrealizedholdinggainlossonsecuritiesarisingduringperiodbeforetax": -968000,
        "othercomprehensiveincomelossreclassificationadjustmentforsaleofsecuritiesincludedinnetincomebeforetax": -1048000,
        "othercomprehensiveincomeavailableforsalesecuritiestaxportionattributabletoparent": -709000,
        "othercomprehensiveincomeavailableforsalesecuritiesadjustmentnetoftaxportionattributabletoparent": -1307000,
        "othercomprehensiveincomelossnetoftaxportionattributabletoparent": -1947000,
        "comprehensiveincomenetoftax": 104683000,
        "salesrevenuegoodsnet": 523023000,
        "salesrevenueservicesnet": 149988000,
        "salesrevenuenet": 367696000,
        "costofrevenue": 303915000,
        "researchanddevelopmentexpense": 121608000,
        "sellinggeneralandadministrativeexpense": 94241000,
        "costsandexpenses": 519764000,
        "operatingincomeloss": 153247000,
        "interestandotherincome": 5058000,
        "interestexpense": 13431000,
        "incomelossfromcontinuingoperationsbeforeincometaxesminorityinterestandincomelossfromequitymethodinvestments": 144874000,
        "incometaxexpensebenefit": -3500000,
        "earningspersharebasic": 0.64,
        "earningspersharediluted": 0.63,
        "commonstockdividendspersharedeclared": 0.4,
        "weightedaveragenumberofsharesoutstandingbasic": 166268000,
        "weightedaveragenumberofdilutedsharesoutstanding": 169076000
    },
    {
        "date": "2012-09-29",
        "symbol": "KLAC",
        "period": "Q1",
        "netincomeloss": 135367000,
        "othercomprehensiveincomeforeigncurrencytransactionandtranslationadjustmentbeforetaxportionattributabletoparent": 6622000,
        "othercomprehensiveincomeforeigncurrencytranslationadjustmenttaxportionattributabletoparent": 1677000,
        "othercomprehensiveincomeforeigncurrencytransactionandtranslationadjustmentnetoftaxportionattributabletoparent": 4945000,
        "othercomprehensiveincomeunrealizedgainlossonderivativesarisingduringperiodbeforetax": -241000,
        "othercomprehensiveincomelossreclassificationadjustmentonderivativesincludedinnetincomebeforetax": 1092000,
        "othercomprehensiveincomederivativesqualifyingashedgestaxportionattributabletoparent": 303000,
        "othercomprehensiveincomederivativesqualifyingashedgesnetoftaxportionattributabletoparent": 548000,
        "othercomprehensiveincomedefinedbenefitplansadjustmentnetoftaxportionattributabletoparent": -157000,
        "othercomprehensiveincomeunrealizedholdinggainlossonsecuritiesarisingduringperiodbeforetax": 3917000,
        "othercomprehensiveincomelossreclassificationadjustmentforsaleofsecuritiesincludedinnetincomebeforetax": -309000,
        "othercomprehensiveincomeavailableforsalesecuritiestaxportionattributabletoparent": 1226000,
        "othercomprehensiveincomeavailableforsalesecuritiesadjustmentnetoftaxportionattributabletoparent": 2382000,
        "othercomprehensiveincomelossnetoftaxportionattributabletoparent": 8032000,
        "comprehensiveincomenetoftax": 143399000,
        "salesrevenuegoodsnet": 574078000,
        "salesrevenueservicesnet": 146631000,
        "salesrevenuenet": 59160000,
        "costofrevenue": 317225000,
        "researchanddevelopmentexpense": 119742000,
        "sellinggeneralandadministrativeexpense": 97185000,
        "costsandexpenses": 534152000,
        "operatingincomeloss": 186557000,
        "interestandotherincome": 3488000,
        "interestexpense": 13503000,
        "incomelossfromcontinuingoperationsbeforeincometaxesminorityinterestandincomelossfromequitymethodinvestments": 176542000,
        "incometaxexpensebenefit": 41175000,
        "earningspersharebasic": 0.81,
        "earningspersharediluted": 0.8,
        "commonstockdividendspersharedeclared": 0.4,
        "weightedaveragenumberofsharesoutstandingbasic": 166531000,
        "weightedaveragenumberofdilutedsharesoutstanding": 169824000
    },
    {
        "date": "2012-03-30",
        "symbol": "KLAC",
        "period": "Q3",
        "salesrevenuegoodsnet": 701179000,
        "salesrevenueservicesnet": 139342000,
        "salesrevenuenet": 89116000,
        "costofrevenue": 355149000,
        "researchanddevelopmentexpense": 110102000,
        "sellinggeneralandadministrativeexpense": 90996000,
        "costsandexpenses": 556247000,
        "operatingincomeloss": 284274000,
        "interestandotherincome": 3264000,
        "interestexpense": 13505000,
        "incomelossfromcontinuingoperationsbeforeincometaxesminorityinterestandincomelossfromequitymethodinvestments": 274033000,
        "incometaxexpensebenefit": 5700000,
        "netincomeloss": 205346000,
        "earningspersharebasic": 1.23,
        "earningspersharediluted": 1.21,
        "commonstockdividendspersharedeclared": 0.35,
        "weightedaveragenumberofsharesoutstandingbasic": 167070000,
        "weightedaveragenumberofdilutedsharesoutstanding": 170146000
    },
    {
        "date": "2011-12-30",
        "symbol": "KLAC",
        "period": "Q2",
        "salesrevenuegoodsnet": 500659000,
        "salesrevenueservicesnet": 141823000,
        "salesrevenuenet": 131746000,
        "costofrevenue": 272855000,
        "researchanddevelopmentexpense": 116363000,
        "sellinggeneralandadministrativeexpense": 93801000,
        "costsandexpenses": 483019000,
        "operatingincomeloss": 159463000,
        "interestandotherincome": 740000,
        "interestexpense": 13296000,
        "incomelossfromcontinuingoperationsbeforeincometaxesminorityinterestandincomelossfromequitymethodinvestments": 146907000,
        "incometaxexpensebenefit": 5100000,
        "netincomeloss": 110797000,
        "earningspersharebasic": 0.67,
        "earningspersharediluted": 0.66,
        "commonstockdividendspersharedeclared": 0.35,
        "weightedaveragenumberofsharesoutstandingbasic": 166343000,
        "weightedaveragenumberofdilutedsharesoutstanding": 169103000
    },
    {
        "date": "2011-09-29",
        "symbol": "KLAC",
        "period": "Q1",
        "salesrevenuegoodsnet": 650256000,
        "salesrevenueservicesnet": 146220000,
        "salesrevenuenet": 443633000,
        "costofrevenue": 340349000,
        "researchanddevelopmentexpense": 107762000,
        "sellinggeneralandadministrativeexpense": 94076000,
        "costsandexpenses": 542187000,
        "operatingincomeloss": 254289000,
        "interestandotherincome": 6866000,
        "interestexpense": 13893000,
        "incomelossfromcontinuingoperationsbeforeincometaxesminorityinterestandincomelossfromequitymethodinvestments": 247262000,
        "incometaxexpensebenefit": 55267000,
        "netincomeloss": 191995000,
        "earningspersharebasic": 1.15,
        "earningspersharediluted": 1.13,
        "commonstockdividendspersharedeclared": 0.35,
        "weightedaveragenumberofsharesoutstandingbasic": 166684000,
        "weightedaveragenumberofdilutedsharesoutstanding": 169835000
    },
    {
        "date": "2011-03-30",
        "symbol": "KLAC",
        "period": "Q3",
        "salesrevenuegoodsnet": 691270000,
        "salesrevenueservicesnet": 142789000,
        "salesrevenuenet": 123563000,
        "costofrevenue": 327696000,
        "researchanddevelopmentexpense": 95617000,
        "sellinggeneralandadministrativeexpense": 98967000,
        "costsandexpenses": 522280000,
        "operatingincomeloss": 311779000,
        "interestincomeandothernet": 3150000,
        "interestexpense": 13409000,
        "incomelossfromcontinuingoperationsbeforeincometaxesminorityinterestandincomelossfromequitymethodinvestments": 301520000,
        "incometaxexpensebenefit": 91737000,
        "netincomeloss": 209783000,
        "earningspersharebasic": 1.25,
        "earningspersharediluted": 1.22,
        "commonstockdividendspersharecashpaid": 0.25,
        "weightedaveragenumberofsharesoutstandingbasic": 167629000,
        "weightedaveragenumberofdilutedsharesoutstanding": 171313000
    },
    {
        "date": "2010-12-30",
        "symbol": "KLAC",
        "period": "Q2",
        "salesrevenuegoodsnet": 627857000,
        "salesrevenueservicesnet": 138470000,
        "salesrevenuenet": 766327000,
        "costofrevenue": 311398000,
        "researchanddevelopmentexpense": 94897000,
        "sellinggeneralandadministrativeexpense": 91166000,
        "costsandexpenses": 497461000,
        "operatingincomeloss": 268866000,
        "interestincomeandothernet": -4182000,
        "interestexpense": 13493000,
        "incomelossfromcontinuingoperationsbeforeincometaxesminorityinterestandincomelossfromequitymethodinvestments": 251191000,
        "incometaxexpensebenefit": 65699000,
        "netincomeloss": 185492000,
        "earningspersharebasic": 1.11,
        "earningspersharediluted": 1.09,
        "commonstockdividendspersharecashpaid": 0.25,
        "weightedaveragenumberofsharesoutstandingbasic": 166886000,
        "weightedaveragenumberofdilutedsharesoutstanding": 169513000
    }
]