[
    {
        "date": "2024-09-29",
        "symbol": "PFG",
        "period": "Q3",
        "premiumsearnednet": -1300000,
        "investmentadvisoryassetmanagementandinsurancefeesandcommissions": -26100000,
        "netinvestmentincome": 58500000,
        "gainlossoninvestments": 77400000,
        "gainlossonfundswithheldassets": 39400000,
        "changeinfairvalueoffundswithheldembeddedderivative": -776800000,
        "revenues": 3011600000,
        "policyholderbenefitsandclaimsincurrednet": 1778100000,
        "liabilityforfuturepolicybenefitremeasurementgainloss": -122500000,
        "marketriskbenefitchangeinfairvaluegainloss": -54000000,
        "policyholderdividends": 14900000,
        "operatingexpensesincludingdeferredacquisitioncostscapitalizationandamortization": 1335900000,
        "benefitslossesandexpenses": 3305400000,
        "incomelossfromcontinuingoperationsbeforeincometaxes": -293800000,
        "incometaxexpensebenefit": -100400000,
        "profitloss": -193400000,
        "netincomelossattributabletononcontrollinginterest": 26600000,
        "netincomeloss": -220000000,
        "earningspersharebasic": -0.95,
        "earningspersharediluted": -0.95,
        "othercomprehensiveincomeavailableforsalesecuritiesperiodincreasedecreasenetoftax": 2115000000,
        "othercomprehensiveincomederivativesperiodincreasedecreasenetoftax": -38000000,
        "ociliabilityforfuturepolicybenefitgainlossafterreclassificationadjustmentandtax": -1317400000,
        "ocimarketriskbenefitinstrumentspecificcreditriskgainlossafteradjustmentsandtax": -5300000,
        "othercomprehensiveincomelossforeigncurrencytransactionandtranslationadjustmentnetoftax": 71000000,
        "othercomprehensiveincomelosspensionandotherpostretirementbenefitplansadjustmentnetoftax": -3700000,
        "othercomprehensiveincomelossnetoftax": 829000000,
        "comprehensiveincomenetoftaxincludingportionattributabletononcontrollinginterest": 635600000,
        "comprehensiveincomenetoftaxattributabletononcontrollinginterest": 28800000,
        "comprehensiveincomenetoftax": 606800000
    },
    {
        "date": "2024-06-29",
        "symbol": "PFG",
        "period": "Q2",
        "premiumsearnednet": 1926600000,
        "investmentadvisoryassetmanagementandinsurancefeesandcommissions": 1061400000,
        "netinvestmentincome": 1086100000,
        "gainlossoninvestments": -15200000,
        "gainlossonfundswithheldassets": 19000000,
        "changeinfairvalueoffundswithheldembeddedderivative": 232900000,
        "revenues": 4310800000,
        "policyholderbenefitsandclaimsincurrednet": 2077900000,
        "liabilityforfuturepolicybenefitremeasurementgainloss": -444800000,
        "marketriskbenefitchangeinfairvaluegainloss": 400000,
        "policyholderdividends": 23900000,
        "operatingexpensesincludingdeferredacquisitioncostscapitalizationandamortization": 1320700000,
        "benefitslossesandexpenses": 3866900000,
        "incomelossfromcontinuingoperationsbeforeincometaxes": 443900000,
        "incometaxexpensebenefit": 87100000,
        "profitloss": 356800000,
        "netincomelossattributabletononcontrollinginterest": 3700000,
        "netincomeloss": 353100000,
        "earningspersharebasic": 1.51,
        "earningspersharediluted": 1.49,
        "othercomprehensiveincomeavailableforsalesecuritiesperiodincreasedecreasenetoftax": -520800000,
        "othercomprehensiveincomederivativesperiodincreasedecreasenetoftax": 24000000,
        "ociliabilityforfuturepolicybenefitgainlossafterreclassificationadjustmentandtax": 393500000,
        "ocimarketriskbenefitinstrumentspecificcreditriskgainlossafteradjustmentsandtax": 1100000,
        "othercomprehensiveincomelossforeigncurrencytransactionandtranslationadjustmentnetoftax": -55100000,
        "othercomprehensiveincomelosspensionandotherpostretirementbenefitplansadjustmentnetoftax": -1800000,
        "othercomprehensiveincomelossnetoftax": -155500000,
        "comprehensiveincomenetoftaxincludingportionattributabletononcontrollinginterest": 201300000,
        "comprehensiveincomenetoftaxattributabletononcontrollinginterest": 3900000,
        "comprehensiveincomenetoftax": 197400000
    },
    {
        "date": "2024-03-30",
        "symbol": "PFG",
        "period": "Q1",
        "premiumsearnednet": 1684600000,
        "investmentadvisoryassetmanagementandinsurancefeesandcommissions": 1052900000,
        "netinvestmentincome": 1072200000,
        "gainlossoninvestments": -900000,
        "gainlossonfundswithheldassets": 47500000,
        "changeinfairvalueoffundswithheldembeddedderivative": 197000000,
        "revenues": 4053300000,
        "policyholderbenefitsandclaimsincurrednet": 2069700000,
        "liabilityforfuturepolicybenefitremeasurementgainloss": 1700000,
        "marketriskbenefitchangeinfairvaluegainloss": 14500000,
        "policyholderdividends": 29300000,
        "operatingexpensesincludingdeferredacquisitioncostscapitalizationandamortization": 1343400000,
        "benefitslossesandexpenses": 3426200000,
        "incomelossfromcontinuingoperationsbeforeincometaxes": 627100000,
        "incometaxexpensebenefit": 95100000,
        "profitloss": 532000000,
        "netincomelossattributabletononcontrollinginterest": -500000,
        "netincomeloss": 532500000,
        "earningspersharebasic": 2.26,
        "earningspersharediluted": 2.22,
        "othercomprehensiveincomeavailableforsalesecuritiesperiodincreasedecreasenetoftax": -358600000,
        "othercomprehensiveincomederivativesperiodincreasedecreasenetoftax": 17500000,
        "ociliabilityforfuturepolicybenefitgainlossafterreclassificationadjustmentandtax": 554700000,
        "ocimarketriskbenefitinstrumentspecificcreditriskgainlossafteradjustmentsandtax": -8700000,
        "othercomprehensiveincomelossforeigncurrencytransactionandtranslationadjustmentnetoftax": -121000000,
        "othercomprehensiveincomelosspensionandotherpostretirementbenefitplansadjustmentnetoftax": -3500000,
        "othercomprehensiveincomelossnetoftax": 87400000,
        "comprehensiveincomenetoftaxincludingportionattributabletononcontrollinginterest": 619400000,
        "comprehensiveincomenetoftaxattributabletononcontrollinginterest": -2300000,
        "comprehensiveincomenetoftax": 621700000
    },
    {
        "date": "2014-09-29",
        "symbol": "PFG",
        "period": "Q3",
        "premiumsearnednet": 875800000,
        "feesandcommissions": 884500000,
        "netinvestmentincome": 770400000,
        "netgainlossexcludingavailableforsaleimpairments": -24500000,
        "otherthantemporaryimpairmentlossesinvestmentsavailableforsalesecurities": 7300000,
        "otherthantemporaryimpairmentlossesinvestmentsportioninothercomprehensiveincomelossbeforetaxincludingportionattributabletononcontrollinginterestavailableforsalesecurities": 14600000,
        "otherthantemporaryimpairmentlossesinvestmentsportionrecognizedinearningsnetavailableforsalesecurities": 21900000,
        "gainlossoninvestments": -46400000,
        "revenues": 2484300000,
        "policyholderbenefitsandclaimsincurrednet": 1113800000,
        "policyholderdividends": 44200000,
        "operatingexpensesincludingdeferredacquisitioncostscapitalizationandamortization": 932500000,
        "benefitslossesandexpenses": 2090500000,
        "incomelossfromcontinuingoperationsbeforeincometaxes": 393800000,
        "incometaxexpensebenefit": 141000000,
        "profitloss": 252800000,
        "netincomelossattributabletononcontrollinginterest": 3900000,
        "netincomeloss": 248900000,
        "dividendspreferredstock": 8200000,
        "netincomelossavailabletocommonstockholdersbasic": 240700000,
        "earningspersharebasic": 0.78,
        "earningspersharediluted": 0.77,
        "commonstockdividendspersharedeclared": 0.34,
        "othercomprehensiveincomeavailableforsalesecuritiesperiodincreasedecreasenetoftax": -73900000,
        "othercomprehensiveincomereclassificationadjustmentnetoftax": -11000000,
        "othercomprehensiveincomederivativesperiodincreasedecreasenetoftax": 29200000,
        "othercomprehensiveincomeforeigncurrencytransactionandtranslationgainlossarisingduringperiodnetoftax": -195800000,
        "othercomprehensiveincomelosspensionandotherpostretirementbenefitplansadjustmentnetoftax": -3600000,
        "othercomprehensiveincomelossnetoftax": -225900000,
        "comprehensiveincomenetoftaxincludingportionattributabletononcontrollinginterest": 26900000,
        "comprehensiveincomenetoftaxattributabletononcontrollinginterest": -2700000,
        "comprehensiveincomenetoftax": 29600000
    },
    {
        "date": "2014-06-29",
        "symbol": "PFG",
        "period": "Q2",
        "premiumsearnednet": 835400000,
        "feesandcommissions": 855500000,
        "netinvestmentincome": 829000000,
        "netgainlossexcludingavailableforsaleimpairments": 109700000,
        "otherthantemporaryimpairmentlossesinvestmentsavailableforsalesecurities": -14900000,
        "otherthantemporaryimpairmentlossesinvestmentsportioninothercomprehensiveincomelossbeforetaxincludingportionattributabletononcontrollinginterestavailableforsalesecurities": 37800000,
        "otherthantemporaryimpairmentlossesinvestmentsportionrecognizedinearningsnetavailableforsalesecurities": 22900000,
        "gainlossoninvestments": 86800000,
        "revenues": 2606700000,
        "policyholderbenefitsandclaimsincurrednet": 1268400000,
        "policyholderdividends": 44600000,
        "operatingexpensesincludingdeferredacquisitioncostscapitalizationandamortization": 886200000,
        "benefitslossesandexpenses": 2199200000,
        "incomelossfromcontinuingoperationsbeforeincometaxes": 407500000,
        "incometaxexpensebenefit": 88300000,
        "profitloss": 319200000,
        "netincomelossattributabletononcontrollinginterest": 4600000,
        "netincomeloss": 314600000,
        "dividendspreferredstock": 8300000,
        "netincomelossavailabletocommonstockholdersbasic": 306300000,
        "earningspersharebasic": 1.04,
        "earningspersharediluted": 1.03,
        "commonstockdividendspersharedeclared": 0.32,
        "othercomprehensiveincomeavailableforsalesecuritiesperiodincreasedecreasenetoftax": 178300000,
        "othercomprehensiveincomereclassificationadjustmentnetoftax": -20400000,
        "othercomprehensiveincomederivativesperiodincreasedecreasenetoftax": 4100000,
        "othercomprehensiveincomeforeigncurrencytransactionandtranslationgainlossarisingduringperiodnetoftax": 33000000,
        "othercomprehensiveincomelosspensionandotherpostretirementbenefitplansadjustmentnetoftax": -3600000,
        "othercomprehensiveincomelossnetoftax": 239400000,
        "comprehensiveincomenetoftaxincludingportionattributabletononcontrollinginterest": 558600000,
        "comprehensiveincomenetoftaxattributabletononcontrollinginterest": 6400000,
        "comprehensiveincomenetoftax": 552200000
    },
    {
        "date": "2014-03-30",
        "symbol": "PFG",
        "period": "Q1",
        "premiumsearnednet": 803600000,
        "feesandcommissions": -100000,
        "netinvestmentincome": 100000,
        "netgainlossexcludingavailableforsaleimpairments": 18100000,
        "otherthantemporaryimpairmentlossesinvestmentsavailableforsalesecurities": -10900000,
        "otherthantemporaryimpairmentlossesinvestmentsportioninothercomprehensiveincomelossbeforetaxincludingportionattributabletononcontrollinginterestavailableforsalesecurities": 30100000,
        "otherthantemporaryimpairmentlossesinvestmentsportionrecognizedinearningsnetavailableforsalesecurities": 19200000,
        "gainlossoninvestments": -1100000,
        "revenues": 2476500000,
        "policyholderbenefitsandclaimsincurrednet": 1227500000,
        "policyholderdividends": 45700000,
        "operatingexpensesincludingdeferredacquisitioncostscapitalizationandamortization": 792600000,
        "benefitslossesandexpenses": 2065800000,
        "incomelossfromcontinuingoperationsbeforeincometaxes": 410700000,
        "incometaxexpensebenefit": 67600000,
        "profitloss": -644100000,
        "netincomelossattributabletononcontrollinginterest": 22200000,
        "netincomeloss": -644100000,
        "dividendspreferredstock": 8200000,
        "netincomelossavailabletocommonstockholdersbasic": -644100000,
        "earningspersharebasic": 0.96,
        "earningspersharediluted": 0.95,
        "othercomprehensiveincomeavailableforsalesecuritiesperiodincreasedecreasenetoftax": 192200000,
        "othercomprehensiveincomereclassificationadjustmentnetoftax": -17500000,
        "othercomprehensiveincomederivativesperiodincreasedecreasenetoftax": 9000000,
        "othercomprehensiveincomeforeigncurrencytransactionandtranslationgainlossarisingduringperiodnetoftax": -45600000,
        "othercomprehensiveincomelosspensionandotherpostretirementbenefitplansadjustmentnetoftax": -3500000,
        "othercomprehensiveincomelossnetoftax": -268400000,
        "comprehensiveincomenetoftaxincludingportionattributabletononcontrollinginterest": -912500000,
        "comprehensiveincomenetoftaxattributabletononcontrollinginterest": 20200000,
        "comprehensiveincomenetoftax": 480500000
    },
    {
        "date": "2013-09-29",
        "symbol": "PFG",
        "period": "Q3",
        "premiumsearnednet": 703000000,
        "feesandcommissions": 803000000,
        "netinvestmentincome": 784500000,
        "netgainlossexcludingavailableforsaleimpairments": -29700000,
        "otherthantemporaryimpairmentlossesinvestmentsavailableforsalesecurities": 11900000,
        "otherthantemporaryimpairmentlossesinvestmentsportioninothercomprehensiveincomelossbeforetaxincludingportionattributabletononcontrollinginterestavailableforsalesecurities": 9300000,
        "otherthantemporaryimpairmentlossesinvestmentsportionrecognizedinearningsnetavailableforsalesecurities": 21200000,
        "gainlossoninvestments": -50900000,
        "revenues": 2239600000,
        "policyholderbenefitsandclaimsincurrednet": 1096200000,
        "policyholderdividends": 48500000,
        "operatingexpensesincludingdeferredacquisitioncostscapitalizationandamortization": 774600000,
        "benefitslossesandexpenses": 1919300000,
        "incomelossfromcontinuingoperationsbeforeincometaxes": 320300000,
        "incometaxexpensebenefit": 61200000,
        "profitloss": 259100000,
        "netincomelossattributabletononcontrollinginterest": 5200000,
        "netincomeloss": 253900000,
        "dividendspreferredstock": 8200000,
        "netincomelossavailabletocommonstockholdersbasic": 245700000,
        "earningspersharebasic": 0.83,
        "earningspersharediluted": 0.82,
        "othercomprehensiveincomeavailableforsalesecuritiesperiodincreasedecreasenetoftax": 29300000,
        "othercomprehensiveincomereclassificationadjustmentnetoftax": 2500000,
        "othercomprehensiveincomederivativesperiodincreasedecreasenetoftax": -25100000,
        "othercomprehensiveincomeforeigncurrencytransactionandtranslationgainlossarisingduringperiodnetoftax": -33500000,
        "othercomprehensiveincomelosspensionandotherpostretirementbenefitplansadjustmentnetoftax": -13800000,
        "othercomprehensiveincomelossnetoftax": -18000000,
        "comprehensiveincomenetoftaxincludingportionattributabletononcontrollinginterest": 241100000,
        "comprehensiveincomenetoftaxattributabletononcontrollinginterest": 4400000,
        "comprehensiveincomenetoftax": 236700000
    },
    {
        "date": "2013-06-29",
        "symbol": "PFG",
        "period": "Q2",
        "premiumsearnednet": 737200000,
        "feesandcommissions": 803800000,
        "netinvestmentincome": 749700000,
        "netgainlossexcludingavailableforsaleimpairments": -53400000,
        "otherthantemporaryimpairmentlossesinvestmentsavailableforsalesecurities": 24600000,
        "otherthantemporaryimpairmentlossesinvestmentsportioninothercomprehensiveincomelossbeforetaxincludingportionattributabletononcontrollinginterestavailableforsalesecurities": 2100000,
        "otherthantemporaryimpairmentlossesinvestmentsportionrecognizedinearningsnetavailableforsalesecurities": 26700000,
        "gainlossoninvestments": -80100000,
        "revenues": 2210600000,
        "policyholderbenefitsandclaimsincurrednet": 1095700000,
        "policyholderdividends": 47500000,
        "operatingexpensesincludingdeferredacquisitioncostscapitalizationandamortization": 801800000,
        "benefitslossesandexpenses": 1945000000,
        "incomelossfromcontinuingoperationsbeforeincometaxes": 265600000,
        "incometaxexpensebenefit": 29000000,
        "profitloss": 236600000,
        "netincomelossattributabletononcontrollinginterest": 6000000,
        "netincomeloss": 230600000,
        "dividendspreferredstock": 8300000,
        "netincomelossavailabletocommonstockholdersbasic": 222300000,
        "earningspersharebasic": 0.76,
        "earningspersharediluted": 0.75,
        "othercomprehensiveincomeavailableforsalesecuritiesperiodincreasedecreasenetoftax": -453700000,
        "othercomprehensiveincomereclassificationadjustmentnetoftax": -700000,
        "othercomprehensiveincomederivativesperiodincreasedecreasenetoftax": -300000,
        "othercomprehensiveincomeforeigncurrencytransactionandtranslationgainlossarisingduringperiodnetoftax": -190400000,
        "othercomprehensiveincomelosspensionandotherpostretirementbenefitplansadjustmentnetoftax": -13800000,
        "othercomprehensiveincomelossnetoftax": -629900000,
        "comprehensiveincomenetoftaxincludingportionattributabletononcontrollinginterest": -393300000,
        "comprehensiveincomenetoftaxattributabletononcontrollinginterest": -2400000,
        "comprehensiveincomenetoftax": -390900000
    },
    {
        "date": "2013-03-30",
        "symbol": "PFG",
        "period": "Q1",
        "premiumsearnednet": 694700000,
        "feesandcommissions": -100000,
        "netinvestmentincome": 700000,
        "netgainlossexcludingavailableforsaleimpairments": 2100000,
        "otherthantemporaryimpairmentlossesinvestmentsavailableforsalesecurities": 44700000,
        "otherthantemporaryimpairmentlossesinvestmentsportioninothercomprehensiveincomelossbeforetaxincludingportionattributabletononcontrollinginterestavailableforsalesecurities": -20200000,
        "otherthantemporaryimpairmentlossesinvestmentsportionrecognizedinearningsnetavailableforsalesecurities": 24500000,
        "gainlossoninvestments": 2100000,
        "revenues": 2800000,
        "policyholderbenefitsandclaimsincurrednet": 1094500000,
        "policyholderdividends": 48300000,
        "operatingexpensesincludingdeferredacquisitioncostscapitalizationandamortization": 752500000,
        "benefitslossesandexpenses": 1895300000,
        "incomelossfromcontinuingoperationsbeforeincometaxes": 262300000,
        "incometaxexpensebenefit": 50700000,
        "profitloss": 9300000,
        "netincomelossattributabletononcontrollinginterest": 3500000,
        "netincomeloss": -411800000,
        "dividendspreferredstock": 8200000,
        "netincomelossavailabletocommonstockholdersbasic": -411800000,
        "earningspersharebasic": 0.61,
        "earningspersharediluted": 0.61,
        "othercomprehensiveincomeavailableforsalesecuritiesperiodincreasedecreasenetoftax": -99300000,
        "othercomprehensiveincomereclassificationadjustmentnetoftax": 11300000,
        "othercomprehensiveincomederivativesperiodincreasedecreasenetoftax": 22000000,
        "othercomprehensiveincomeforeigncurrencytransactionandtranslationgainlossarisingduringperiodnetoftax": 54400000,
        "othercomprehensiveincomelosspensionandotherpostretirementbenefitplansadjustmentnetoftax": -13800000,
        "othercomprehensiveincomelossnetoftax": -20400000,
        "comprehensiveincomenetoftaxincludingportionattributabletononcontrollinginterest": -308000000,
        "comprehensiveincomenetoftaxattributabletononcontrollinginterest": 2400000,
        "comprehensiveincomenetoftax": 167200000
    },
    {
        "date": "2012-09-29",
        "symbol": "PFG",
        "period": "Q3",
        "premiumsearnednet": 1158200000,
        "feesandcommissions": 600000,
        "netinvestmentincome": 783800000,
        "netgainlossexcludingavailableforsaleimpairments": 122100000,
        "otherthantemporaryimpairmentlossesinvestmentsavailableforsalesecurities": 43600000,
        "otherthantemporaryimpairmentlossesinvestmentsportioninothercomprehensiveincomelossbeforetaxincludingportionattributabletononcontrollinginterestavailableforsalesecurities": -9200000,
        "otherthantemporaryimpairmentlossesinvestmentsportionrecognizedinearningsnetavailableforsalesecurities": 34400000,
        "gainlossoninvestments": 87700000,
        "revenues": 2704700000,
        "policyholderbenefitsandclaimsincurrednet": 5500000,
        "policyholderdividends": 49700000,
        "operatingexpensesincludingdeferredacquisitioncostscapitalizationandamortization": -1000000,
        "benefitslossesandexpenses": 2523300000,
        "incomelossfromcontinuingoperationsbeforeincometaxes": -16800000,
        "incometaxexpensebenefit": -6300000,
        "profitloss": -10500000,
        "netincomelossattributabletononcontrollinginterest": 3400000,
        "netincomeloss": 187900000,
        "dividendspreferredstock": 8200000,
        "netincomelossavailabletocommonstockholdersbasic": -10500000,
        "earningspersharebasic": -0.04,
        "earningspersharediluted": -0.04,
        "othercomprehensiveincomeavailableforsalesecuritiesperiodincreasedecreasenetoftax": 296000000,
        "othercomprehensiveincomereclassificationadjustmentnetoftax": 4000000,
        "othercomprehensiveincomederivativesperiodincreasedecreasenetoftax": -18200000,
        "othercomprehensiveincomeforeigncurrencytransactionandtranslationgainlossarisingduringperiodnetoftax": 48600000,
        "othercomprehensiveincomelosspensionandotherpostretirementbenefitplansadjustmentnetoftax": -8700000,
        "othercomprehensiveincomelossnetoftax": 331100000,
        "comprehensiveincomenetoftaxincludingportionattributabletononcontrollinginterest": 522400000,
        "comprehensiveincomenetoftaxattributabletononcontrollinginterest": 4200000,
        "comprehensiveincomenetoftax": 518200000
    },
    {
        "date": "2012-06-29",
        "symbol": "PFG",
        "period": "Q2",
        "premiumsearnednet": 681300000,
        "feesandcommissions": 636100000,
        "netinvestmentincome": 801000000,
        "netgainlossexcludingavailableforsaleimpairments": 32200000,
        "otherthantemporaryimpairmentlossesinvestmentsavailableforsalesecurities": 49100000,
        "otherthantemporaryimpairmentlossesinvestmentsportioninothercomprehensiveincomelossbeforetaxincludingportionattributabletononcontrollinginterestavailableforsalesecurities": -17100000,
        "otherthantemporaryimpairmentlossesinvestmentsportionrecognizedinearningsnetavailableforsalesecurities": 32000000,
        "gainlossoninvestments": 200000,
        "revenues": 2118600000,
        "policyholderbenefitsandclaimsincurrednet": 1110000000,
        "policyholderdividends": 49500000,
        "operatingexpensesincludingdeferredacquisitioncostscapitalizationandamortization": 724100000,
        "benefitslossesandexpenses": 1883600000,
        "incomelossfromcontinuingoperationsbeforeincometaxes": -700000,
        "incometaxexpensebenefit": 50900000,
        "profitloss": -500000,
        "netincomelossattributabletononcontrollinginterest": 2700000,
        "netincomeloss": 181400000,
        "dividendspreferredstock": 8300000,
        "netincomelossavailabletocommonstockholdersbasic": -500000,
        "earningspersharebasic": 0.58,
        "earningspersharediluted": 0.58,
        "othercomprehensiveincomeavailableforsalesecuritiesperiodincreasedecreasenetoftax": 100700000,
        "othercomprehensiveincomereclassificationadjustmentnetoftax": 9900000,
        "othercomprehensiveincomederivativesperiodincreasedecreasenetoftax": 48900000,
        "othercomprehensiveincomeforeigncurrencytransactionandtranslationgainlossarisingduringperiodnetoftax": -86700000,
        "othercomprehensiveincomelosspensionandotherpostretirementbenefitplansadjustmentnetoftax": -8800000,
        "othercomprehensiveincomelossnetoftax": 61800000,
        "comprehensiveincomenetoftaxincludingportionattributabletononcontrollinginterest": 245900000,
        "comprehensiveincomenetoftaxattributabletononcontrollinginterest": 2100000,
        "comprehensiveincomenetoftax": 243800000
    },
    {
        "date": "2012-03-30",
        "symbol": "PFG",
        "period": "Q1",
        "premiumsearnednet": 679800000,
        "feesandcommissions": -8500000,
        "netinvestmentincome": 300000,
        "netgainlossexcludingavailableforsaleimpairments": 22100000,
        "otherthantemporaryimpairmentlossesinvestmentsavailableforsalesecurities": 33700000,
        "otherthantemporaryimpairmentlossesinvestmentsportioninothercomprehensiveincomelossbeforetaxincludingportionattributabletononcontrollinginterestavailableforsalesecurities": -4900000,
        "otherthantemporaryimpairmentlossesinvestmentsportionrecognizedinearningsnetavailableforsalesecurities": 28800000,
        "gainlossoninvestments": -6700000,
        "revenues": 2094800000,
        "policyholderbenefitsandclaimsincurrednet": 1199800000,
        "policyholderdividends": 50300000,
        "operatingexpensesincludingdeferredacquisitioncostscapitalizationandamortization": 576900000,
        "benefitslossesandexpenses": 1788500000,
        "incomelossfromcontinuingoperationsbeforeincometaxes": 277400000,
        "incometaxexpensebenefit": 58300000,
        "profitloss": 219100000,
        "netincomelossattributabletononcontrollinginterest": 9200000,
        "netincomeloss": -453400000,
        "dividendspreferredstock": 8200000,
        "netincomelossavailabletocommonstockholdersbasic": 201700000,
        "earningspersharebasic": 0.67,
        "earningspersharediluted": 0.66,
        "othercomprehensiveincomeavailableforsalesecuritiesperiodincreasedecreasenetoftax": 161300000,
        "othercomprehensiveincomereclassificationadjustmentnetoftax": 900000,
        "othercomprehensiveincomederivativesperiodincreasedecreasenetoftax": -3500000,
        "othercomprehensiveincomeforeigncurrencytransactionandtranslationgainlossarisingduringperiodnetoftax": 65300000,
        "othercomprehensiveincomedefinedbenefitplansadjustmentnetoftaxperiodincreasedecrease": 8700000,
        "othercomprehensiveincomelossnetoftaxperiodincreasedecrease": -415900000,
        "comprehensiveincomenetoftaxincludingportionattributabletononcontrollinginterest": -869300000,
        "comprehensiveincomenetoftaxattributabletononcontrollinginterest": 10000000,
        "comprehensiveincomenetoftax": 439800000
    },
    {
        "date": "2011-09-29",
        "symbol": "PFG",
        "period": "Q3",
        "premiumsearnednet": 672700000,
        "feesandcommissions": 631500000,
        "netinvestmentincome": 815300000,
        "netgainlossexcludingavailableforsaleimpairments": 16900000,
        "otherthantemporaryimpairmentlossesinvestmentsavailableforsalesecurities": 12700000,
        "otherthantemporaryimpairmentlossesinvestmentsportioninothercomprehensiveincomelossbeforetaxincludingportionattributabletononcontrollinginterestavailableforsalesecurities": 34900000,
        "otherthantemporaryimpairmentlossesinvestmentsportionrecognizedinearningsnetavailableforsalesecurities": 47600000,
        "gainlossoninvestments": -30700000,
        "revenues": 2088800000,
        "policyholderbenefitsandclaimsincurrednet": 1131800000,
        "policyholderdividends": 52200000,
        "operatingexpensesincludingdeferredacquisitioncostscapitalizationandamortization": 766600000,
        "benefitslossesandexpenses": 1950600000,
        "incomelossfromcontinuingoperationsbeforeincometaxes": 138200000,
        "incometaxexpensebenefit": 71900000,
        "profitloss": 66300000,
        "netincomelossattributabletononcontrollinginterest": -5600000,
        "netincomeloss": 71900000,
        "dividendspreferredstock": 8200000,
        "netincomelossavailabletocommonstockholdersbasic": 63700000,
        "earningspersharebasic": 0.2,
        "earningspersharediluted": 0.2
    },
    {
        "date": "2011-06-29",
        "symbol": "PFG",
        "period": "Q2",
        "premiumsearnednet": 751900000,
        "feesandcommissions": 678600000,
        "netinvestmentincome": 873800000,
        "netgainlossexcludingavailableforsaleimpairments": 88300000,
        "otherthantemporaryimpairmentlossesinvestmentsavailableforsalesecurities": 40900000,
        "otherthantemporaryimpairmentlossesinvestmentsportioninothercomprehensiveincomelossbeforetaxincludingportionattributabletononcontrollinginterestavailableforsalesecurities": 9700000,
        "otherthantemporaryimpairmentlossesinvestmentsportionrecognizedinearningsnetavailableforsalesecurities": 50600000,
        "gainlossoninvestments": 37700000,
        "revenues": 2342000000,
        "policyholderbenefitsandclaimsincurrednet": 1013700000,
        "policyholderdividends": 52900000,
        "operatingexpensesincludingdeferredacquisitioncostscapitalizationandamortization": 903100000,
        "benefitslossesandexpenses": 1969700000,
        "incomelossfromcontinuingoperationsbeforeincometaxes": 372300000,
        "incometaxexpensebenefit": 82400000,
        "profitloss": 289900000,
        "netincomelossattributabletononcontrollinginterest": 23600000,
        "netincomeloss": 266300000,
        "dividendspreferredstock": 8300000,
        "netincomelossavailabletocommonstockholdersbasic": 258000000,
        "earningspersharebasic": 0.81,
        "earningspersharediluted": 0.8
    },
    {
        "date": "2011-03-30",
        "symbol": "PFG",
        "period": "Q1",
        "premiumsearnednet": 797100000,
        "feesandcommissions": 620800000,
        "netinvestmentincome": 859900000,
        "netgainlossexcludingavailableforsaleimpairments": -100000,
        "otherthantemporaryimpairmentlossesinvestmentsavailableforsalesecurities": 14000000,
        "otherthantemporaryimpairmentlossesinvestmentsportioninothercomprehensiveincomelossbeforetaxincludingportionattributabletononcontrollinginterest": -38400000,
        "netimpairmentlossesonavailableforsalesecurities": 52400000,
        "gainlossoninvestments": -100000,
        "revenues": 2219800000,
        "policyholderbenefitsandclaimsincurrednet": 1191500000,
        "policyholderdividends": 53600000,
        "operatingexpensesincludingdeferredacquisitioncostscapitalizationandamortization": 691200000,
        "benefitslossesandexpenses": 1936300000,
        "incomelossfromcontinuingoperationsbeforeincometaxes": 283500000,
        "incometaxexpensebenefit": 60400000,
        "profitloss": 223100000,
        "netincomelossattributabletononcontrollinginterest": 18600000,
        "netincomeloss": 204500000,
        "preferredstockdividends": 8200000,
        "netincomelossavailabletocommonstockholdersbasic": 196300000,
        "earningspersharebasic": 0.61,
        "earningspersharediluted": 0.6
    },
    {
        "date": "2010-09-29",
        "symbol": "PFG",
        "period": "Q3",
        "premiumsearnednet": 865400000,
        "feesandcommissions": 563500000,
        "netinvestmentincome": 880300000,
        "netgainlossexcludingavailableforsaleimpairments": 28900000,
        "otherthantemporaryimpairmentlossesinvestmentsavailableforsalesecurities": -300000,
        "otherthantemporaryimpairmentlossesinvestmentsportioninothercomprehensiveincomelossbeforetaxincludingportionattributabletononcontrollinginterest": 6300000,
        "netimpairmentlossesonavailableforsalesecurities": 49600000,
        "gainlossoninvestments": -20700000,
        "revenues": 2288500000,
        "policyholderbenefitsandclaimsincurrednet": 1320300000,
        "policyholderdividends": 53200000,
        "operatingexpensesincludingdeferredacquisitioncostscapitalizationandamortization": 751500000,
        "benefitslossesandexpenses": 2125000000,
        "incomelossfromcontinuingoperationsbeforeincometaxes": 163500000,
        "incometaxexpensebenefit": 12200000,
        "profitloss": 151300000,
        "netincomelossattributabletononcontrollinginterest": 900000,
        "netincomeloss": 150400000,
        "preferredstockdividends": 8200000,
        "netincomelossavailabletocommonstockholdersbasic": 142200000,
        "earningspersharebasic": 0.44,
        "earningspersharediluted": 0.44
    },
    {
        "date": "2010-06-29",
        "symbol": "PFG",
        "period": "Q2",
        "premiumsearnednet": 868200000,
        "feesandcommissions": 554800000,
        "netinvestmentincome": 877000000,
        "netgainlossexcludingavailableforsaleimpairments": -11900000,
        "otherthantemporaryimpairmentlossesinvestmentsavailableforsalesecurities": 107100000,
        "otherthantemporaryimpairmentlossesinvestmentsportioninothercomprehensiveincomelossbeforetaxincludingportionattributabletononcontrollinginterest": 52600000,
        "netimpairmentlossesonavailableforsalesecurities": 54500000,
        "gainlossoninvestments": -66400000,
        "revenues": 2233600000,
        "policyholderbenefitsandclaimsincurrednet": 1337000000,
        "policyholderdividends": 55000000,
        "operatingexpensesincludingdeferredacquisitioncostscapitalizationandamortization": 683800000,
        "benefitslossesandexpenses": 2075800000,
        "incomelossfromcontinuingoperationsbeforeincometaxes": 157800000,
        "incometaxexpensebenefit": 13600000,
        "profitloss": 144200000,
        "netincomelossattributabletononcontrollinginterest": 1900000,
        "netincomeloss": 142300000,
        "preferredstockdividends": 8300000,
        "netincomelossavailabletocommonstockholdersbasic": 134000000,
        "earningspersharebasic": 0.42,
        "earningspersharediluted": 0.42
    },
    {
        "date": "2010-03-30",
        "symbol": "PFG",
        "period": "Q1",
        "premiumsearnednet": 878900000,
        "feesandcommissions": 567600000,
        "netinvestmentincome": 863000000,
        "netgainlossexcludingavailableforsaleimpairments": 33700000,
        "otherthantemporaryimpairmentlossesinvestmentsavailableforsalesecurities": 84600000,
        "otherthantemporaryimpairmentlossesinvestmentsportioninothercomprehensiveincomelossbeforetaxincludingportionattributabletononcontrollinginterest": 5400000,
        "netimpairmentlossesonavailableforsalesecurities": 79200000,
        "gainlossoninvestments": -45500000,
        "revenues": 2264000000,
        "policyholderbenefitsandclaimsincurrednet": 1275300000,
        "policyholderdividends": 56500000,
        "operatingexpensesincludingdeferredacquisitioncostscapitalizationandamortization": 675900000,
        "benefitslossesandexpenses": 2007700000,
        "incomelossfromcontinuingoperationsbeforeincometaxes": 256300000,
        "incometaxexpensebenefit": 52700000,
        "profitloss": 203600000,
        "netincomelossattributabletononcontrollinginterest": 4600000,
        "netincomeloss": 199000000,
        "preferredstockdividends": 8200000,
        "netincomelossavailabletocommonstockholdersbasic": 190800000,
        "earningspersharebasic": 0.6,
        "earningspersharediluted": 0.59
    },
    {
        "date": "2009-09-29",
        "symbol": "PFG",
        "period": "Q3",
        "premiumsearnednet": 932900000,
        "feesandcommissions": 550700000,
        "netinvestmentincome": 853300000,
        "netgainlossexcludingavailableforsaleimpairments": 50600000,
        "otherthantemporaryimpairmentlossesinvestmentsavailableforsalesecurities": 162500000,
        "otherthantemporaryimpairmentlossesinvestmentsportioninothercomprehensiveincomelossbeforetaxincludingportionattributabletononcontrollinginterest": -45300000,
        "netimpairmentlossesonavailableforsalesecurities": 117200000,
        "gainlossoninvestments": -66600000,
        "revenues": 2270300000,
        "policyholderbenefitsandclaimsincurrednet": 1317100000,
        "policyholderdividends": 61900000,
        "operatingexpensesincludingdeferredacquisitioncostscapitalizationandamortization": 643000000,
        "benefitslossesandexpenses": 2022000000,
        "incomelossfromcontinuingoperationsbeforeincometaxes": 248300000,
        "incometaxexpensebenefit": 44100000,
        "profitloss": 204200000,
        "netincomelossattributabletononcontrollinginterest": 11300000,
        "netincomeloss": 192900000,
        "preferredstockdividends": 8200000,
        "netincomelossavailabletocommonstockholdersbasic": 184700000,
        "earningspersharebasic": 0.58,
        "earningspersharediluted": 0.57
    },
    {
        "date": "2009-06-29",
        "symbol": "PFG",
        "period": "Q2",
        "premiumsearnednet": 937700000,
        "feesandcommissions": 515200000,
        "netinvestmentincome": 860100000,
        "netgainlossexcludingavailableforsaleimpairments": -20800000,
        "marketablesecuritiesrealizedgainlossotherthantemporaryimpairmentsamount": 200900000,
        "othercomprehensiveincomereclassificationbeforetax": 66500000,
        "netimpairmentlossesonavailableforsalesecurities": 134400000,
        "gainlossoninvestments": -155200000,
        "revenues": 2157800000,
        "policyholderbenefitsandclaimsincurrednet": 1334300000,
        "policyholderdividends": 62900000,
        "operatingexpensesincludingdeferredacquisitioncostscapitalizationandamortization": 562700000,
        "benefitslossesandexpenses": 1959900000,
        "incomelossfromcontinuingoperationsbeforeincometaxes": 197900000,
        "incometaxexpensebenefit": 33900000,
        "profitloss": 164000000,
        "netincomelossattributabletononcontrollinginterest": 5400000,
        "netincomeloss": 158600000,
        "preferredstockdividends": 8300000,
        "netincomelossavailabletocommonstockholdersbasic": 150300000,
        "earningspersharebasic": 0.52,
        "earningspersharediluted": 0.52
    }
]