[
    {
        "date": "2024-09-29",
        "symbol": "CTSH",
        "period": "Q3",
        "revenues": 5044000000,
        "costofgoodsandserviceexcludingdepreciationdepletionandamortization": 3311000000,
        "sellinggeneralandadministrativeexpense": 833000000,
        "restructuringcharges": 33000000,
        "depreciationandamortization": 129000000,
        "operatingincomeloss": 738000000,
        "investmentincomeinterestanddividend": 31000000,
        "interestexpense": 14000000,
        "foreigncurrencytransactiongainlossbeforetax": -8000000,
        "othernonoperatingincomeexpense": 1000000,
        "nonoperatingincomeexpense": 10000000,
        "incomelossfromcontinuingoperationsbeforeincometaxesminorityinterestandincomelossfromequitymethodinvestments": 748000000,
        "incometaxexpensebenefit": 170000000,
        "incomelossfromequitymethodinvestments": 4000000,
        "netincomeloss": 582000000,
        "earningspersharebasic": 1.17,
        "earningspersharediluted": 1.17,
        "weightedaveragenumberofsharesoutstandingbasic": 496000000,
        "weightedaveragenumberofdilutedsharesoutstanding": 496000000,
        "othercomprehensiveincomeforeigncurrencytransactionandtranslationadjustmentnetoftaxportionattributabletoparent": 206000000,
        "othercomprehensiveincomelosscashflowhedgegainlossafterreclassificationandtaxparent": -14000000,
        "othercomprehensiveincomelossnetoftaxportionattributabletoparent": 192000000,
        "comprehensiveincomenetoftax": 774000000
    },
    {
        "date": "2024-06-29",
        "symbol": "CTSH",
        "period": "Q2",
        "revenues": 4850000000,
        "costofgoodsandserviceexcludingdepreciationdepletionandamortization": 3204000000,
        "sellinggeneralandadministrativeexpense": 781000000,
        "restructuringcharges": 29000000,
        "depreciationandamortization": 128000000,
        "operatingincomeloss": 708000000,
        "investmentincomeinterestanddividend": 30000000,
        "interestexpense": 10000000,
        "foreigncurrencytransactiongainlossbeforetax": 1000000,
        "othernonoperatingincomeexpense": -1000000,
        "nonoperatingincomeexpense": 20000000,
        "incomelossfromcontinuingoperationsbeforeincometaxesminorityinterestandincomelossfromequitymethodinvestments": 728000000,
        "incometaxexpensebenefit": 165000000,
        "incomelossfromequitymethodinvestments": 3000000,
        "netincomeloss": 566000000,
        "earningspersharebasic": 1.14,
        "earningspersharediluted": 1.14,
        "weightedaveragenumberofsharesoutstandingbasic": 497000000,
        "weightedaveragenumberdilutedsharesoutstandingadjustment": 1000000,
        "weightedaveragenumberofdilutedsharesoutstanding": 498000000,
        "othercomprehensiveincomeforeigncurrencytransactionandtranslationadjustmentnetoftaxportionattributabletoparent": -1000000,
        "othercomprehensiveincomelosscashflowhedgegainlossafterreclassificationandtaxparent": 7000000,
        "othercomprehensiveincomelossnetoftaxportionattributabletoparent": 6000000,
        "comprehensiveincomenetoftax": 572000000
    },
    {
        "date": "2024-03-30",
        "symbol": "CTSH",
        "period": "Q1",
        "revenues": 4760000000,
        "costofgoodsandserviceexcludingdepreciationdepletionandamortization": 3146000000,
        "sellinggeneralandadministrativeexpense": 765000000,
        "restructuringcharges": 23000000,
        "depreciationandamortization": 131000000,
        "operatingincomeloss": 695000000,
        "investmentincomeinterestanddividend": 30000000,
        "interestexpense": 11000000,
        "foreigncurrencytransactiongainlossbeforetax": 6000000,
        "othernonoperatingincomeexpense": 2000000,
        "nonoperatingincomeexpense": 27000000,
        "incomelossfromcontinuingoperationsbeforeincometaxesminorityinterestandincomelossfromequitymethodinvestments": 722000000,
        "incometaxexpensebenefit": 179000000,
        "incomelossfromequitymethodinvestments": 3000000,
        "netincomeloss": 546000000,
        "earningspersharebasic": 1.1,
        "earningspersharediluted": 1.1,
        "weightedaveragenumberofsharesoutstandingbasic": 497000000,
        "weightedaveragenumberdilutedsharesoutstandingadjustment": 1000000,
        "weightedaveragenumberofdilutedsharesoutstanding": 498000000,
        "othercomprehensiveincomeforeigncurrencytransactionandtranslationadjustmentnetoftaxportionattributabletoparent": -73000000,
        "othercomprehensiveincomelosscashflowhedgegainlossafterreclassificationandtaxparent": 11000000,
        "othercomprehensiveincomelossnetoftaxportionattributabletoparent": -62000000,
        "comprehensiveincomenetoftax": 484000000
    },
    {
        "date": "2023-12-30",
        "symbol": "CTSH",
        "period": "Q4",
        "revenues": 4758000000,
        "costofgoodsandserviceexcludingdepreciationdepletionandamortization": 3081000000,
        "sellinggeneralandadministrativeexpense": 786000000,
        "depreciationandamortization": 127000000,
        "operatingincomeloss": 724000000,
        "investmentincomeinterestanddividend": 34000000,
        "interestexpense": 11000000,
        "othernonoperatingincomeexpense": 3000000,
        "nonoperatingincomeexpense": 25000000,
        "incomelossfromcontinuingoperationsbeforeincometaxesminorityinterestandincomelossfromequitymethodinvestments": 749000000,
        "incometaxexpensebenefit": 195000000,
        "netincomeloss": 558000000,
        "earningspersharebasic": 1.11,
        "earningspersharediluted": 1.1199999999999999,
        "weightedaveragenumberofsharesoutstandingbasic": 505000000,
        "weightedaveragenumberofdilutedsharesoutstanding": 505000000,
        "othercomprehensiveincomeforeigncurrencytransactionandtranslationadjustmentnetoftaxportionattributabletoparent": 179000000,
        "othercomprehensiveincomelosscashflowhedgegainlossafterreclassificationandtaxparent": 12000000,
        "othercomprehensiveincomelossnetoftaxportionattributabletoparent": 191000000,
        "comprehensiveincomenetoftax": 749000000
    },
    {
        "date": "2023-09-29",
        "symbol": "CTSH",
        "period": "Q3",
        "revenues": 4897000000,
        "costofgoodsandserviceexcludingdepreciationdepletionandamortization": 3209000000,
        "sellinggeneralandadministrativeexpense": 801000000,
        "depreciationandamortization": 129000000,
        "operatingincomeloss": -53000000,
        "investmentincomeinterestanddividend": 32000000,
        "interestexpense": 11000000,
        "foreigncurrencytransactiongainlossbeforetax": 0,
        "othernonoperatingincomeexpense": 6000000,
        "nonoperatingincomeexpense": 27000000,
        "incomelossfromcontinuingoperationsbeforeincometaxesminorityinterestandincomelossfromequitymethodinvestments": 713000000,
        "incometaxexpensebenefit": 191000000,
        "netincomeloss": 525000000,
        "earningspersharebasic": 1.0400000000000003,
        "earningspersharediluted": 1.0399999999999998,
        "weightedaveragenumberofsharesoutstandingbasic": -509000000,
        "weightedaveragenumberofdilutedsharesoutstanding": -509000000,
        "othercomprehensiveincomeforeigncurrencytransactionandtranslationadjustmentnetoftaxportionattributabletoparent": -129000000,
        "othercomprehensiveincomelosscashflowhedgegainlossafterreclassificationandtaxparent": -15000000,
        "othercomprehensiveincomelossnetoftaxportionattributabletoparent": -50000000,
        "comprehensiveincomenetoftax": 381000000
    },
    {
        "date": "2023-06-29",
        "symbol": "CTSH",
        "period": "Q2",
        "revenues": 4886000000,
        "costofgoodsandserviceexcludingdepreciationdepletionandamortization": 3231000000,
        "sellinggeneralandadministrativeexpense": 830000000,
        "restructuringcharges": 117000000,
        "depreciationandamortization": 131000000,
        "operatingincomeloss": 1012000000,
        "investmentincomeinterestanddividend": 30000000,
        "interestexpense": 10000000,
        "foreigncurrencytransactiongainlossbeforetax": -9000000,
        "othernonoperatingincomeexpense": -1000000,
        "nonoperatingincomeexpense": 10000000,
        "incomelossfromcontinuingoperationsbeforeincometaxesminorityinterestandincomelossfromequitymethodinvestments": 587000000,
        "incometaxexpensebenefit": 124000000,
        "netincomeloss": 463000000,
        "earningspersharebasic": 0.92,
        "earningspersharediluted": 0.91,
        "weightedaveragenumberofsharesoutstandingbasic": 506000000,
        "weightedaveragenumberdilutedsharesoutstandingadjustment": 1000000,
        "weightedaveragenumberofdilutedsharesoutstanding": 507000000,
        "othercomprehensiveincomeforeigncurrencytransactionandtranslationadjustmentnetoftaxportionattributabletoparent": 51000000,
        "othercomprehensiveincomelosscashflowhedgegainlossafterreclassificationandtaxparent": 30000000,
        "othercomprehensiveincomelossnetoftaxportionattributabletoparent": 30000000,
        "comprehensiveincomenetoftax": 544000000
    },
    {
        "date": "2023-03-30",
        "symbol": "CTSH",
        "period": "Q1",
        "revenues": 4812000000,
        "costofgoodsandserviceexcludingdepreciationdepletionandamortization": 3143000000,
        "sellinggeneralandadministrativeexpense": 835000000,
        "depreciationandamortization": 132000000,
        "operatingincomeloss": 1006000000,
        "investmentincomeinterestanddividend": 30000000,
        "interestexpense": 9000000,
        "foreigncurrencytransactiongainlossbeforetax": 12000000,
        "othernonoperatingincomeexpense": 3000000,
        "nonoperatingincomeexpense": 36000000,
        "incomelossfromcontinuingoperationsbeforeincometaxesminorityinterestandincomelossfromequitymethodinvestments": 738000000,
        "incometaxexpensebenefit": 158000000,
        "netincomeloss": 580000000,
        "earningspersharebasic": 1.14,
        "earningspersharediluted": 1.14,
        "weightedaveragenumberofsharesoutstandingbasic": 509000000,
        "weightedaveragenumberofdilutedsharesoutstanding": 509000000,
        "othercomprehensiveincomeforeigncurrencytransactionandtranslationadjustmentnetoftaxportionattributabletoparent": 43000000,
        "othercomprehensiveincomelosscashflowhedgegainlossafterreclassificationandtaxparent": 34000000,
        "othercomprehensiveincomelossnetoftaxportionattributabletoparent": 34000000,
        "comprehensiveincomenetoftax": 657000000
    },
    {
        "date": "2022-12-30",
        "symbol": "CTSH",
        "period": "Q4",
        "depreciationandamortization": 141000000,
        "revenues": 4839000000,
        "costofgoodsandserviceexcludingdepreciationdepletionandamortization": 3152000000,
        "sellinggeneralandadministrativeexpense": 860000000,
        "operatingincomeloss": 1381000000,
        "investmentincomeinterestanddividend": 27000000,
        "interestexpense": 8000000,
        "nonoperatingincomeexpense": 28000000,
        "incomelossfromcontinuingoperationsbeforeincometaxesminorityinterestandincomelossfromequitymethodinvestments": 714000000,
        "incometaxexpensebenefit": 193000000,
        "netincomeloss": 521000000,
        "earningspersharebasic": 1.0199999999999998,
        "earningspersharediluted": 1.01,
        "weightedaveragenumberofsharesoutstandingbasic": -2000000,
        "weightedaveragenumberdilutedsharesoutstandingadjustment": 0,
        "weightedaveragenumberofdilutedsharesoutstanding": -2000000,
        "othercomprehensiveincomeforeigncurrencytransactionandtranslationadjustmentnetoftaxportionattributabletoparent": 199000000,
        "othercomprehensiveincomelosscashflowhedgegainlossafterreclassificationandtaxparent": 13000000,
        "othercomprehensiveincomelossnetoftaxportionattributabletoparent": 440000000,
        "comprehensiveincomenetoftax": 733000000
    },
    {
        "date": "2022-09-29",
        "symbol": "CTSH",
        "period": "Q3",
        "revenues": 4857000000,
        "costofgoodsandserviceexcludingdepreciationdepletionandamortization": 3080000000,
        "sellinggeneralandadministrativeexpense": 838000000,
        "depreciationandamortization": 141000000,
        "operatingincomeloss": 1527000000,
        "investmentincomeinterestanddividend": 17000000,
        "interestexpense": 6000000,
        "nonoperatingincomeexpense": 14000000,
        "incomelossfromcontinuingoperationsbeforeincometaxesminorityinterestandincomelossfromequitymethodinvestments": 812000000,
        "incometaxexpensebenefit": 183000000,
        "netincomeloss": 629000000,
        "earningspersharebasic": 1.22,
        "earningspersharediluted": 1.22,
        "weightedaveragenumberofsharesoutstandingbasic": -524000000,
        "weightedaveragenumberdilutedsharesoutstandingadjustment": -1000000,
        "weightedaveragenumberofdilutedsharesoutstanding": -525000000,
        "othercomprehensiveincomeforeigncurrencytransactionandtranslationadjustmentnetoftaxportionattributabletoparent": -197000000,
        "othercomprehensiveincomelosscashflowhedgegainlossafterreclassificationandtaxparent": -45000000,
        "othercomprehensiveincomelossnetoftaxportionattributabletoparent": -472000000,
        "comprehensiveincomenetoftax": 387000000
    },
    {
        "date": "2022-06-29",
        "symbol": "CTSH",
        "period": "Q2",
        "revenues": 4906000000,
        "costofgoodsandserviceexcludingdepreciationdepletionandamortization": 3119000000,
        "sellinggeneralandadministrativeexpense": 883000000,
        "depreciationandamortization": 144000000,
        "operatingincomeloss": 1472000000,
        "investmentincomeinterestanddividend": 9000000,
        "interestexpense": 3000000,
        "foreigncurrencytransactiongainlossbeforetax": -4000000,
        "othernonoperatingincomeexpense": -1000000,
        "nonoperatingincomeexpense": 1000000,
        "incomelossfromcontinuingoperationsbeforeincometaxesminorityinterestandincomelossfromequitymethodinvestments": 761000000,
        "incometaxexpensebenefit": 184000000,
        "netincomeloss": 577000000,
        "earningspersharebasic": 1.11,
        "earningspersharediluted": 1.11,
        "weightedaveragenumberofsharesoutstandingbasic": 520000000,
        "weightedaveragenumberdilutedsharesoutstandingadjustment": 1000000,
        "weightedaveragenumberofdilutedsharesoutstanding": 521000000,
        "othercomprehensiveincomeforeigncurrencytransactionandtranslationadjustmentnetoftaxportionattributabletoparent": -193000000,
        "othercomprehensiveincomelosscashflowhedgegainlossafterreclassificationandtaxparent": -57000000,
        "othercomprehensiveincomelossnetoftaxportionattributabletoparent": -57000000,
        "comprehensiveincomenetoftax": 327000000
    },
    {
        "date": "2022-03-30",
        "symbol": "CTSH",
        "period": "Q1",
        "revenues": 4826000000,
        "costofgoodsandserviceexcludingdepreciationdepletionandamortization": 3097000000,
        "sellinggeneralandadministrativeexpense": 862000000,
        "depreciationandamortization": 143000000,
        "operatingincomeloss": 1366000000,
        "investmentincomeinterestanddividend": 6000000,
        "interestexpense": 2000000,
        "othernonoperatingincomeexpense": 1000000,
        "nonoperatingincomeexpense": 5000000,
        "incomelossfromcontinuingoperationsbeforeincometaxesminorityinterestandincomelossfromequitymethodinvestments": 729000000,
        "incometaxexpensebenefit": 170000000,
        "incomelossfromequitymethodinvestments": 4000000,
        "netincomeloss": 563000000,
        "earningspersharebasic": 1.07,
        "earningspersharediluted": 1.07,
        "weightedaveragenumberofsharesoutstandingbasic": 524000000,
        "weightedaveragenumberdilutedsharesoutstandingadjustment": 1000000,
        "weightedaveragenumberofdilutedsharesoutstanding": 525000000,
        "othercomprehensiveincomeforeigncurrencytransactionandtranslationadjustmentnetoftaxportionattributabletoparent": -37000000,
        "othercomprehensiveincomelosscashflowhedgegainlossafterreclassificationandtaxparent": -19000000,
        "othercomprehensiveincomelossnetoftaxportionattributabletoparent": -19000000,
        "comprehensiveincomenetoftax": 507000000
    },
    {
        "date": "2021-12-30",
        "symbol": "CTSH",
        "period": "Q4",
        "depreciationandamortization": 144000000,
        "revenues": 4777000000,
        "costofgoodsandserviceexcludingdepreciationdepletionandamortization": 3030000000,
        "sellinggeneralandadministrativeexpense": 871000000,
        "operatingincomeloss": 1376000000,
        "investmentincomeinterestanddividend": 7000000,
        "interestexpense": 2000000,
        "foreigncurrencytransactiongainlossbeforetax": -1000000,
        "nonoperatingincomeexpense": 5000000,
        "incomelossfromcontinuingoperationsbeforeincometaxesminorityinterestandincomelossfromequitymethodinvestments": 737000000,
        "incometaxexpensebenefit": 162000000,
        "netincomeloss": 576000000,
        "earningspersharebasic": 1.0999999999999994,
        "earningspersharediluted": 1.09,
        "weightedaveragenumberofsharesoutstandingbasic": 0,
        "weightedaveragenumberofdilutedsharesoutstanding": 0,
        "othercomprehensiveincomelossnetoftaxportionattributabletoparent": 79000000,
        "comprehensiveincomenetoftax": 580000000
    },
    {
        "date": "2021-09-29",
        "symbol": "CTSH",
        "period": "Q3",
        "revenues": 4744000000,
        "costofgoodsandserviceexcludingdepreciationdepletionandamortization": 2947000000,
        "sellinggeneralandadministrativeexpense": 924000000,
        "depreciationandamortization": 144000000,
        "operatingincomeloss": 1450000000,
        "investmentincomeinterestanddividend": 7000000,
        "interestexpense": 3000000,
        "foreigncurrencytransactiongainlossbeforetax": -3000000,
        "nonoperatingincomeexpense": 2000000,
        "incomelossfromcontinuingoperationsbeforeincometaxesminorityinterestandincomelossfromequitymethodinvestments": 731000000,
        "incometaxexpensebenefit": 187000000,
        "netincomeloss": 544000000,
        "earningspersharebasic": 1.03,
        "earningspersharediluted": 1.04,
        "weightedaveragenumberofsharesoutstandingbasic": -1000000,
        "weightedaveragenumberofdilutedsharesoutstanding": -1000000,
        "othercomprehensiveincomelossnetoftaxportionattributabletoparent": -49000000,
        "comprehensiveincomenetoftax": 495000000
    },
    {
        "date": "2021-06-29",
        "symbol": "CTSH",
        "period": "Q2",
        "revenues": 4585000000,
        "costofgoodsandserviceexcludingdepreciationdepletionandamortization": 2863000000,
        "sellinggeneralandadministrativeexpense": 881000000,
        "depreciationandamortization": 145000000,
        "operatingincomeloss": 1391000000,
        "investmentincomeinterestanddividend": 7000000,
        "interestexpense": 2000000,
        "foreigncurrencytransactiongainlossbeforetax": -7000000,
        "othernonoperatingincomeexpense": 0,
        "nonoperatingincomeexpense": -2000000,
        "incomelossfromcontinuingoperationsbeforeincometaxesminorityinterestandincomelossfromequitymethodinvestments": 694000000,
        "incometaxexpensebenefit": 184000000,
        "netincomeloss": 512000000,
        "earningspersharebasic": 0.98,
        "earningspersharediluted": 0.97,
        "weightedaveragenumberofsharesoutstandingbasic": -2000000,
        "weightedaveragenumberdilutedsharesoutstandingadjustment": 0,
        "weightedaveragenumberofdilutedsharesoutstanding": -2000000,
        "othercomprehensiveincomederivativesqualifyingashedgesnetoftaxportionattributabletoparent": -13000000,
        "othercomprehensiveincomelossnetoftaxportionattributabletoparent": -24000000,
        "comprehensiveincomenetoftax": 513000000
    },
    {
        "date": "2021-03-30",
        "symbol": "CTSH",
        "period": "Q1",
        "revenues": 4401000000,
        "costofgoodsandserviceexcludingdepreciationdepletionandamortization": 2764000000,
        "sellinggeneralandadministrativeexpense": 827000000,
        "depreciationandamortization": 141000000,
        "operatingincomeloss": 1340000000,
        "investmentincomeinterestanddividend": 9000000,
        "interestexpense": 2000000,
        "foreigncurrencytransactiongainlossbeforetax": -9000000,
        "othernonoperatingincomeexpense": -2000000,
        "nonoperatingincomeexpense": -4000000,
        "incomelossfromcontinuingoperationsbeforeincometaxesminorityinterestandincomelossfromequitymethodinvestments": 665000000,
        "incometaxexpensebenefit": 160000000,
        "netincomeloss": 505000000,
        "earningspersharebasic": 0.95,
        "earningspersharediluted": 0.95,
        "weightedaveragenumberofsharesoutstandingbasic": 530000000,
        "weightedaveragenumberdilutedsharesoutstandingadjustment": 1000000,
        "weightedaveragenumberofdilutedsharesoutstanding": 531000000,
        "othercomprehensiveincomederivativesqualifyingashedgesnetoftaxportionattributabletoparent": -4000000,
        "othercomprehensiveincomelossnetoftaxportionattributabletoparent": -4000000,
        "comprehensiveincomenetoftax": 476000000
    },
    {
        "date": "2020-12-30",
        "symbol": "CTSH",
        "period": "Q4",
        "depreciationandamortization": 145000000,
        "revenues": 4184000000,
        "costofgoodsandserviceexcludingdepreciationdepletionandamortization": 2662000000,
        "sellinggeneralandadministrativeexpense": 874000000,
        "operatingincomeloss": 1131000000,
        "investmentincomeinterestanddividend": 14000000,
        "interestexpense": 3000000,
        "foreigncurrencytransactiongainlossbeforetax": -11000000,
        "nonoperatingincomeexpense": 2000000,
        "incomelossfromcontinuingoperationsbeforeincometaxesminorityinterestandincomelossfromequitymethodinvestments": 467000000,
        "incometaxexpensebenefit": 288000000,
        "netincomeloss": 316000000,
        "earningspersharebasic": 0.6,
        "earningspersharediluted": 0.5899999999999997,
        "weightedaveragenumberofsharesoutstandingbasic": -545000000,
        "weightedaveragenumberofdilutedsharesoutstanding": -546000000,
        "restructuringcharges": 38000000,
        "othercomprehensiveincomeforeigncurrencytransactionandtranslationadjustmentnetoftaxportionattributabletoparent": 126000000,
        "othercomprehensiveincomederivativesqualifyingashedgesnetoftaxportionattributabletoparent": 24000000,
        "othercomprehensiveincomelossnetoftaxportionattributabletoparent": 240000000,
        "comprehensiveincomenetoftax": 466000000
    },
    {
        "date": "2020-09-29",
        "symbol": "CTSH",
        "period": "Q3",
        "revenues": 4243000000,
        "costofgoodsandserviceexcludingdepreciationdepletionandamortization": 2647000000,
        "sellinggeneralandadministrativeexpense": 804000000,
        "depreciationandamortization": 138000000,
        "operatingincomeloss": 1339000000,
        "investmentincomeinterestanddividend": 27000000,
        "interestexpense": 6000000,
        "foreigncurrencytransactiongainlossbeforetax": -1000000,
        "othernonoperatingincomeexpense": 1000000,
        "nonoperatingincomeexpense": 21000000,
        "incomelossfromcontinuingoperationsbeforeincometaxesminorityinterestandincomelossfromequitymethodinvestments": 624000000,
        "incometaxexpensebenefit": 140000000,
        "netincomeloss": 348000000,
        "earningspersharebasic": 0.64,
        "earningspersharediluted": 0.64,
        "weightedaveragenumberofsharesoutstandingbasic": 542000000,
        "weightedaveragenumberdilutedsharesoutstandingadjustment": 1000000,
        "weightedaveragenumberofdilutedsharesoutstanding": 543000000,
        "restructuringcharges": 51000000,
        "othercomprehensiveincomeforeigncurrencytransactionandtranslationadjustmentnetoftaxportionattributabletoparent": 90000000,
        "othercomprehensiveincomederivativesqualifyingashedgesnetoftaxportionattributabletoparent": 58000000,
        "othercomprehensiveincomelossnetoftaxportionattributabletoparent": 58000000,
        "comprehensiveincomenetoftax": 496000000
    },
    {
        "date": "2020-06-29",
        "symbol": "CTSH",
        "period": "Q2",
        "revenues": 4000000000,
        "costofgoodsandserviceexcludingdepreciationdepletionandamortization": 2615000000,
        "sellinggeneralandadministrativeexpense": 711000000,
        "depreciationandamortization": 136000000,
        "operatingincomeloss": 1081000000,
        "investmentincomeinterestanddividend": 37000000,
        "interestexpense": 9000000,
        "foreigncurrencytransactiongainlossbeforetax": -2000000,
        "nonoperatingincomeexpense": 28000000,
        "incomelossfromcontinuingoperationsbeforeincometaxesminorityinterestandincomelossfromequitymethodinvestments": 495000000,
        "incometaxexpensebenefit": 134000000,
        "incomelossfromequitymethodinvestments": 0,
        "netincomeloss": 361000000,
        "earningspersharebasic": 0.67,
        "earningspersharediluted": 0.67,
        "weightedaveragenumberofsharesoutstandingbasic": -3000000,
        "weightedaveragenumberofdilutedsharesoutstanding": -2000000,
        "restructuringcharges": 71000000,
        "othercomprehensiveincomeforeigncurrencytransactionandtranslationadjustmentnetoftaxportionattributabletoparent": 38000000,
        "othercomprehensiveincomederivativesqualifyingashedgesnetoftaxportionattributabletoparent": 38000000,
        "othercomprehensiveincomelossnetoftaxportionattributabletoparent": -59000000,
        "comprehensiveincomenetoftax": 437000000
    },
    {
        "date": "2020-03-30",
        "symbol": "CTSH",
        "period": "Q1",
        "revenues": 4225000000,
        "costofgoodsandserviceexcludingdepreciationdepletionandamortization": 2747000000,
        "sellinggeneralandadministrativeexpense": 711000000,
        "depreciationandamortization": 133000000,
        "operatingincomeloss": 1153000000,
        "investmentincomeinterestanddividend": 41000000,
        "interestexpense": 6000000,
        "foreigncurrencytransactiongainlossbeforetax": -102000000,
        "othernonoperatingincomeexpense": -2000000,
        "nonoperatingincomeexpense": -69000000,
        "incomelossfromcontinuingoperationsbeforeincometaxesminorityinterestandincomelossfromequitymethodinvestments": 510000000,
        "incometaxexpensebenefit": 142000000,
        "incomelossfromequitymethodinvestments": -1000000,
        "netincomeloss": 367000000,
        "earningspersharebasic": 0.67,
        "earningspersharediluted": 0.67,
        "weightedaveragenumberofsharesoutstandingbasic": 546000000,
        "weightedaveragenumberofdilutedsharesoutstanding": 546000000,
        "restructuringcharges": 55000000,
        "othercomprehensiveincomeforeigncurrencytransactionandtranslationadjustmentnetoftaxportionattributabletoparent": -135000000,
        "othercomprehensiveincomederivativesqualifyingashedgesnetoftaxportionattributabletoparent": -91000000,
        "othercomprehensiveincomelossnetoftaxportionattributabletoparent": -91000000,
        "comprehensiveincomenetoftax": 141000000
    },
    {
        "date": "2019-12-30",
        "symbol": "CTSH",
        "period": "Q4",
        "netincomeloss": 395000000,
        "othercomprehensiveincomeforeigncurrencytransactionandtranslationadjustmentnetoftaxportionattributabletoparent": 115000000,
        "othercomprehensiveincomederivativesqualifyingashedgesnetoftaxportionattributabletoparent": 6000000,
        "othercomprehensiveincomelossnetoftaxportionattributabletoparent": 117000000,
        "comprehensiveincomenetoftax": 516000000,
        "revenues": 4284000000,
        "sellinggeneralandadministrativeexpense": 560000000,
        "operatingincomeloss": 1232000000,
        "investmentincomeinterestanddividend": 40000000,
        "interestexpense": 6000000,
        "foreigncurrencytransactiongainlossbeforetax": -36000000,
        "nonoperatingincomeexpense": 0,
        "incomelossfromcontinuingoperationsbeforeincometaxesminorityinterestandincomelossfromequitymethodinvestments": 626000000,
        "incometaxexpensebenefit": 174000000,
        "earningspersharebasic": 0.73,
        "earningspersharediluted": 0.7200000000000002,
        "weightedaveragenumberofsharesoutstandingbasic": -4000000,
        "weightedaveragenumberofdilutedsharesoutstanding": -3000000
    },
    {
        "date": "2019-09-29",
        "symbol": "CTSH",
        "period": "Q3",
        "netincomeloss": 497000000,
        "othercomprehensiveincomeforeigncurrencytransactionandtranslationadjustmentnetoftaxportionattributabletoparent": -65000000,
        "othercomprehensiveincomederivativesqualifyingashedgesnetoftaxportionattributabletoparent": -24000000,
        "othercomprehensiveincomeavailableforsalesecuritiesadjustmentnetoftaxportionattributabletoparent": 0,
        "othercomprehensiveincomelossnetoftaxportionattributabletoparent": -89000000,
        "comprehensiveincomenetoftax": 408000000,
        "revenues": 4248000000,
        "sellinggeneralandadministrativeexpense": 771000000,
        "depreciationdepletionandamortizationnonproductionandproduction": 127000000,
        "operatingincomeloss": 669000000,
        "investmentincomeinterestanddividend": 43000000,
        "interestexpense": 7000000,
        "foreigncurrencytransactiongainlossbeforetax": -47000000,
        "othernonoperatingincomeexpense": 0,
        "nonoperatingincomeexpense": -11000000,
        "incomelossfromcontinuingoperationsbeforeincometaxesminorityinterestandincomelossfromequitymethodinvestments": 658000000,
        "incometaxexpensebenefit": 160000000,
        "earningspersharebasic": 0.8999999999999999,
        "earningspersharediluted": 0.8999999999999999,
        "weightedaveragenumberofsharesoutstandingbasic": -6000000,
        "weightedaveragenumberofdilutedsharesoutstanding": -7000000
    },
    {
        "date": "2019-06-29",
        "symbol": "CTSH",
        "period": "Q2",
        "netincomeloss": 509000000,
        "othercomprehensiveincomeforeigncurrencytransactionandtranslationadjustmentnetoftaxportionattributabletoparent": -9000000,
        "othercomprehensiveincomederivativesqualifyingashedgesnetoftaxportionattributabletoparent": 11000000,
        "othercomprehensiveincomeavailableforsalesecuritiesadjustmentnetoftaxportionattributabletoparent": 2000000,
        "othercomprehensiveincomelossnetoftaxportionattributabletoparent": 8000000,
        "comprehensiveincomenetoftax": 513000000,
        "revenues": 4141000000,
        "sellinggeneralandadministrativeexpense": 768000000,
        "depreciationdepletionandamortizationnonproductionandproduction": 125000000,
        "operatingincomeloss": 13000000,
        "investmentincomeinterestanddividend": 45000000,
        "interestexpense": 6000000,
        "foreigncurrencytransactiongainlossbeforetax": 16000000,
        "othernonoperatingincomeexpense": 2000000,
        "nonoperatingincomeexpense": 57000000,
        "incomelossfromcontinuingoperationsbeforeincometaxesminorityinterestandincomelossfromequitymethodinvestments": 676000000,
        "incometaxexpensebenefit": 167000000,
        "earningspersharebasic": 0.8999999999999999,
        "earningspersharediluted": 0.8999999999999999,
        "weightedaveragenumberofsharesoutstandingbasic": -4000000,
        "weightedaveragenumberdilutedsharesoutstandingadjustment": -1000000,
        "weightedaveragenumberofdilutedsharesoutstanding": -5000000
    },
    {
        "date": "2019-03-30",
        "symbol": "CTSH",
        "period": "Q1",
        "netincomeloss": 441000000,
        "othercomprehensiveincomeforeigncurrencytransactionandtranslationadjustmentnetoftaxportionattributabletoparent": -2000000,
        "othercomprehensiveincomederivativesqualifyingashedgesnetoftaxportionattributabletoparent": 36000000,
        "othercomprehensiveincomeavailableforsalesecuritiesadjustmentnetoftaxportionattributabletoparent": 6000000,
        "othercomprehensiveincomelossnetoftaxportionattributabletoparent": 40000000,
        "comprehensiveincomenetoftax": 481000000,
        "revenues": 4110000000,
        "costofservicesexcludingdepreciationdepletionandamortization": 2575000000,
        "sellinggeneralandadministrativeexpense": 873000000,
        "depreciationdepletionandamortizationnonproductionandproduction": 123000000,
        "operatingincomeloss": 539000000,
        "investmentincomeinterestanddividend": 48000000,
        "interestexpense": 7000000,
        "foreigncurrencytransactiongainlossbeforetax": 2000000,
        "othernonoperatingincomeexpense": 1000000,
        "nonoperatingincomeexpense": 44000000,
        "incomelossfromcontinuingoperationsbeforeincometaxesminorityinterestandincomelossfromequitymethodinvestments": 583000000,
        "incometaxexpensebenefit": 142000000,
        "earningspersharebasic": 0.77,
        "earningspersharediluted": 0.77,
        "weightedaveragenumberofsharesoutstandingbasic": 573000000,
        "weightedaveragenumberdilutedsharesoutstandingadjustment": 2000000,
        "weightedaveragenumberofdilutedsharesoutstanding": 575000000
    },
    {
        "date": "2018-09-29",
        "symbol": "CTSH",
        "period": "Q3",
        "netincomeloss": 423000000,
        "othercomprehensiveincomeforeigncurrencytransactionandtranslationadjustmentnetoftaxportionattributabletoparent": -12000000,
        "othercomprehensiveincomederivativesqualifyingashedgesnetoftaxportionattributabletoparent": -82000000,
        "othercomprehensiveincomeavailableforsalesecuritiesadjustmentnetoftaxportionattributabletoparent": -1000000,
        "othercomprehensiveincomelossnetoftaxportionattributabletoparent": -95000000,
        "comprehensiveincomenetoftax": 383000000,
        "salesrevenuenet": 2170000000,
        "costofservicesexcludingdepreciationdepletionandamortization": 2492000000,
        "sellinggeneralandadministrativeexpense": 734000000,
        "depreciationdepletionandamortizationnonproductionandproduction": 119000000,
        "operatingincomeloss": 679000000,
        "investmentincomeinterestanddividend": 47000000,
        "interestexpense": 6000000,
        "foreigncurrencytransactiongainlossbeforetax": -122000000,
        "nonoperatingincomeexpense": -84000000,
        "incomelossfromcontinuingoperationsbeforeincometaxesminorityinterestandincomelossfromequitymethodinvestments": 595000000,
        "incometaxexpensebenefit": 172000000,
        "earningspersharebasic": 0.7199999999999999,
        "earningspersharediluted": 0.7299999999999999,
        "weightedaveragenumberofsharesoutstandingbasic": -588000000,
        "weightedaveragenumberdilutedsharesoutstandingadjustment": -2000000,
        "weightedaveragenumberofdilutedsharesoutstanding": -590000000,
        "commonstockdividendspersharedeclared": 0.19999999999999996
    },
    {
        "date": "2018-06-29",
        "symbol": "CTSH",
        "period": "Q2",
        "netincomeloss": 425000000,
        "othercomprehensiveincomeforeigncurrencytransactionandtranslationadjustmentnetoftaxportionattributabletoparent": -71000000,
        "othercomprehensiveincomederivativesqualifyingashedgesnetoftaxportionattributabletoparent": -87000000,
        "othercomprehensiveincomeavailableforsalesecuritiesadjustmentnetoftaxportionattributabletoparent": 1000000,
        "othercomprehensiveincomelossnetoftaxportionattributabletoparent": -157000000,
        "comprehensiveincomenetoftax": 299000000,
        "salesrevenuenet": 3067000000,
        "costofservicesexcludingdepreciationdepletionandamortization": 2424000000,
        "sellinggeneralandadministrativeexpense": 805000000,
        "depreciationdepletionandamortizationnonproductionandproduction": 114000000,
        "operatingincomeloss": 632000000,
        "investmentincomeinterestanddividend": 40000000,
        "interestexpense": 7000000,
        "foreigncurrencytransactiongainlossbeforetax": -80000000,
        "nonoperatingincomeexpense": -47000000,
        "incomelossfromcontinuingoperationsbeforeincometaxesminorityinterestandincomelossfromequitymethodinvestments": 585000000,
        "incometaxexpensebenefit": 161000000,
        "incomelossfromequitymethodinvestments": 1000000,
        "earningspersharebasic": 0.73,
        "earningspersharediluted": 0.73,
        "weightedaveragenumberofsharesoutstandingbasic": 585000000,
        "weightedaveragenumberdilutedsharesoutstandingadjustment": 1000000,
        "weightedaveragenumberofdilutedsharesoutstanding": 586000000,
        "commonstockdividendspersharedeclared": 0.2
    },
    {
        "date": "2018-03-30",
        "symbol": "CTSH",
        "period": "Q1",
        "netincomeloss": 520000000,
        "othercomprehensiveincomeforeigncurrencytransactionandtranslationadjustmentnetoftaxportionattributabletoparent": 37000000,
        "othercomprehensiveincomederivativesqualifyingashedgesnetoftaxportionattributabletoparent": -36000000,
        "othercomprehensiveincomeavailableforsalesecuritiesadjustmentnetoftaxportionattributabletoparent": -7000000,
        "othercomprehensiveincomelossnetoftaxportionattributabletoparent": -6000000,
        "comprehensiveincomenetoftax": 514000000,
        "salesrevenuenet": 3912000000,
        "costofservicesexcludingdepreciationdepletionandamortization": 2401000000,
        "sellinggeneralandadministrativeexpense": 711000000,
        "depreciationdepletionandamortizationnonproductionandproduction": 107000000,
        "operatingincomeloss": 693000000,
        "investmentincomeinterestanddividend": 41000000,
        "interestexpense": 6000000,
        "foreigncurrencytransactiongainlossbeforetax": -31000000,
        "nonoperatingincomeexpense": 4000000,
        "incomelossfromcontinuingoperationsbeforeincometaxesminorityinterestandincomelossfromequitymethodinvestments": 697000000,
        "incometaxexpensebenefit": 177000000,
        "earningspersharebasic": 0.89,
        "earningspersharediluted": 0.88,
        "weightedaveragenumberofsharesoutstandingbasic": 587000000,
        "weightedaveragenumberdilutedsharesoutstandingadjustment": 2000000,
        "weightedaveragenumberofdilutedsharesoutstanding": 589000000,
        "commonstockdividendspersharedeclared": 0.2
    },
    {
        "date": "2017-09-29",
        "symbol": "CTSH",
        "period": "Q3",
        "netincomeloss": 495000000,
        "othercomprehensiveincomeforeigncurrencytransactionandtranslationadjustmentnetoftaxportionattributabletoparent": 33000000,
        "othercomprehensiveincomederivativesqualifyingashedgesnetoftaxportionattributabletoparent": -22000000,
        "othercomprehensiveincomeavailableforsalesecuritiesadjustmentnetoftaxportionattributabletoparent": 0,
        "othercomprehensiveincomelossnetoftaxportionattributabletoparent": 11000000,
        "comprehensiveincomenetoftax": 506000000,
        "salesrevenuenet": 2106000000,
        "costofservicesexcludingdepreciationdepletionandamortization": 2337000000,
        "sellinggeneralandadministrativeexpense": 674000000,
        "depreciationdepletionandamortizationnonproductionandproduction": 107000000,
        "operatingincomeloss": -135000000,
        "investmentincomeinterestanddividend": 34000000,
        "interestexpense": 6000000,
        "foreigncurrencytransactiongainlossbeforetax": -16000000,
        "othernonoperatingincomeexpense": -2000000,
        "nonoperatingincomeexpense": 10000000,
        "incomelossfromcontinuingoperationsbeforeincometaxesminorityinterestandincomelossfromequitymethodinvestments": 658000000,
        "incometaxexpensebenefit": 164000000,
        "earningspersharebasic": 0.84,
        "earningspersharediluted": 0.8299999999999997,
        "weightedaveragenumberofsharesoutstandingbasic": -600000000,
        "weightedaveragenumberdilutedsharesoutstandingadjustment": -2000000,
        "weightedaveragenumberofdilutedsharesoutstanding": -602000000
    },
    {
        "date": "2017-06-29",
        "symbol": "CTSH",
        "period": "Q2",
        "netincomeloss": 470000000,
        "othercomprehensiveincomeforeigncurrencytransactionandtranslationadjustmentnetoftaxportionattributabletoparent": 50000000,
        "othercomprehensiveincomederivativesqualifyingashedgesnetoftaxportionattributabletoparent": -1000000,
        "othercomprehensiveincomeavailableforsalesecuritiesadjustmentnetoftaxportionattributabletoparent": 1000000,
        "othercomprehensiveincomelossnetoftaxportionattributabletoparent": 50000000,
        "comprehensiveincomenetoftax": 520000000,
        "salesrevenuenet": 2851000000,
        "costofservicesexcludingdepreciationdepletionandamortization": 2261000000,
        "sellinggeneralandadministrativeexpense": 709000000,
        "depreciationdepletionandamortizationnonproductionandproduction": 94000000,
        "operatingincomeloss": 214000000,
        "investmentincomeinterestanddividend": 31000000,
        "interestexpense": 6000000,
        "foreigncurrencytransactiongainlossbeforetax": 5000000,
        "othernonoperatingincomeexpense": -1000000,
        "nonoperatingincomeexpense": 29000000,
        "incomelossfromcontinuingoperationsbeforeincometaxesminorityinterestandincomelossfromequitymethodinvestments": 635000000,
        "incometaxexpensebenefit": 165000000,
        "earningspersharebasic": 0.8,
        "earningspersharediluted": 0.8,
        "weightedaveragenumberofsharesoutstandingbasic": 589000000,
        "weightedaveragenumberdilutedsharesoutstandingadjustment": 2000000,
        "weightedaveragenumberofdilutedsharesoutstanding": 591000000,
        "commonstockdividendspersharedeclared": 0.15
    },
    {
        "date": "2017-03-30",
        "symbol": "CTSH",
        "period": "Q1",
        "netincomeloss": 557000000,
        "othercomprehensiveincomeforeigncurrencytransactionandtranslationadjustmentnetoftaxportionattributabletoparent": 17000000,
        "othercomprehensiveincomederivativesqualifyingashedgesnetoftaxportionattributabletoparent": 79000000,
        "othercomprehensiveincomeavailableforsalesecuritiesadjustmentnetoftaxportionattributabletoparent": 1000000,
        "othercomprehensiveincomelossnetoftaxportionattributabletoparent": 97000000,
        "comprehensiveincomenetoftax": 654000000,
        "salesrevenuenet": 3546000000,
        "costofservicesexcludingdepreciationdepletionandamortization": 2194000000,
        "sellinggeneralandadministrativeexpense": 686000000,
        "depreciationdepletionandamortizationnonproductionandproduction": 96000000,
        "operatingincomeloss": 570000000,
        "investmentincomeinterestanddividend": 32000000,
        "interestexpense": 6000000,
        "foreigncurrencytransactiongainlossbeforetax": 52000000,
        "othernonoperatingincomeexpense": 1000000,
        "nonoperatingincomeexpense": 79000000,
        "incomelossfromcontinuingoperationsbeforeincometaxesminorityinterestandincomelossfromequitymethodinvestments": 649000000,
        "incometaxexpensebenefit": 92000000,
        "earningspersharebasic": 0.92,
        "earningspersharediluted": 0.92,
        "weightedaveragenumberofsharesoutstandingbasic": 605000000,
        "weightedaveragenumberdilutedsharesoutstandingadjustment": 2000000,
        "weightedaveragenumberofdilutedsharesoutstanding": 607000000
    },
    {
        "date": "2016-12-30",
        "symbol": "CTSH",
        "period": "Q4",
        "netincomeloss": 415000000,
        "othercomprehensiveincomeforeigncurrencytransactionandtranslationadjustmentnetoftaxportionattributabletoparent": -50400000,
        "othercomprehensiveincomederivativesqualifyingashedgesnetoftaxportionattributabletoparent": -1400000,
        "othercomprehensiveincomelossnetoftaxportionattributabletoparent": -109000000,
        "comprehensiveincomenetoftax": 357000000,
        "salesrevenuenet": 2010500000,
        "costofservicesexcludingdepreciationdepletionandamortization": 2077500000,
        "sellinggeneralandadministrativeexpense": -1299200000,
        "depreciationdepletionandamortizationnonproductionandproduction": -174400000,
        "operatingincomeloss": 3392600000,
        "investmentincomeinterestanddividend": 29600000,
        "interestexpense": 4400000,
        "foreigncurrencytransactiongainlossbeforetax": -25800000,
        "othernonoperatingincomeexpense": 300000,
        "nonoperatingincomeexpense": -300000,
        "incomelossfromcontinuingoperationsbeforeincometaxesminorityinterestandincomelossfromequitymethodinvestments": 560400000,
        "incometaxexpensebenefit": -268800000,
        "earningspersharebasic": 0.6800000000000002,
        "earningspersharediluted": 0.69,
        "weightedaveragenumberofsharesoutstandingbasic": -1213300000,
        "weightedaveragenumberdilutedsharesoutstandingadjustment": -5800000,
        "weightedaveragenumberofdilutedsharesoutstanding": -1219100000
    },
    {
        "date": "2016-09-29",
        "symbol": "CTSH",
        "period": "Q3",
        "netincomeloss": 444400000,
        "othercomprehensiveincomeforeigncurrencytransactionandtranslationadjustmentnetoftaxportionattributabletoparent": 500000,
        "othercomprehensiveincomederivativesqualifyingashedgesnetoftaxportionattributabletoparent": 41000000,
        "othercomprehensiveincomeavailableforsalesecuritiesadjustmentnetoftaxportionattributabletoparent": -2000000,
        "othercomprehensiveincomelossnetoftaxportionattributabletoparent": 39500000,
        "comprehensiveincomenetoftax": 483900000,
        "salesrevenuenet": 2709400000,
        "costofservicesexcludingdepreciationdepletionandamortization": 2077400000,
        "sellinggeneralandadministrativeexpense": 3100000,
        "depreciationdepletionandamortizationnonproductionandproduction": -400000,
        "operatingincomeloss": 118400000,
        "investmentincomeinterestanddividend": 27200000,
        "interestexpense": 4900000,
        "foreigncurrencytransactiongainlossbeforetax": 6900000,
        "othernonoperatingincomeexpense": 300000,
        "nonoperatingincomeexpense": 29500000,
        "incomelossfromcontinuingoperationsbeforeincometaxesminorityinterestandincomelossfromequitymethodinvestments": 612900000,
        "incometaxexpensebenefit": 168900000,
        "incomelossfromequitymethodinvestments": 400000,
        "earningspersharebasic": 0.73,
        "earningspersharediluted": 0.73,
        "weightedaveragenumberofsharesoutstandingbasic": 606200000,
        "weightedaveragenumberdilutedsharesoutstandingadjustment": 2300000,
        "weightedaveragenumberofdilutedsharesoutstanding": 608500000
    },
    {
        "date": "2016-06-29",
        "symbol": "CTSH",
        "period": "Q2",
        "netincomeloss": 252400000,
        "othercomprehensiveincomeforeigncurrencytransactionandtranslationadjustmentnetoftaxportionattributabletoparent": -28600000,
        "othercomprehensiveincomederivativesqualifyingashedgesnetoftaxportionattributabletoparent": -8300000,
        "othercomprehensiveincomeavailableforsalesecuritiesadjustmentnetoftaxportionattributabletoparent": 2800000,
        "othercomprehensiveincomelossnetoftaxportionattributabletoparent": -34100000,
        "comprehensiveincomenetoftax": 218300000,
        "salesrevenuenet": 2624100000,
        "costofservicesexcludingdepreciationdepletionandamortization": 2037700000,
        "sellinggeneralandadministrativeexpense": 653900000,
        "depreciationdepletionandamortizationnonproductionandproduction": 87400000,
        "operatingincomeloss": 134000000,
        "investmentincomeinterestanddividend": 27600000,
        "interestexpense": 4600000,
        "foreigncurrencytransactiongainlossbeforetax": -20200000,
        "othernonoperatingincomeexpense": 900000,
        "nonoperatingincomeexpense": 3700000,
        "incomelossfromcontinuingoperationsbeforeincometaxesminorityinterestandincomelossfromequitymethodinvestments": 594600000,
        "incometaxexpensebenefit": 190000000,
        "incomelossfromequitymethodinvestments": 200000,
        "earningspersharebasic": 0.42,
        "earningspersharediluted": 0.41,
        "weightedaveragenumberofsharesoutstandingbasic": 606100000,
        "weightedaveragenumberdilutedsharesoutstandingadjustment": 2700000,
        "weightedaveragenumberofdilutedsharesoutstanding": 608800000
    },
    {
        "date": "2016-03-30",
        "symbol": "CTSH",
        "period": "Q1",
        "netincomeloss": 441200000,
        "othercomprehensiveincomeforeigncurrencytransactionandtranslationadjustmentnetoftaxportionattributabletoparent": 19500000,
        "othercomprehensiveincomederivativesqualifyingashedgesnetoftaxportionattributabletoparent": 19700000,
        "othercomprehensiveincomeavailableforsalesecuritiesadjustmentnetoftaxportionattributabletoparent": 5400000,
        "othercomprehensiveincomelossnetoftaxportionattributabletoparent": 44600000,
        "comprehensiveincomenetoftax": 485800000,
        "salesrevenuenet": 3202000000,
        "costofservicesexcludingdepreciationdepletionandamortization": 1915400000,
        "sellinggeneralandadministrativeexpense": 646200000,
        "depreciationdepletionandamortizationnonproductionandproduction": 86400000,
        "operatingincomeloss": 554000000,
        "investmentincomeinterestanddividend": 30600000,
        "interestexpense": 5100000,
        "foreigncurrencytransactiongainlossbeforetax": 9100000,
        "othernonoperatingincomeexpense": 500000,
        "nonoperatingincomeexpense": 35100000,
        "incomelossfromcontinuingoperationsbeforeincometaxesminorityinterestandincomelossfromequitymethodinvestments": 589100000,
        "incometaxexpensebenefit": 147900000,
        "earningspersharebasic": 0.73,
        "earningspersharediluted": 0.72,
        "weightedaveragenumberofsharesoutstandingbasic": 608000000,
        "weightedaveragenumberdilutedsharesoutstandingadjustment": 3800000,
        "weightedaveragenumberofdilutedsharesoutstanding": 611800000
    },
    {
        "date": "2015-12-30",
        "symbol": "CTSH",
        "period": "Q4",
        "netincomeloss": 423400000,
        "othercomprehensiveincomeforeigncurrencytransactionandtranslationadjustmentnetoftaxportionattributabletoparent": -20700000,
        "othercomprehensiveincomederivativesqualifyingashedgesnetoftaxportionattributabletoparent": 32700000,
        "othercomprehensiveincomeavailableforsalesecuritiesadjustmentnetoftaxportionattributabletoparent": -4900000,
        "othercomprehensiveincomelossnetoftaxportionattributabletoparent": 7100000,
        "comprehensiveincomenetoftax": 430500000,
        "salesrevenuenet": 1913500000,
        "costofservicesexcludingdepreciationdepletionandamortization": 1933600000,
        "sellinggeneralandadministrativeexpense": 658700000,
        "depreciationandamortization": -5300000,
        "operatingincomeloss": 3357800000,
        "investmentincomeinterestanddividend": 27400000,
        "interestexpense": 4300000,
        "foreigncurrencytransactiongainlossbeforetax": -14200000,
        "othernonoperatingincomeexpense": -1100000,
        "nonoperatingincomeexpense": 7800000,
        "incomelossfromcontinuingoperationsbeforeincometaxesminorityinterestandincomelossfromequitymethodinvestments": 561200000,
        "incometaxexpensebenefit": 137800000,
        "earningspersharebasic": 0.7000000000000001,
        "earningspersharediluted": 0.6999999999999998,
        "weightedaveragenumberofsharesoutstandingbasic": -1219200000,
        "weightedaveragenumberdilutedsharesoutstandingadjustment": -8000000,
        "weightedaveragenumberofdilutedsharesoutstanding": -1227200000
    },
    {
        "date": "2015-09-29",
        "symbol": "CTSH",
        "period": "Q3",
        "netincomeloss": 397200000,
        "othercomprehensiveincomeforeigncurrencytransactionandtranslationadjustmentnetoftaxportionattributabletoparent": -16800000,
        "othercomprehensiveincomederivativesqualifyingashedgesnetoftaxportionattributabletoparent": -6800000,
        "othercomprehensiveincomeavailableforsalesecuritiesadjustmentnetoftaxportionattributabletoparent": 800000,
        "othercomprehensiveincomelossnetoftaxportionattributabletoparent": -22800000,
        "comprehensiveincomenetoftax": 374400000,
        "salesrevenuenet": 2510600000,
        "costofservicesexcludingdepreciationdepletionandamortization": 1934600000,
        "sellinggeneralandadministrativeexpense": 627100000,
        "depreciationandamortization": 82500000,
        "operatingincomeloss": 117300000,
        "investmentincomeinterestanddividend": 20700000,
        "interestexpense": 4300000,
        "foreigncurrencytransactiongainlossbeforetax": -15800000,
        "othernonoperatingincomeexpense": -400000,
        "nonoperatingincomeexpense": 200000,
        "incomelossfromcontinuingoperationsbeforeincometaxesminorityinterestandincomelossfromequitymethodinvestments": 543000000,
        "incometaxexpensebenefit": 145800000,
        "earningspersharebasic": 0.65,
        "earningspersharediluted": 0.65,
        "weightedaveragenumberofsharesoutstandingbasic": 608800000,
        "weightedaveragenumberdilutedsharesoutstandingadjustment": 3900000,
        "weightedaveragenumberofdilutedsharesoutstanding": 612700000
    },
    {
        "date": "2015-06-29",
        "symbol": "CTSH",
        "period": "Q2",
        "netincomeloss": 420100000,
        "othercomprehensiveincomeforeigncurrencytransactionandtranslationadjustmentnetoftaxportionattributabletoparent": 23200000,
        "othercomprehensiveincomederivativesqualifyingashedgesnetoftaxportionattributabletoparent": 6900000,
        "othercomprehensiveincomeavailableforsalesecuritiesadjustmentnetoftaxportionattributabletoparent": -1300000,
        "othercomprehensiveincomelossnetoftaxportionattributabletoparent": 28800000,
        "comprehensiveincomenetoftax": 448900000,
        "salesrevenuenet": 2423900000,
        "costofservicesexcludingdepreciationdepletionandamortization": 1844800000,
        "sellinggeneralandadministrativeexpense": 612000000,
        "depreciationandamortization": 82800000,
        "operatingincomeloss": 122900000,
        "investmentincomeinterestanddividend": 17600000,
        "interestexpense": 4100000,
        "foreigncurrencytransactiongainlossbeforetax": -10400000,
        "othernonoperatingincomeexpense": 200000,
        "nonoperatingincomeexpense": 3300000,
        "incomelossfromcontinuingoperationsbeforeincometaxesminorityinterestandincomelossfromequitymethodinvestments": 548800000,
        "incometaxexpensebenefit": 128700000,
        "earningspersharebasic": 0.69,
        "earningspersharediluted": 0.68,
        "weightedaveragenumberofsharesoutstandingbasic": 609900000,
        "weightedaveragenumberdilutedsharesoutstandingadjustment": 4000000,
        "weightedaveragenumberofdilutedsharesoutstanding": 613900000
    },
    {
        "date": "2015-03-30",
        "symbol": "CTSH",
        "period": "Q1",
        "netincomeloss": 382900000,
        "othercomprehensiveincomeforeigncurrencytransactionandtranslationadjustmentnetoftaxportionattributabletoparent": -40800000,
        "othercomprehensiveincomederivativesqualifyingashedgesnetoftaxportionattributabletoparent": 42200000,
        "othercomprehensiveincomeavailableforsalesecuritiesadjustmentnetoftaxportionattributabletoparent": 2400000,
        "othercomprehensiveincomelossnetoftaxportionattributabletoparent": 3800000,
        "comprehensiveincomenetoftax": 386700000,
        "salesrevenuenet": 2911400000,
        "costofservicesexcludingdepreciationdepletionandamortization": 1727200000,
        "sellinggeneralandadministrativeexpense": 610800000,
        "depreciationandamortization": 73100000,
        "operatingincomeloss": 500300000,
        "investmentincomeinterestanddividend": 18000000,
        "interestexpense": 5000000,
        "foreigncurrencytransactiongainlossbeforetax": -2200000,
        "othernonoperatingincomeexpense": -500000,
        "nonoperatingincomeexpense": 10300000,
        "incomelossfromcontinuingoperationsbeforeincometaxesminorityinterestandincomelossfromequitymethodinvestments": 510600000,
        "incometaxexpensebenefit": 127700000,
        "earningspersharebasic": 0.63,
        "earningspersharediluted": 0.62,
        "weightedaveragenumberofsharesoutstandingbasic": 609600000,
        "weightedaveragenumberdilutedsharesoutstandingadjustment": 4300000,
        "weightedaveragenumberofdilutedsharesoutstanding": 613900000
    },
    {
        "date": "2014-12-30",
        "symbol": "CTSH",
        "period": "Q4",
        "netincomeloss": 362857000,
        "othercomprehensiveincomeforeigncurrencytransactionandtranslationadjustmentnetoftaxportionattributabletoparent": -28019000,
        "othercomprehensiveincomederivativesqualifyingashedgesnetoftaxportionattributabletoparent": 29116000,
        "othercomprehensiveincomeavailableforsalesecuritiesadjustmentnetoftaxportionattributabletoparent": -507000,
        "othercomprehensiveincomelossnetoftaxportionattributabletoparent": 590000,
        "comprehensiveincomenetoftax": 363447000,
        "salesrevenuenet": 5355021000,
        "sellinggeneralandadministrativeexpense": 562622000,
        "depreciationandamortization": 33263000,
        "operatingincomeloss": 2730920000,
        "investmentincomeinterestanddividend": 17606000,
        "foreigncurrencytransactiongainlossbeforetax": -7185000,
        "othernonoperatingincomeexpense": -2095000,
        "nonoperatingincomeexpense": 5858000,
        "incomelossfromcontinuingoperationsbeforeincometaxesminorityinterestandincomelossfromequitymethodinvestments": 485266000,
        "incometaxexpensebenefit": 122409000,
        "earningspersharebasic": 0.6100000000000002,
        "earningspersharediluted": 0.5900000000000002,
        "weightedaveragenumberofsharesoutstandingbasic": -1215554000,
        "weightedaveragenumberdilutedsharesoutstandingadjustment": -9139000,
        "weightedaveragenumberofdilutedsharesoutstanding": -1224693000
    },
    {
        "date": "2014-09-29",
        "symbol": "CTSH",
        "period": "Q3",
        "netincomeloss": 355624000,
        "othercomprehensiveincomeforeigncurrencytransactionandtranslationadjustmentnetoftaxportionattributabletoparent": -31962000,
        "othercomprehensiveincomederivativesqualifyingashedgesnetoftaxportionattributabletoparent": 21565000,
        "othercomprehensiveincomeavailableforsalesecuritiesadjustmentnetoftaxportionattributabletoparent": -1801000,
        "othercomprehensiveincomelossnetoftaxportionattributabletoparent": -12198000,
        "comprehensiveincomenetoftax": 343426000,
        "salesrevenuenet": 1981229000,
        "costofservicesexcludingdepreciationdepletionandamortization": 1569828000,
        "sellinggeneralandadministrativeexpense": 506019000,
        "depreciationandamortization": 47649000,
        "operatingincomeloss": 200804000,
        "investmentincomeinterestanddividend": 17201000,
        "foreigncurrencytransactiongainlossbeforetax": -11222000,
        "othernonoperatingincomeexpense": 247000,
        "nonoperatingincomeexpense": 6226000,
        "incomelossfromcontinuingoperationsbeforeincometaxesminorityinterestandincomelossfromequitymethodinvestments": 463739000,
        "incometaxexpensebenefit": 108115000,
        "earningspersharebasic": 0.58,
        "earningspersharediluted": 0.58,
        "weightedaveragenumberofsharesoutstandingbasic": 608070000,
        "weightedaveragenumberdilutedsharesoutstandingadjustment": 4053000,
        "weightedaveragenumberofdilutedsharesoutstanding": 612123000
    },
    {
        "date": "2014-06-29",
        "symbol": "CTSH",
        "period": "Q2",
        "netincomeloss": 371908000,
        "othercomprehensiveincomeforeigncurrencytransactionandtranslationadjustmentnetoftaxportionattributabletoparent": -336000,
        "othercomprehensiveincomederivativesqualifyingashedgesnetoftaxportionattributabletoparent": 55520000,
        "othercomprehensiveincomeavailableforsalesecuritiesadjustmentnetoftaxportionattributabletoparent": 641000,
        "othercomprehensiveincomelossnetoftaxportionattributabletoparent": 55825000,
        "comprehensiveincomenetoftax": 427733000,
        "salesrevenuenet": 266009000,
        "costofrevenueexcludingdepreciationandamortization": 1499462000,
        "sellinggeneralandadministrativeexpense": 482985000,
        "depreciationandamortization": 46726000,
        "operatingincomeloss": 227326000,
        "investmentincomeinterestanddividend": 14132000,
        "foreigncurrencytransactiongainlossbeforetax": -752000,
        "othernonoperatingincomeexpense": 537000,
        "nonoperatingincomeexpense": 13917000,
        "incomelossfromcontinuingoperationsbeforeincometaxesminorityinterestandincomelossfromequitymethodinvestments": 501838000,
        "incometaxexpensebenefit": 129930000,
        "earningspersharebasic": 0.61,
        "earningspersharediluted": 0.61,
        "weightedaveragenumberofsharesoutstandingbasic": 607880000,
        "weightedaveragenumberdilutedsharesoutstandingadjustment": 4282000,
        "weightedaveragenumberofdilutedsharesoutstanding": 612162000
    },
    {
        "date": "2014-03-30",
        "symbol": "CTSH",
        "period": "Q1",
        "netincomeloss": 348878000,
        "othercomprehensiveincomeforeigncurrencytransactionandtranslationadjustmentnetoftaxportionattributabletoparent": 1472000,
        "othercomprehensiveincomederivativesqualifyingashedgesnetoftaxportionattributabletoparent": 107050000,
        "othercomprehensiveincomeavailableforsalesecuritiesadjustmentnetoftaxportionattributabletoparent": 452000,
        "othercomprehensiveincomelossnetoftaxportionattributabletoparent": 108974000,
        "comprehensiveincomenetoftax": 457852000,
        "salesrevenuenet": 277526000,
        "costofrevenueexcludingdepreciationandamortization": 1432444000,
        "sellinggeneralandadministrativeexpense": 485395000,
        "depreciationandamortization": 44473000,
        "operatingincomeloss": 89667000,
        "investmentincomeinterestanddividend": 13505000,
        "foreigncurrencytransactiongainlossbeforetax": -1217000,
        "othernonoperatingincomeexpense": 864000,
        "nonoperatingincomeexpense": 13152000,
        "incomelossfromcontinuingoperationsbeforeincometaxesminorityinterestandincomelossfromequitymethodinvestments": 473188000,
        "incometaxexpensebenefit": 124310000,
        "earningspersharebasic": 0.57,
        "earningspersharediluted": 0.57,
        "weightedaveragenumberofsharesoutstandingbasic": 607730000,
        "weightedaveragenumberdilutedsharesoutstandingadjustment": 5167000,
        "weightedaveragenumberofdilutedsharesoutstanding": 612897000
    },
    {
        "date": "2013-12-30",
        "symbol": "CTSH",
        "period": "Q4",
        "netincomeloss": 324332000,
        "comprehensiveincomenetoftax": 423162000,
        "salesrevenuenet": -2913620000,
        "costofrevenueexcludingdepreciationandamortization": 2593568000,
        "sellinggeneralandadministrativeexpense": 859915000,
        "depreciationandamortization": 29469000,
        "operatingincomeloss": -358732000,
        "investmentincomeinterestanddividend": 11873000,
        "othernonoperatingincomeexpense": -8575000,
        "nonoperatingincomeexpense": 3298000,
        "incomelossfromcontinuingoperationsbeforeincometaxesminorityinterestandincomelossfromequitymethodinvestments": 451139000,
        "incometaxexpensebenefit": 222874000,
        "earningspersharebasic": 1.0700000000000003,
        "earningspersharediluted": 1.0600000000000005,
        "weightedaveragenumberofsharesoutstandingbasic": -603149000,
        "weightedaveragenumberdilutedsharesoutstandingadjustment": -5917000,
        "weightedaveragenumberofdilutedsharesoutstanding": -609066000
    },
    {
        "date": "2013-09-29",
        "symbol": "CTSH",
        "period": "Q3",
        "netincomeloss": 319627000,
        "othercomprehensiveincomeforeigncurrencytransactionandtranslationadjustmentnetoftaxportionattributabletoparent": 25346000,
        "othercomprehensiveincomederivativesqualifyingashedgesnetoftaxportionattributabletoparent": -77067000,
        "othercomprehensiveincomeavailableforsalesecuritiesadjustmentnetoftaxportionattributabletoparent": 1234000,
        "othercomprehensiveincomelossnetoftaxportionattributabletoparent": -50487000,
        "comprehensiveincomenetoftax": 269140000,
        "salesrevenuenet": 599947000,
        "costofrevenueexcludingdepreciationandamortization": 1382336000,
        "sellinggeneralandadministrativeexpense": 443376000,
        "depreciationandamortization": 42652000,
        "operatingincomeloss": 177075000,
        "investmentincomeinterestanddividend": 10696000,
        "othernonoperatingincomeexpense": -8857000,
        "nonoperatingincomeexpense": 1839000,
        "incomelossfromcontinuingoperationsbeforeincometaxesminorityinterestandincomelossfromequitymethodinvestments": 439198000,
        "incometaxexpensebenefit": 119571000,
        "earningspersharebasic": 1.06,
        "earningspersharediluted": 1.05,
        "weightedaveragenumberofsharesoutstandingbasic": 301632000,
        "weightedaveragenumberdilutedsharesoutstandingadjustment": 2643000,
        "weightedaveragenumberofdilutedsharesoutstanding": 304275000
    },
    {
        "date": "2013-06-29",
        "symbol": "CTSH",
        "period": "Q2",
        "salesrevenuenet": 2161240000,
        "costofrevenueexcludingdepreciationandamortization": 1272013000,
        "sellinggeneralandadministrativeexpense": 420526000,
        "depreciationandamortization": 41898000,
        "operatingincomeloss": 749362000,
        "investmentincomeinterestanddividend": 13080000,
        "othernonoperatingincomeexpense": -19486000,
        "nonoperatingincomeexpense": -6406000,
        "incomelossfromcontinuingoperationsbeforeincometaxesminorityinterestandincomelossfromequitymethodinvestments": 420397000,
        "incometaxexpensebenefit": 119987000,
        "netincomeloss": 300410000,
        "earningspersharebasic": 1,
        "earningspersharediluted": 0.99,
        "weightedaveragenumberofsharesoutstandingbasic": 301670000,
        "weightedaveragenumberdilutedsharesoutstandingadjustment": 2776000,
        "weightedaveragenumberofdilutedsharesoutstanding": 304446000,
        "othercomprehensiveincomeforeigncurrencytransactionandtranslationadjustmentnetoftaxportionattributabletoparent": -575000,
        "othercomprehensiveincomederivativesqualifyingashedgesnetoftaxportionattributabletoparent": -113239000,
        "othercomprehensiveincomeavailableforsalesecuritiesadjustmentnetoftaxportionattributabletoparent": -2357000,
        "othercomprehensiveincomelossnetoftaxportionattributabletoparent": -116171000,
        "comprehensiveincomenetoftax": 184239000
    },
    {
        "date": "2013-03-30",
        "symbol": "CTSH",
        "period": "Q1",
        "salesrevenuenet": 2020738000,
        "costofrevenueexcludingdepreciationandamortization": 17552000,
        "sellinggeneralandadministrativeexpense": 3792000,
        "depreciationandamortization": 41662000,
        "operatingincomeloss": 644394000,
        "investmentincomeinterestanddividend": 13247000,
        "othernonoperatingincomeexpense": -1971000,
        "nonoperatingincomeexpense": 11276000,
        "incomelossfromcontinuingoperationsbeforeincometaxesminorityinterestandincomelossfromequitymethodinvestments": 377183000,
        "incometaxexpensebenefit": -3093000,
        "netincomeloss": 284209000,
        "earningspersharebasic": 0.94,
        "earningspersharediluted": 0.93,
        "weightedaveragenumberofsharesoutstandingbasic": 301854000,
        "weightedaveragenumberdilutedsharesoutstandingadjustment": 3322000,
        "weightedaveragenumberofdilutedsharesoutstanding": 305176000,
        "othercomprehensiveincomelossforeigncurrencytransactionandtranslationadjustmentnetoftax": -19588000,
        "othercomprehensiveincomeunrealizedgainlossonderivativesarisingduringperiodnetoftax": 51150000,
        "othercomprehensiveincomeunrealizedholdinggainlossonsecuritiesarisingduringperiodnetoftax": -310000,
        "othercomprehensiveincomelossnetoftax": -19588000,
        "comprehensiveincomenetoftax": 315461000,
        "othercomprehensiveincomeunrealizedgainlossonderivativesarisingduringperiodtax": 8859000,
        "othercomprehensiveincomeunrealizedholdinggainlossonsecuritiesarisingduringperiodtax": -195000
    },
    {
        "date": "2012-09-29",
        "symbol": "CTSH",
        "period": "Q3",
        "salesrevenuenet": 1891688000,
        "costofrevenueexcludingdepreciationandamortization": 1111898000,
        "sellinggeneralandadministrativeexpense": 384951000,
        "depreciationandamortization": 39453000,
        "operatingincomeloss": 652529000,
        "investmentincomeinterestanddividend": 12041000,
        "othernonoperatingincomeexpense": -3044000,
        "nonoperatingincomeexpense": 8997000,
        "incomelossfromcontinuingoperationsbeforeincometaxesminorityinterestandincomelossfromequitymethodinvestments": 364383000,
        "incometaxexpensebenefit": 87482000,
        "netincomeloss": 276901000,
        "earningspersharebasic": 0.93,
        "earningspersharediluted": 0.91,
        "weightedaveragenumberofsharesoutstandingbasic": 299058000,
        "weightedaveragenumberdilutedsharesoutstandingadjustment": 4074000,
        "weightedaveragenumberofdilutedsharesoutstanding": 303132000,
        "othercomprehensiveincomelossforeigncurrencytransactionandtranslationadjustmentnetoftax": 6669000,
        "othercomprehensiveincomeunrealizedgainlossonderivativesarisingduringperiodnetoftax": 198549000,
        "othercomprehensiveincomeunrealizedholdinggainlossonsecuritiesarisingduringperiodnetoftax": 1480000,
        "othercomprehensiveincomelossnetoftax": 206698000,
        "comprehensiveincomenetoftax": 483599000,
        "othercomprehensiveincomeunrealizedgainlossonderivativesarisingduringperiodtax": 38761000,
        "othercomprehensiveincomeunrealizedholdinggainlossonsecuritiesarisingduringperiodtax": 254000
    },
    {
        "date": "2012-06-29",
        "symbol": "CTSH",
        "period": "Q2",
        "salesrevenuenet": 1795220000,
        "costofrevenueexcludingdepreciationandamortization": 1030889000,
        "sellinggeneralandadministrativeexpense": 396771000,
        "depreciationandamortization": 35602000,
        "operatingincomeloss": 643114000,
        "investmentincomeinterestanddividend": 9984000,
        "othernonoperatingincomeexpense": -6850000,
        "nonoperatingincomeexpense": 3134000,
        "incomelossfromcontinuingoperationsbeforeincometaxesminorityinterestandincomelossfromequitymethodinvestments": 335092000,
        "incometaxexpensebenefit": 83160000,
        "netincomeloss": 251932000,
        "earningspersharebasic": 0.83,
        "earningspersharediluted": 0.82,
        "weightedaveragenumberofsharesoutstandingbasic": 302225000,
        "weightedaveragenumberdilutedsharesoutstandingadjustment": 5101000,
        "weightedaveragenumberofdilutedsharesoutstanding": 307326000,
        "othercomprehensiveincomelossforeigncurrencytransactionandtranslationadjustmentnetoftax": -9380000,
        "othercomprehensiveincomeunrealizedgainlossonderivativesarisingduringperiodnetoftax": -193578000,
        "othercomprehensiveincomeunrealizedholdinggainlossonsecuritiesarisingduringperiodnetoftax": -452000,
        "othercomprehensiveincomelossnetoftax": -203410000,
        "comprehensiveincomenetoftax": 48522000,
        "othercomprehensiveincomeunrealizedgainlossonderivativesarisingduringperiodtax": -37791000,
        "othercomprehensiveincomeunrealizedholdinggainlossonsecuritiesarisingduringperiodtax": -133000
    },
    {
        "date": "2012-03-30",
        "symbol": "CTSH",
        "period": "Q1",
        "salesrevenuenet": 1711349000,
        "costofrevenueexcludingdepreciationandamortization": 984520000,
        "sellinggeneralandadministrativeexpense": 374178000,
        "depreciationandamortization": 34752000,
        "operatingincomeloss": 613211000,
        "investmentincomeinterestanddividend": 11072000,
        "othernonoperatingincomeexpense": -6694000,
        "nonoperatingincomeexpense": 4378000,
        "incomelossfromcontinuingoperationsbeforeincometaxesminorityinterestandincomelossfromequitymethodinvestments": 322277000,
        "incometaxexpensebenefit": 78626000,
        "netincomeloss": 243651000,
        "earningspersharebasic": 0.8,
        "earningspersharediluted": 0.79,
        "weightedaveragenumberofsharesoutstandingbasic": 303428000,
        "weightedaveragenumberdilutedsharesoutstandingadjustment": 5780000,
        "weightedaveragenumberofdilutedsharesoutstanding": 309208000,
        "othercomprehensiveincomelossforeigncurrencytransactionandtranslationadjustmentnetoftax": 11634000,
        "othercomprehensiveincomeunrealizedgainlossonderivativesarisingduringperiodnetoftax": 119892000,
        "othercomprehensiveincomeunrealizedholdinggainlossonsecuritiesarisingduringperiodnetoftax": 537000,
        "othercomprehensiveincomelossnetoftax": 132063000,
        "comprehensiveincomenetoftax": 375714000,
        "othercomprehensiveincomeunrealizedgainlossonderivativesarisingduringperiodtax": 22942000,
        "othercomprehensiveincomeunrealizedholdinggainlossonsecuritiesarisingduringperiodtax": 180000
    },
    {
        "date": "2011-09-29",
        "symbol": "CTSH",
        "period": "Q3",
        "salesrevenuenet": 1600954000,
        "costofrevenueexcludingdepreciationandamortization": 924886000,
        "sellinggeneralandadministrativeexpense": 353161000,
        "depreciationandamortization": 29905000,
        "operatingincomeloss": 573139000,
        "investmentincomeinterestanddividend": 9970000,
        "othernonoperatingincomeexpense": -15008000,
        "nonoperatingincomeexpense": -5038000,
        "incomelossfromcontinuingoperationsbeforeincometaxesminorityinterestandincomelossfromequitymethodinvestments": 287964000,
        "incometaxexpensebenefit": 60845000,
        "netincomeloss": 227119000,
        "earningspersharebasic": 0.75,
        "earningspersharediluted": 0.73,
        "weightedaveragenumberofsharesoutstandingbasic": 302723000,
        "weightedaveragenumberdilutedsharesoutstandingadjustment": 6574000,
        "weightedaveragenumberofdilutedsharesoutstanding": 309297000
    },
    {
        "date": "2011-06-29",
        "symbol": "CTSH",
        "period": "Q2",
        "salesrevenuenet": 1485242000,
        "costofrevenueexcludingdepreciationandamortization": 860871000,
        "sellinggeneralandadministrativeexpense": 326718000,
        "depreciationandamortization": 27695000,
        "operatingincomeloss": 508362000,
        "investmentincomeinterestanddividend": 9474000,
        "othernonoperatingincomeexpense": -1827000,
        "nonoperatingincomeexpense": 7647000,
        "incomelossfromcontinuingoperationsbeforeincometaxesminorityinterestandincomelossfromequitymethodinvestments": 277605000,
        "incometaxexpensebenefit": 69560000,
        "netincomeloss": 208045000,
        "earningspersharebasic": 0.68,
        "earningspersharediluted": 0.67,
        "weightedaveragenumberofsharesoutstandingbasic": 303989000,
        "weightedaveragenumberdilutedsharesoutstandingadjustment": 7488000,
        "weightedaveragenumberofdilutedsharesoutstanding": 311477000
    },
    {
        "date": "2011-03-30",
        "symbol": "CTSH",
        "period": "Q1",
        "salesrevenuenet": 1371253000,
        "costofrevenueexcludingdepreciationandamortization": 782176000,
        "sellinggeneralandadministrativeexpense": 296330000,
        "depreciationandamortization": 27382000,
        "operatingincomeloss": 265365000,
        "investmentincomeinterestanddividend": 8937000,
        "othernonoperatingincomeexpense": 6198000,
        "nonoperatingincomeexpense": 15135000,
        "incomelossfromcontinuingoperationsbeforeincometaxesminorityinterestandincomelossfromequitymethodinvestments": 280500000,
        "incometaxexpensebenefit": 72173000,
        "netincomeloss": 208327000,
        "earningspersharebasic": 0.69,
        "earningspersharediluted": 0.67,
        "weightedaveragenumberofsharesoutstandingbasic": 304041000,
        "weightedaveragenumberdilutedsharesoutstandingadjustment": 7762000,
        "weightedaveragenumberofdilutedsharesoutstanding": 311803000
    },
    {
        "date": "2010-09-29",
        "symbol": "CTSH",
        "period": "Q3",
        "salesrevenuenet": 153503000,
        "costofrevenueexcludingdepreciationandamortization": 699623000,
        "sellinggeneralandadministrativeexpense": 262632000,
        "depreciationandamortization": 26359000,
        "operatingincomeloss": 228299000,
        "investmentincomeinterestanddividend": 7053000,
        "othernonoperatingincomeexpense": 7924000,
        "nonoperatingincomeexpense": 14977000,
        "incomelossfromcontinuingoperationsbeforeincometaxesminorityinterestandincomelossfromequitymethodinvestments": 243276000,
        "incometaxexpensebenefit": 39577000,
        "netincomeloss": 203699000,
        "earningspersharebasic": 0.68,
        "earningspersharediluted": 0.66,
        "weightedaveragenumberofsharesoutstandingbasic": 301717000,
        "weightedaveragenumberdilutedsharesoutstandingadjustment": 7902000,
        "weightedaveragenumberofdilutedsharesoutstanding": 309619000
    },
    {
        "date": "2010-06-29",
        "symbol": "CTSH",
        "period": "Q2",
        "salesrevenuenet": 203117000,
        "costofrevenueexcludingdepreciationandamortization": 641019000,
        "sellinggeneralandadministrativeexpense": 234547000,
        "depreciationandamortization": 23673000,
        "operatingincomeloss": 205915000,
        "investmentincomeinterestanddividend": 6547000,
        "othernonoperatingincomeexpense": -4454000,
        "nonoperatingincomeexpense": 2093000,
        "incomelossfromcontinuingoperationsbeforeincometaxesminorityinterestandincomelossfromequitymethodinvestments": 208008000,
        "incometaxexpensebenefit": 35833000,
        "netincomeloss": 172175000,
        "earningspersharebasic": 0.57,
        "earningspersharediluted": 0.56,
        "weightedaveragenumberofsharesoutstandingbasic": 299889000,
        "weightedaveragenumberdilutedsharesoutstandingadjustment": 8598000,
        "weightedaveragenumberofdilutedsharesoutstanding": 308487000
    },
    {
        "date": "2010-03-30",
        "symbol": "CTSH",
        "period": "Q1",
        "salesrevenuenet": 959720000,
        "costofrevenueexcludingdepreciationandamortization": 555904000,
        "sellinggeneralandadministrativeexpense": 194993000,
        "depreciationandamortization": 25806000,
        "operatingincomeloss": 183017000,
        "investmentincomeinterestanddividend": 6054000,
        "othernonoperatingincomeexpense": -10319000,
        "nonoperatingincomeexpense": -4265000,
        "incomelossfromcontinuingoperationsbeforeincometaxesminorityinterestandincomelossfromequitymethodinvestments": 178752000,
        "incometaxexpensebenefit": 27252000,
        "netincomeloss": 151500000,
        "earningspersharebasic": 0.51,
        "earningspersharediluted": 0.49,
        "weightedaveragenumberofsharesoutstandingbasic": 297885000,
        "weightedaveragenumberdilutedsharesoutstandingadjustment": 8779000,
        "weightedaveragenumberofdilutedsharesoutstanding": 306664000
    },
    {
        "date": "2009-09-29",
        "symbol": "CTSH",
        "period": "Q3",
        "salesrevenuenet": 853488000,
        "costofrevenueexcludingdepreciationandamortization": 475599000,
        "sellinggeneralandadministrativeexpense": 193806000,
        "depreciationandamortization": 22301000,
        "operatingincomeloss": 161782000,
        "investmentincomeinterestanddividend": 4664000,
        "othernonoperatingincomeexpense": -2747000,
        "nonoperatingincomeexpense": 1917000,
        "incomelossfromcontinuingoperationsbeforeincometaxesminorityinterestandincomelossfromequitymethodinvestments": 163699000,
        "incometaxexpensebenefit": 27127000,
        "netincomeloss": 136572000,
        "earningspersharebasic": 0.47,
        "earningspersharediluted": 0.45,
        "weightedaveragenumberofsharesoutstandingbasic": 293664000,
        "weightedaveragenumberdilutedsharesoutstandingadjustment": 8918000,
        "weightedaveragenumberofdilutedsharesoutstanding": 302582000,
        "othercomprehensiveincomeforeigncurrencytransactionandtranslationadjustmentnetoftaxperiodincreasedecrease": 1450000,
        "othercomprehensiveincomeunrealizedgainlossonderivativesarisingduringperiodnetoftax": -2980000,
        "comprehensiveincomenetoftax": 135042000,
        "othercomprehensiveincomeunrealizedgainlossonderivativesarisingduringperiodtax": -115000
    }
]