[
    {
        "date": "2024-09-27",
        "symbol": "ZBRA",
        "period": "Q3",
        "revenuefromcontractwithcustomerexcludingassessedtax": 1255000000,
        "costofgoodsandservicessold": 642000000,
        "grossprofit": 613000000,
        "sellingandmarketingexpense": 151000000,
        "researchanddevelopmentexpense": 141000000,
        "generalandadministrativeexpense": 96000000,
        "amortizationofintangibleassets": 29000000,
        "businesscombinationacquisitionrelatedcosts": 1000000,
        "restructuringcharges": 4000000,
        "operatingexpenses": 422000000,
        "operatingincomeloss": 191000000,
        "foreigncurrencytransactiongainlossbeforetax": -9000000,
        "interestincomeexpensenonoperatingnet": -31000000,
        "othernonoperatingincomeexpense": -2000000,
        "nonoperatingincomeexpense": -42000000,
        "incomelossfromcontinuingoperationsbeforeincometaxesextraordinaryitemsnoncontrollinginterest": 149000000,
        "incometaxexpensebenefit": 12000000,
        "netincomeloss": 137000000,
        "earningspersharebasic": 2.65,
        "earningspersharediluted": 2.64,
        "othercomprehensiveincomelossderivativeexcludedcomponentincreasedecreaseadjustmentsaftertax": 16000000,
        "othercomprehensiveincomeforeigncurrencytransactionandtranslationadjustmentnetoftaxportionattributabletoparent": 9000000,
        "comprehensiveincomenetoftax": 130000000
    },
    {
        "date": "2024-06-28",
        "symbol": "ZBRA",
        "period": "Q2",
        "revenuefromcontractwithcustomerexcludingassessedtax": 983000000,
        "costofgoodsandservicessold": 515000000,
        "grossprofit": 589000000,
        "sellingandmarketingexpense": 150000000,
        "researchanddevelopmentexpense": 146000000,
        "generalandadministrativeexpense": 97000000,
        "amortizationofintangibleassets": 25000000,
        "businesscombinationacquisitionrelatedcosts": 1000000,
        "restructuringcharges": 3000000,
        "operatingexpenses": 422000000,
        "operatingincomeloss": 167000000,
        "foreigncurrencytransactiongainlossbeforetax": 0,
        "othernonoperatingincomeexpense": -8000000,
        "nonoperatingincomeexpense": -31000000,
        "incomelossfromcontinuingoperationsbeforeincometaxesextraordinaryitemsnoncontrollinginterest": 136000000,
        "incometaxexpensebenefit": 23000000,
        "netincomeloss": 113000000,
        "earningspersharebasic": 2.1899999999999995,
        "earningspersharediluted": 2.1700000000000004,
        "othercomprehensiveincomelossderivativeexcludedcomponentincreasedecreaseadjustmentsaftertax": -1000000,
        "othercomprehensiveincomeforeigncurrencytransactionandtranslationadjustmentnetoftaxportionattributabletoparent": -3000000,
        "comprehensiveincomenetoftax": 111000000
    },
    {
        "date": "2024-03-29",
        "symbol": "ZBRA",
        "period": "Q1",
        "revenuefromcontractwithcustomerexcludingassessedtax": 929000000,
        "costofgoodsandservicessold": 498000000,
        "grossprofit": 563000000,
        "sellingandmarketingexpense": 148000000,
        "researchanddevelopmentexpense": 138000000,
        "generalandadministrativeexpense": 81000000,
        "amortizationofintangibleassets": 26000000,
        "businesscombinationacquisitionrelatedcosts": 1000000,
        "restructuringcharges": 10000000,
        "operatingexpenses": 404000000,
        "operatingincomeloss": 159000000,
        "foreigncurrencytransactiongainlossbeforetax": 3000000,
        "interestincomeexpensenet": -17000000,
        "othernonoperatingincomeexpense": -3000000,
        "nonoperatingincomeexpense": -17000000,
        "incomelossfromcontinuingoperationsbeforeincometaxesextraordinaryitemsnoncontrollinginterest": 142000000,
        "incometaxexpensebenefit": 27000000,
        "netincomeloss": 115000000,
        "earningspersharebasic": 2.24,
        "earningspersharediluted": 2.23,
        "othercomprehensiveincomelossderivativeexcludedcomponentincreasedecreaseadjustmentsaftertax": -9000000,
        "othercomprehensiveincomeforeigncurrencytransactionandtranslationadjustmentnetoftaxportionattributabletoparent": -5000000,
        "comprehensiveincomenetoftax": 119000000
    },
    {
        "date": "2023-12-30",
        "symbol": "ZBRA",
        "period": "Q4",
        "revenuefromcontractwithcustomerexcludingassessedtax": 2777000000,
        "costofgoodsandservicessold": 222000000,
        "grossprofit": 448000000,
        "sellingandmarketingexpense": 136000000,
        "researchanddevelopmentexpense": 116000000,
        "generalandadministrativeexpense": 78000000,
        "amortizationofintangibleassets": 26000000,
        "restructuringcharges": 16000000,
        "operatingexpenses": 374000000,
        "operatingincomeloss": 572000000,
        "foreigncurrencytransactiongainlossbeforetax": -4000000,
        "othernonoperatingincomeexpense": -4000000,
        "nonoperatingincomeexpense": -72000000,
        "incomelossfromcontinuingoperationsbeforeincometaxesextraordinaryitemsnoncontrollinginterest": 2000000,
        "incometaxexpensebenefit": -15000000,
        "netincomeloss": 17000000,
        "earningspersharebasic": 0.3100000000000005,
        "earningspersharediluted": 0.3200000000000003,
        "othercomprehensiveincomelossderivativeexcludedcomponentincreasedecreaseadjustmentsaftertax": 18000000,
        "othercomprehensiveincomeforeigncurrencytransactionandtranslationadjustmentnetoftaxportionattributabletoparent": 8000000,
        "comprehensiveincomenetoftax": 7000000
    },
    {
        "date": "2023-09-29",
        "symbol": "ZBRA",
        "period": "Q3",
        "revenuefromcontractwithcustomerexcludingassessedtax": 729000000,
        "costofgoodsandservicessold": 419000000,
        "grossprofit": 427000000,
        "sellingandmarketingexpense": 138000000,
        "researchanddevelopmentexpense": 127000000,
        "generalandadministrativeexpense": 88000000,
        "amortizationofintangibleassets": 26000000,
        "businesscombinationacquisitionrelatedcosts": 2000000,
        "restructuringcharges": 58000000,
        "operatingexpenses": 439000000,
        "operatingincomeloss": -12000000,
        "foreigncurrencytransactiongainlossbeforetax": 6000000,
        "interestincomeexpensenet": -16000000,
        "othernonoperatingincomeexpense": -2000000,
        "nonoperatingincomeexpense": -12000000,
        "incomelossfromcontinuingoperationsbeforeincometaxesextraordinaryitemsnoncontrollinginterest": -24000000,
        "incometaxexpensebenefit": -9000000,
        "netincomeloss": -15000000,
        "earningspersharebasic": -0.28,
        "earningspersharediluted": -0.28,
        "othercomprehensiveincomelossderivativeexcludedcomponentincreasedecreaseadjustmentsaftertax": -23000000,
        "othercomprehensiveincomeforeigncurrencytransactionandtranslationadjustmentnetoftaxportionattributabletoparent": -7000000,
        "comprehensiveincomenetoftax": 1000000
    },
    {
        "date": "2023-06-30",
        "symbol": "ZBRA",
        "period": "Q2",
        "revenuefromcontractwithcustomerexcludingassessedtax": 76000000,
        "costofgoodsandservicessold": 633000000,
        "grossprofit": 581000000,
        "sellingandmarketingexpense": 146000000,
        "researchanddevelopmentexpense": 130000000,
        "generalandadministrativeexpense": 69000000,
        "amortizationofintangibleassets": 26000000,
        "businesscombinationacquisitionrelatedcosts": 2000000,
        "restructuringcharges": 14000000,
        "operatingexpenses": 387000000,
        "operatingincomeloss": -42000000,
        "foreigncurrencytransactiongainlossbeforetax": -5000000,
        "interestincomeexpensenet": -16000000,
        "othernonoperatingincomeexpense": -2000000,
        "nonoperatingincomeexpense": -23000000,
        "incomelossfromcontinuingoperationsbeforeincometaxesextraordinaryitemsnoncontrollinginterest": 171000000,
        "incometaxexpensebenefit": 27000000,
        "netincomeloss": 144000000,
        "earningspersharebasic": 2.8,
        "earningspersharediluted": 2.78,
        "othercomprehensiveincomelossderivativeexcludedcomponentincreasedecreaseadjustmentsaftertax": -4000000,
        "othercomprehensiveincomeforeigncurrencytransactionandtranslationadjustmentnetoftaxportionattributabletoparent": 2000000,
        "comprehensiveincomenetoftax": 150000000
    },
    {
        "date": "2023-03-31",
        "symbol": "ZBRA",
        "period": "Q1",
        "revenuefromcontractwithcustomerexcludingassessedtax": 83000000,
        "costofgoodsandservicessold": 738000000,
        "grossprofit": 667000000,
        "sellingandmarketingexpense": 161000000,
        "researchanddevelopmentexpense": 146000000,
        "generalandadministrativeexpense": 99000000,
        "amortizationofintangibleassets": 26000000,
        "restructuringcharges": 10000000,
        "operatingexpenses": 442000000,
        "operatingincomeloss": -37000000,
        "foreigncurrencytransactiongainlossbeforetax": 1000000,
        "interestincomeexpensenet": -37000000,
        "othernonoperatingincomeexpense": -4000000,
        "nonoperatingincomeexpense": -40000000,
        "incomelossfromcontinuingoperationsbeforeincometaxesextraordinaryitemsnoncontrollinginterest": 185000000,
        "incometaxexpensebenefit": 35000000,
        "netincomeloss": 150000000,
        "earningspersharebasic": 2.92,
        "earningspersharediluted": 2.9,
        "othercomprehensiveincomelossderivativeexcludedcomponentincreasedecreaseadjustmentsaftertax": 3000000,
        "othercomprehensiveincomeforeigncurrencytransactionandtranslationadjustmentnetoftaxportionattributabletoparent": 3000000,
        "comprehensiveincomenetoftax": 150000000
    },
    {
        "date": "2022-12-30",
        "symbol": "ZBRA",
        "period": "Q4",
        "revenuefromcontractwithcustomerexcludingassessedtax": 1753000000,
        "costofgoodsandservicessold": 818000000,
        "grossprofit": 685000000,
        "sellingandmarketingexpense": 155000000,
        "researchanddevelopmentexpense": 142000000,
        "generalandadministrativeexpense": 87000000,
        "amortizationofintangibleassets": 29000000,
        "businesscombinationacquisitionrelatedcosts": 2000000,
        "operatingexpenses": 425000000,
        "operatingincomeloss": -41000000,
        "nonoperatingincomeexpense": -35000000,
        "incomelossfromcontinuingoperationsbeforeincometaxesextraordinaryitemsnoncontrollinginterest": 225000000,
        "incometaxexpensebenefit": 39000000,
        "netincomeloss": 186000000,
        "earningspersharebasic": 3.569999999999999,
        "earningspersharediluted": 3.5500000000000007,
        "othercomprehensiveincomelossderivativeexcludedcomponentincreasedecreaseadjustmentsaftertax": 40000000,
        "othercomprehensiveincomeforeigncurrencytransactionandtranslationadjustmentnetoftaxportionattributabletoparent": 8000000,
        "comprehensiveincomenetoftax": 154000000
    },
    {
        "date": "2022-09-30",
        "symbol": "ZBRA",
        "period": "Q3",
        "revenuefromcontractwithcustomerexcludingassessedtax": 74000000,
        "costofgoodsandservicessold": 750000000,
        "grossprofit": 628000000,
        "sellingandmarketingexpense": 149000000,
        "researchanddevelopmentexpense": 143000000,
        "generalandadministrativeexpense": 92000000,
        "amortizationofintangibleassets": 39000000,
        "businesscombinationacquisitionrelatedcosts": 1000000,
        "operatingexpenses": 426000000,
        "operatingincomeloss": -42000000,
        "foreigncurrencytransactiongainlossbeforetax": 0,
        "nonoperatingincomeexpense": 20000000,
        "incomelossfromcontinuingoperationsbeforeincometaxesextraordinaryitemsnoncontrollinginterest": 222000000,
        "incometaxexpensebenefit": 52000000,
        "netincomeloss": 170000000,
        "earningspersharebasic": 3.3000000000000003,
        "earningspersharediluted": 3.29,
        "othercomprehensiveincomelossderivativeexcludedcomponentincreasedecreaseadjustmentsaftertax": 1000000,
        "othercomprehensiveincomeforeigncurrencytransactionandtranslationadjustmentnetoftaxportionattributabletoparent": -5000000,
        "comprehensiveincomenetoftax": 164000000
    },
    {
        "date": "2022-07-01",
        "symbol": "ZBRA",
        "period": "Q2",
        "revenuefromcontractwithcustomerexcludingassessedtax": 81000000,
        "costofgoodsandservicessold": 794000000,
        "grossprofit": 674000000,
        "sellingandmarketingexpense": 151000000,
        "researchanddevelopmentexpense": 148000000,
        "generalandadministrativeexpense": 97000000,
        "gainlossrelatedtolitigationsettlement": -360000000,
        "amortizationofintangibleassets": 35000000,
        "businesscombinationacquisitionrelatedcosts": 14000000,
        "restructuringcharges": 2000000,
        "operatingexpenses": 819000000,
        "operatingincomeloss": -423000000,
        "foreigncurrencytransactiongainlossbeforetax": -3000000,
        "interestincomeexpensenet": -3000000,
        "othernonoperatingincomeexpense": -2000000,
        "nonoperatingincomeexpense": -8000000,
        "incomelossfromcontinuingoperationsbeforeincometaxesextraordinaryitemsnoncontrollinginterest": -153000000,
        "incometaxexpensebenefit": -55000000,
        "netincomeloss": -98000000,
        "earningspersharebasic": -1.87,
        "earningspersharediluted": -1.87,
        "othercomprehensiveincomelossderivativeexcludedcomponentincreasedecreaseadjustmentsaftertax": -7000000,
        "othercomprehensiveincomeforeigncurrencytransactionandtranslationadjustmentnetoftaxportionattributabletoparent": -6000000,
        "comprehensiveincomenetoftax": -97000000
    },
    {
        "date": "2022-04-01",
        "symbol": "ZBRA",
        "period": "Q1",
        "revenuefromcontractwithcustomerexcludingassessedtax": 84000000,
        "costofgoodsandservicessold": 795000000,
        "grossprofit": 637000000,
        "sellingandmarketingexpense": 152000000,
        "researchanddevelopmentexpense": 137000000,
        "generalandadministrativeexpense": 99000000,
        "amortizationofintangibleassets": 33000000,
        "businesscombinationacquisitionrelatedcosts": 4000000,
        "operatingexpenses": 425000000,
        "operatingincomeloss": -37000000,
        "foreigncurrencytransactiongainlossbeforetax": 8000000,
        "investmentincomeinterest": 30000000,
        "nonoperatingincomeexpense": 38000000,
        "incomelossfromcontinuingoperationsbeforeincometaxesextraordinaryitemsnoncontrollinginterest": 250000000,
        "incometaxexpensebenefit": 45000000,
        "netincomeloss": 205000000,
        "earningspersharebasic": 3.86,
        "earningspersharediluted": 3.83,
        "othercomprehensiveincomelossderivativeexcludedcomponentincreasedecreaseadjustmentsaftertax": -5000000,
        "othercomprehensiveincomeforeigncurrencytransactionandtranslationadjustmentnetoftaxportionattributabletoparent": -5000000,
        "comprehensiveincomenetoftax": 205000000
    },
    {
        "date": "2021-12-30",
        "symbol": "ZBRA",
        "period": "Q4",
        "revenuefromcontractwithcustomerexcludingassessedtax": 1740000000,
        "costofgoodsandservicessold": 798000000,
        "grossprofit": 669000000,
        "sellingandmarketingexpense": 157000000,
        "researchanddevelopmentexpense": 145000000,
        "generalandadministrativeexpense": 89000000,
        "amortizationofintangibleassets": 34000000,
        "businesscombinationacquisitionrelatedcosts": 14000000,
        "operatingexpenses": 446000000,
        "operatingincomeloss": -55000000,
        "foreigncurrencytransactiongainlossbeforetax": -2000000,
        "nonoperatingincomeexpense": 3000000,
        "incomelossfromcontinuingoperationsbeforeincometaxesextraordinaryitemsnoncontrollinginterest": 226000000,
        "incometaxexpensebenefit": 35000000,
        "netincomeloss": 191000000,
        "earningspersharebasic": 3.58,
        "earningspersharediluted": 3.539999999999999,
        "comprehensiveincomenetoftax": 190000000
    },
    {
        "date": "2021-10-01",
        "symbol": "ZBRA",
        "period": "Q3",
        "revenuefromcontractwithcustomerexcludingassessedtax": 69000000,
        "costofgoodsandservicessold": 790000000,
        "grossprofit": 646000000,
        "sellingandmarketingexpense": 148000000,
        "researchanddevelopmentexpense": 141000000,
        "generalandadministrativeexpense": 85000000,
        "amortizationofintangibleassets": 29000000,
        "businesscombinationacquisitionrelatedcosts": 6000000,
        "operatingexpenses": 409000000,
        "operatingincomeloss": -35000000,
        "foreigncurrencytransactiongainlossbeforetax": -4000000,
        "interestincomeexpensenonoperatingnet": -5000000,
        "nonoperatingincomeexpense": -9000000,
        "incomelossfromcontinuingoperationsbeforeincometaxesextraordinaryitemsnoncontrollinginterest": 228000000,
        "incometaxexpensebenefit": 29000000,
        "netincomeloss": 199000000,
        "earningspersharebasic": 3.7200000000000006,
        "earningspersharediluted": 3.6900000000000013,
        "comprehensiveincomenetoftax": 209000000
    },
    {
        "date": "2021-07-02",
        "symbol": "ZBRA",
        "period": "Q2",
        "revenuefromcontractwithcustomerexcludingassessedtax": 1192000000,
        "costofgoodsandservicessold": 618000000,
        "grossprofit": 658000000,
        "sellingandmarketingexpense": 148000000,
        "researchanddevelopmentexpense": 141000000,
        "generalandadministrativeexpense": 92000000,
        "amortizationofintangibleassets": 26000000,
        "businesscombinationacquisitionrelatedcosts": 4000000,
        "operatingexpenses": 411000000,
        "operatingincomeloss": 247000000,
        "foreigncurrencytransactiongainlossbeforetax": -1000000,
        "interestincomeexpensenonoperatingnet": -7000000,
        "nonoperatingincomeexpense": -9000000,
        "incomelossfromcontinuingoperationsbeforeincometaxesextraordinaryitemsnoncontrollinginterest": 238000000,
        "incometaxexpensebenefit": 19000000,
        "netincomeloss": 219000000,
        "earningspersharebasic": 4.1,
        "earningspersharediluted": 4.069999999999999,
        "othercomprehensiveincomelossderivativeexcludedcomponentincreasedecreaseadjustmentsaftertax": -2000000,
        "othercomprehensiveincomelossforeigncurrencytransactionandtranslationadjustmentnetoftax": 0,
        "comprehensiveincomenetoftax": 221000000
    },
    {
        "date": "2021-04-02",
        "symbol": "ZBRA",
        "period": "Q1",
        "revenuefromcontractwithcustomerexcludingassessedtax": 1153000000,
        "costofgoodsandservicessold": 591000000,
        "grossprofit": 655000000,
        "sellingandmarketingexpense": 134000000,
        "researchanddevelopmentexpense": 140000000,
        "generalandadministrativeexpense": 82000000,
        "amortizationofintangibleassets": 26000000,
        "businesscombinationacquisitionrelatedcosts": 1000000,
        "operatingexpenses": 383000000,
        "operatingincomeloss": 272000000,
        "foreigncurrencytransactiongainlossbeforetax": 2000000,
        "interestincomeexpensenonoperatingnet": 2000000,
        "nonoperatingincomeexpense": 4000000,
        "incomelossfromcontinuingoperationsbeforeincometaxesextraordinaryitemsnoncontrollinginterest": 276000000,
        "incometaxexpensebenefit": 48000000,
        "netincomeloss": 228000000,
        "earningspersharebasic": 4.26,
        "earningspersharediluted": 4.22,
        "othercomprehensiveincomelossderivativeexcludedcomponentincreasedecreaseadjustmentsaftertax": -32000000,
        "othercomprehensiveincomelossforeigncurrencytransactionandtranslationadjustmentnetoftax": -3000000,
        "comprehensiveincomenetoftax": 257000000
    },
    {
        "date": "2020-12-30",
        "symbol": "ZBRA",
        "period": "Q4",
        "revenuefromcontractwithcustomerexcludingassessedtax": 1129000000,
        "costofgoodsandservicessold": 585000000,
        "grossprofit": 618000000,
        "sellingandmarketingexpense": 133000000,
        "researchanddevelopmentexpense": 137000000,
        "generalandadministrativeexpense": 85000000,
        "amortizationofintangibleassets": 26000000,
        "businesscombinationacquisitionrelatedcosts": 2000000,
        "restructuringcharges": 4000000,
        "operatingexpenses": 387000000,
        "operatingincomeloss": 231000000,
        "foreigncurrencytransactiongainlossbeforetax": -3000000,
        "nonoperatingincomeexpense": -15000000,
        "incomelossfromcontinuingoperationsbeforeincometaxesextraordinaryitemsnoncontrollinginterest": 216000000,
        "incometaxexpensebenefit": 17000000,
        "netincomeloss": 199000000,
        "earningspersharebasic": 3.7199999999999998,
        "earningspersharediluted": 3.69,
        "comprehensiveincomenetoftax": 192000000
    },
    {
        "date": "2020-09-25",
        "symbol": "ZBRA",
        "period": "Q3",
        "revenuefromcontractwithcustomerexcludingassessedtax": 972000000,
        "costofgoodsandservicessold": 543000000,
        "grossprofit": 493000000,
        "sellingandmarketingexpense": 119000000,
        "researchanddevelopmentexpense": 113000000,
        "generalandadministrativeexpense": 71000000,
        "amortizationofintangibleassets": 20000000,
        "businesscombinationacquisitionrelatedcosts": 19000000,
        "restructuringcharges": 1000000,
        "operatingexpenses": 343000000,
        "operatingincomeloss": 150000000,
        "foreigncurrencytransactiongainlossbeforetax": -3000000,
        "interestincomeexpensenonoperatingnet": -10000000,
        "othernonoperatingincomeexpense": 1000000,
        "nonoperatingincomeexpense": -12000000,
        "incomelossfromcontinuingoperationsbeforeincometaxesextraordinaryitemsnoncontrollinginterest": 138000000,
        "incometaxexpensebenefit": 22000000,
        "netincomeloss": 116000000,
        "earningspersharebasic": 2.18,
        "earningspersharediluted": 2.16,
        "othercomprehensiveincomelossderivativeexcludedcomponentincreasedecreaseadjustmentsaftertax": 8000000,
        "othercomprehensiveincomelossforeigncurrencytransactionandtranslationadjustmentnetoftax": 4000000,
        "comprehensiveincomenetoftax": 112000000
    },
    {
        "date": "2020-06-26",
        "symbol": "ZBRA",
        "period": "Q2",
        "revenuefromcontractwithcustomerexcludingassessedtax": 811000000,
        "costofgoodsandservicessold": 451000000,
        "grossprofit": 419000000,
        "sellingandmarketingexpense": 109000000,
        "researchanddevelopmentexpense": 98000000,
        "generalandadministrativeexpense": 74000000,
        "amortizationofintangibleassets": 16000000,
        "businesscombinationacquisitionrelatedcosts": 1000000,
        "restructuringcharges": 2000000,
        "operatingexpenses": 300000000,
        "operatingincomeloss": 119000000,
        "foreigncurrencytransactiongainlossbeforetax": -9000000,
        "interestincomeexpensenonoperatingnet": -14000000,
        "othernonoperatingincomeexpense": 7000000,
        "nonoperatingincomeexpense": -16000000,
        "incomelossfromcontinuingoperationsbeforeincometaxesextraordinaryitemsnoncontrollinginterest": 103000000,
        "incometaxexpensebenefit": 3000000,
        "netincomeloss": 100000000,
        "earningspersharebasic": 1.87,
        "earningspersharediluted": 1.85,
        "othercomprehensiveincomelossderivativeexcludedcomponentincreasedecreaseadjustmentsaftertax": 8000000,
        "othercomprehensiveincomelossforeigncurrencytransactionandtranslationadjustmentnetoftax": 1000000,
        "comprehensiveincomenetoftax": 93000000
    },
    {
        "date": "2020-03-27",
        "symbol": "ZBRA",
        "period": "Q1",
        "netincomeloss": 89000000,
        "othercomprehensiveincomelosscashflowhedgegainlossafterreclassificationandtax": 2000000,
        "othercomprehensiveincomelossforeigncurrencytransactionandtranslationadjustmentnetoftax": -9000000,
        "comprehensiveincomenetoftax": 82000000,
        "revenuefromcontractwithcustomerexcludingassessedtax": 901000000,
        "costofgoodsandservicessold": 486000000,
        "grossprofit": 473000000,
        "sellingandmarketingexpense": 122000000,
        "researchanddevelopmentexpense": 105000000,
        "generalandadministrativeexpense": 74000000,
        "amortizationofintangibleassets": 16000000,
        "businesscombinationacquisitionrelatedcosts": 1000000,
        "restructuringcharges": 4000000,
        "operatingexpenses": 322000000,
        "operatingincomeloss": 151000000,
        "foreigncurrencytransactiongainlossbeforetax": -3000000,
        "interestincomeexpensenonoperatingnet": -45000000,
        "nonoperatingincomeexpense": -48000000,
        "incomelossfromcontinuingoperationsbeforeincometaxesextraordinaryitemsnoncontrollinginterest": 103000000,
        "incometaxexpensebenefit": 14000000,
        "earningspersharebasic": 1.66,
        "earningspersharediluted": 1.65
    },
    {
        "date": "2019-12-30",
        "symbol": "ZBRA",
        "period": "Q4",
        "netincomeloss": 169000000,
        "comprehensiveincomenetoftax": 156000000,
        "revenuefromcontractwithcustomerexcludingassessedtax": 1039000000,
        "costofgoodsandservicessold": 550000000,
        "grossprofit": 544000000,
        "sellingandmarketingexpense": 130000000,
        "researchanddevelopmentexpense": 118000000,
        "generalandadministrativeexpense": 79000000,
        "amortizationofintangibleassets": 19000000,
        "businesscombinationacquisitionrelatedcosts": 2000000,
        "operatingexpenses": 356000000,
        "operatingincomeloss": 188000000,
        "foreigncurrencytransactiongainlossbeforetax": -4000000,
        "nonoperatingincomeexpense": -9000000,
        "incomelossfromcontinuingoperationsbeforeincometaxesextraordinaryitemsnoncontrollinginterest": 179000000,
        "incometaxexpensebenefit": 10000000,
        "earningspersharebasic": 3.1300000000000012,
        "earningspersharediluted": 3.1000000000000005
    },
    {
        "date": "2019-09-27",
        "symbol": "ZBRA",
        "period": "Q3",
        "netincomeloss": 136000000,
        "othercomprehensiveincomelosscashflowhedgegainlossafterreclassificationandtax": 15000000,
        "comprehensiveincomenetoftax": 145000000,
        "revenuefromcontractwithcustomerexcludingassessedtax": 1196000000,
        "costofgoodsandservicessold": 403000000,
        "grossprofit": 535000000,
        "sellingandmarketingexpense": 124000000,
        "researchanddevelopmentexpense": 110000000,
        "generalandadministrativeexpense": 78000000,
        "amortizationofintangibleassets": 26000000,
        "businesscombinationacquisitionrelatedcosts": 12000000,
        "restructuringcharges": 0,
        "operatingexpenses": 350000000,
        "operatingincomeloss": 185000000,
        "foreigncurrencytransactiongainlossbeforetax": 2000000,
        "interestincomeexpensenonoperatingnet": -28000000,
        "othernonoperatingincomeexpense": 0,
        "nonoperatingincomeexpense": -26000000,
        "incomelossfromcontinuingoperationsbeforeincometaxesextraordinaryitemsnoncontrollinginterest": 159000000,
        "incometaxexpensebenefit": 23000000,
        "earningspersharebasic": 2.53,
        "earningspersharediluted": 2.49
    },
    {
        "date": "2019-06-28",
        "symbol": "ZBRA",
        "period": "Q2",
        "netincomeloss": 124000000,
        "othercomprehensiveincomelosscashflowhedgegainlossafterreclassificationandtax": -12000000,
        "othercomprehensiveincomelossforeigncurrencytransactionandtranslationadjustmentnetoftax": 2000000,
        "comprehensiveincomenetoftax": 115000000,
        "revenuefromcontractwithcustomerexcludingassessedtax": 963000000,
        "costofgoodsandservicessold": 488000000,
        "grossprofit": 520000000,
        "sellingandmarketingexpense": 127000000,
        "researchanddevelopmentexpense": 108000000,
        "generalandadministrativeexpense": 90000000,
        "amortizationofintangibleassets": 30000000,
        "businesscombinationacquisitionrelatedcosts": 4000000,
        "restructuringcharges": 1000000,
        "operatingexpenses": 360000000,
        "operatingincomeloss": 160000000,
        "foreigncurrencytransactiongainlossbeforetax": -1000000,
        "interestincomeexpensenonoperatingnet": -33000000,
        "othernonoperatingincomeexpense": 3000000,
        "nonoperatingincomeexpense": -31000000,
        "incomelossfromcontinuingoperationsbeforeincometaxesextraordinaryitemsnoncontrollinginterest": 129000000,
        "incometaxexpensebenefit": 5000000,
        "earningspersharebasic": 2.28,
        "earningspersharediluted": 2.26
    },
    {
        "date": "2019-03-29",
        "symbol": "ZBRA",
        "period": "Q1",
        "netincomeloss": 115000000,
        "othercomprehensiveincomelosscashflowhedgegainlossafterreclassificationandtax": 4000000,
        "comprehensiveincomenetoftax": 119000000,
        "revenuefromcontractwithcustomerexcludingassessedtax": 709000000,
        "costofgoodsandservicessold": 565000000,
        "grossprofit": 501000000,
        "sellingandmarketingexpense": 122000000,
        "researchanddevelopmentexpense": 111000000,
        "generalandadministrativeexpense": 76000000,
        "amortizationofintangibleassets": 28000000,
        "businesscombinationacquisitionrelatedcosts": 4000000,
        "restructuringcharges": 1000000,
        "operatingexpenses": 342000000,
        "operatingincomeloss": 159000000,
        "foreigncurrencytransactiongainlossbeforetax": -3000000,
        "interestincomeexpensenonoperatingnet": -24000000,
        "othernonoperatingincomeexpense": -1000000,
        "nonoperatingincomeexpense": -28000000,
        "incomelossfromcontinuingoperationsbeforeincometaxesextraordinaryitemsnoncontrollinginterest": 131000000,
        "incometaxexpensebenefit": 16000000,
        "earningspersharebasic": 2.14,
        "earningspersharediluted": 2.12
    },
    {
        "date": "2018-12-30",
        "symbol": "ZBRA",
        "period": "Q4",
        "netincomeloss": 115000000,
        "othercomprehensiveincomeunrealizedgainlossonderivativesarisingduringperiodnetoftax": 1000000,
        "comprehensiveincomenetoftax": 109000000,
        "costofgoodsandservicessold": 503000000,
        "grossprofit": 539000000,
        "sellingandmarketingexpense": 122000000,
        "researchanddevelopmentexpense": 121000000,
        "generalandadministrativeexpense": 89000000,
        "amortizationofintangibleassets": 26000000,
        "restructuringcharges": 2000000,
        "operatingexpenses": 360000000,
        "operatingincomeloss": 125000000,
        "nonoperatingincomeexpense": -31000000,
        "incomelossfromcontinuingoperationsbeforeincometaxesextraordinaryitemsnoncontrollinginterest": 148000000,
        "incometaxexpensebenefit": 33000000,
        "earningspersharebasic": 2.1399999999999997,
        "earningspersharediluted": 2.12
    },
    {
        "date": "2018-09-28",
        "symbol": "ZBRA",
        "period": "Q3",
        "netincomeloss": 127000000,
        "othercomprehensiveincomelossderivativesqualifyingashedgesnetoftax": 0,
        "othercomprehensiveincomeunrealizedgainlossonderivativesarisingduringperiodnetoftax": 1000000,
        "othercomprehensiveincomelossforeigncurrencytransactionandtranslationadjustmentnetoftax": 0,
        "comprehensiveincomenetoftax": 128000000,
        "costofgoodsandservicessold": 495000000,
        "grossprofit": 505000000,
        "sellingandmarketingexpense": 120000000,
        "researchanddevelopmentexpense": 113000000,
        "generalandadministrativeexpense": 75000000,
        "amortizationofintangibleassets": 25000000,
        "restructuringcharges": 4000000,
        "operatingexpenses": 1006000000,
        "operatingincomeloss": 126000000,
        "interestincomeexpensenonoperatingnet": -18000000,
        "nonoperatingincomeexpense": -19000000,
        "incomelossfromcontinuingoperationsbeforeincometaxesextraordinaryitemsnoncontrollinginterest": 143000000,
        "incometaxexpensebenefit": 16000000,
        "earningspersharebasic": 2.37,
        "earningspersharediluted": 2.34
    },
    {
        "date": "2018-06-29",
        "symbol": "ZBRA",
        "period": "Q2",
        "netincomeloss": 70000000,
        "othercomprehensiveincomelossderivativesqualifyingashedgesnetoftax": 23000000,
        "othercomprehensiveincomeunrealizedgainlossonderivativesarisingduringperiodnetoftax": 2000000,
        "othercomprehensiveincomelossforeigncurrencytransactionandtranslationadjustmentnetoftax": -9000000,
        "comprehensiveincomenetoftax": 86000000,
        "costofgoodsandservicessold": 361000000,
        "grossprofit": 472000000,
        "sellingandmarketingexpense": 121000000,
        "researchanddevelopmentexpense": 109000000,
        "generalandadministrativeexpense": 93000000,
        "amortizationofintangibleassets": 23000000,
        "businesscombinationacquisitionrelatedcosts": 0,
        "restructuringcharges": 1000000,
        "operatingexpenses": -316000000,
        "operatingincomeloss": 73000000,
        "interestincomeexpensenonoperatingnet": -23000000,
        "nonoperatingincomeexpense": -25000000,
        "incomelossfromcontinuingoperationsbeforeincometaxesextraordinaryitemsnoncontrollinginterest": 100000000,
        "incometaxexpensebenefit": 30000000,
        "earningspersharebasic": 1.31,
        "earningspersharediluted": 1.29,
        "weightedaveragenumberofsharesoutstandingbasic": 128018,
        "weightedaveragenumberofdilutedsharesoutstanding": 148355
    },
    {
        "date": "2018-03-30",
        "symbol": "ZBRA",
        "period": "Q1",
        "netincomeloss": 109000000,
        "othercomprehensiveincomelossderivativesqualifyingashedgesnetoftax": -1000000,
        "othercomprehensiveincomeunrealizedgainlossonderivativesarisingduringperiodnetoftax": 5000000,
        "othercomprehensiveincomelossforeigncurrencytransactionandtranslationadjustmentnetoftax": 2000000,
        "comprehensiveincomenetoftax": 115000000,
        "salesrevenuegoodsnet": 839000000,
        "salesrevenueservicesnet": 138000000,
        "salesrevenuenet": 457000000,
        "costofgoodssold": 423000000,
        "costofservices": 89000000,
        "costofgoodsandservicessold": 512000000,
        "grossprofit": 465000000,
        "sellingandmarketingexpense": 120000000,
        "researchanddevelopmentexpense": 101000000,
        "generalandadministrativeexpense": 71000000,
        "amortizationofintangibleassets": 23000000,
        "businesscombinationacquisitionrelatedcosts": 2000000,
        "restructuringcharges": 4000000,
        "operatingexpenses": 321000000,
        "operatingincomeloss": 80000000,
        "interestincomeexpensenonoperatingnet": -11000000,
        "nonoperatingincomeexpense": -11000000,
        "incomelossfromcontinuingoperationsbeforeincometaxesextraordinaryitemsnoncontrollinginterest": 133000000,
        "incometaxexpensebenefit": 24000000,
        "earningspersharebasic": 2.04,
        "earningspersharediluted": 2.01,
        "weightedaveragenumberofsharesoutstandingbasic": 53286249,
        "weightedaveragenumberofdilutedsharesoutstanding": 53985755
    },
    {
        "date": "2017-09-29",
        "symbol": "ZBRA",
        "period": "Q3",
        "netincomeloss": -12000000,
        "othercomprehensiveincomelossderivativesqualifyingashedgesnetoftax": -1000000,
        "othercomprehensiveincomeunrealizedgainlossonderivativesarisingduringperiodnetoftax": 1000000,
        "othercomprehensiveincomelossforeigncurrencytransactionandtranslationadjustmentnetoftax": 2000000,
        "comprehensiveincomenetoftax": -10000000,
        "salesrevenuegoodsnet": 810000000,
        "salesrevenueservicesnet": 125000000,
        "salesrevenuenet": 325000000,
        "costofgoodssold": 420000000,
        "costofservices": 86000000,
        "costofgoodsandservicessold": 506000000,
        "grossprofit": 429000000,
        "sellingandmarketingexpense": 113000000,
        "researchanddevelopmentexpense": 96000000,
        "generalandadministrativeexpense": 71000000,
        "amortizationofintangibleassets": 49000000,
        "businesscombinationacquisitionrelatedcosts": 4000000,
        "restructuringcharges": 1000000,
        "operatingexpenses": 338000000,
        "operatingincomeloss": 61000000,
        "foreigncurrencytransactiongainlossbeforetax": 1000000,
        "interestincomeexpensenonoperatingnet": -95000000,
        "othernonoperatingincomeexpense": -4000000,
        "nonoperatingincomeexpense": -98000000,
        "incomelossfromcontinuingoperationsbeforeincometaxesextraordinaryitemsnoncontrollinginterest": -7000000,
        "incometaxexpensebenefit": 5000000,
        "earningspersharebasic": -0.23,
        "earningspersharediluted": -0.23,
        "weightedaveragenumberofsharesoutstandingbasic": 52220868,
        "weightedaveragenumberofdilutedsharesoutstanding": 52220868
    },
    {
        "date": "2017-06-30",
        "symbol": "ZBRA",
        "period": "Q2",
        "netincomeloss": 17000000,
        "othercomprehensiveincomelossderivativesqualifyingashedgesnetoftax": -8000000,
        "othercomprehensiveincomeunrealizedgainlossonderivativesarisingduringperiodnetoftax": 0,
        "comprehensiveincomenetoftax": 9000000,
        "salesrevenuegoodsnet": 779000000,
        "salesrevenueservicesnet": 117000000,
        "salesrevenuenet": -230000000,
        "costofgoodssold": 408000000,
        "costofservices": 77000000,
        "costofgoodsandservicessold": 485000000,
        "grossprofit": 411000000,
        "sellingandmarketingexpense": 114000000,
        "researchanddevelopmentexpense": 99000000,
        "generalandadministrativeexpense": 68000000,
        "amortizationofintangibleassets": 52000000,
        "businesscombinationacquisitionrelatedcosts": 19000000,
        "restructuringcharges": -2000000,
        "operatingexpenses": 353000000,
        "operatingincomeloss": 90000000,
        "foreigncurrencytransactiongainlossbeforetax": 2000000,
        "interestincomeexpensenonoperatingnet": -40000000,
        "nonoperatingincomeexpense": -39000000,
        "incomelossfromcontinuingoperationsbeforeincometaxesextraordinaryitemsnoncontrollinginterest": 19000000,
        "incometaxexpensebenefit": 6000000,
        "earningspersharebasic": 0.32999999999999996,
        "earningspersharediluted": 0.31999999999999995,
        "weightedaveragenumberofsharesoutstandingbasic": 86886,
        "weightedaveragenumberofdilutedsharesoutstanding": 91073
    },
    {
        "date": "2017-03-31",
        "symbol": "ZBRA",
        "period": "Q1",
        "netincomeloss": 8000000,
        "othercomprehensiveincomelossderivativesqualifyingashedgesnetoftax": -6000000,
        "othercomprehensiveincomeunrealizedgainlossonderivativesarisingduringperiodnetoftax": 2000000,
        "comprehensiveincomenetoftax": 4000000,
        "salesrevenuegoodsnet": 735000000,
        "salesrevenueservicesnet": 130000000,
        "salesrevenuenet": 865000000,
        "costofgoodssold": 379000000,
        "costofservices": 85000000,
        "costofgoodsandservicessold": 464000000,
        "grossprofit": 401000000,
        "sellingandmarketingexpense": 109000000,
        "researchanddevelopmentexpense": 96000000,
        "generalandadministrativeexpense": 75000000,
        "amortizationofintangibleassets": 50000000,
        "businesscombinationacquisitionrelatedcosts": 27000000,
        "restructuringcharges": 3000000,
        "operatingexpenses": 361000000,
        "operatingincomeloss": 40000000,
        "foreigncurrencytransactiongainlossbeforetax": -1000000,
        "interestincomeexpensenonoperatingnet": -41000000,
        "nonoperatingincomeexpense": -42000000,
        "incomelossfromcontinuingoperationsbeforeincometaxesextraordinaryitemsnoncontrollinginterest": -2000000,
        "incometaxexpensebenefit": -10000000,
        "earningspersharebasic": 0.16,
        "earningspersharediluted": 0.16,
        "weightedaveragenumberofsharesoutstandingbasic": 51842025,
        "weightedaveragenumberofdilutedsharesoutstanding": 52946883
    },
    {
        "date": "2016-09-30",
        "symbol": "ZBRA",
        "period": "Q3",
        "netincomeloss": -83000000,
        "othercomprehensiveincomelossderivativesqualifyingashedgesnetoftax": -1000000,
        "othercomprehensiveincomeunrealizedgainlossonderivativesarisingduringperiodnetoftax": 3000000,
        "comprehensiveincomenetoftax": -81000000,
        "salesrevenuegoodsnet": 772000000,
        "salesrevenueservicesnet": 132000000,
        "salesrevenuenet": 301000000,
        "costofgoodssold": 402000000,
        "costofservices": 88000000,
        "costofgoodsandservicessold": 490000000,
        "grossprofit": 414000000,
        "sellingandmarketingexpense": 112000000,
        "researchanddevelopmentexpense": 96000000,
        "generalandadministrativeexpense": 74000000,
        "amortizationofintangibleassets": 59000000,
        "businesscombinationacquisitionrelatedcosts": 28000000,
        "goodwillandintangibleassetimpairment": 62000000,
        "restructuringchargescredits": 7000000,
        "operatingexpenses": 438000000,
        "operatingincomeloss": 50000000,
        "foreigncurrencytransactiongainlossbeforetax": -1000000,
        "interestincomeexpensenonoperatingnet": -46000000,
        "othernonoperatingincomeexpense": -6000000,
        "nonoperatingincomeexpense": -53000000,
        "incomelossfromcontinuingoperationsbeforeincometaxesextraordinaryitemsnoncontrollinginterest": -77000000,
        "incometaxexpensebenefit": 1000000,
        "earningspersharebasic": -1.61,
        "earningspersharediluted": -1.61,
        "weightedaveragenumberofsharesoutstandingbasic": 51690204,
        "weightedaveragenumberofdilutedsharesoutstanding": 51690204
    },
    {
        "date": "2016-07-01",
        "symbol": "ZBRA",
        "period": "Q2",
        "netincomeloss": -49000000,
        "othercomprehensiveincomelossderivativesqualifyingashedgesnetoftax": 4000000,
        "othercomprehensiveincomeunrealizedgainlossonderivativesarisingduringperiodnetoftax": -3000000,
        "othercomprehensiveincomelossforeigncurrencytransactionandtranslationadjustmentnetoftax": -6000000,
        "comprehensiveincomenetoftax": -47000000,
        "salesrevenuegoodsnet": 753000000,
        "salesrevenueservicesnet": 126000000,
        "salesrevenuenet": 305000000,
        "costofgoodssold": 387000000,
        "costofservices": 86000000,
        "costofgoodsandservicessold": 473000000,
        "grossprofit": 406000000,
        "sellingandmarketingexpense": 112000000,
        "researchanddevelopmentexpense": 95000000,
        "generalandadministrativeexpense": 78000000,
        "amortizationofintangibleassets": 60000000,
        "businesscombinationacquisitionrelatedcosts": 34000000,
        "restructuringchargescredits": 5000000,
        "operatingexpenses": 384000000,
        "operatingincomeloss": 57000000,
        "foreigncurrencytransactiongainlossbeforetax": -5000000,
        "interestincomeexpensenonoperatingnet": -51000000,
        "nonoperatingincomeexpense": -56000000,
        "incomelossfromcontinuingoperationsbeforeincometaxesextraordinaryitemsnoncontrollinginterest": -34000000,
        "incometaxexpensebenefit": 15000000,
        "earningspersharebasic": -0.95,
        "earningspersharediluted": -0.95,
        "weightedaveragenumberofsharesoutstandingbasic": 51533236,
        "weightedaveragenumberofdilutedsharesoutstanding": 51533236
    },
    {
        "date": "2016-04-01",
        "symbol": "ZBRA",
        "period": "Q1",
        "netincomeloss": -29000000,
        "othercomprehensiveincomelossderivativesqualifyingashedgesnetoftax": 1000000,
        "othercomprehensiveincomeunrealizedgainlossonderivativesarisingduringperiodnetoftax": -1000000,
        "othercomprehensiveincomelossforeigncurrencytransactionandtranslationadjustmentnetoftax": 5000000,
        "comprehensiveincomenetoftax": -46000000,
        "salesrevenuegoodsnet": 714000000,
        "salesrevenueservicesnet": 133000000,
        "salesrevenuenet": 847000000,
        "costofgoodssold": 373000000,
        "costofservices": 84000000,
        "costofgoodsandservicessold": 457000000,
        "grossprofit": 390000000,
        "sellingandmarketingexpense": 121000000,
        "researchanddevelopmentexpense": 93000000,
        "generalandadministrativeexpense": 74000000,
        "amortizationofintangibleassets": 59000000,
        "businesscombinationacquisitionrelatedcosts": 37000000,
        "restructuringchargescredits": 6000000,
        "operatingexpenses": 390000000,
        "operatingincomeloss": 69000000,
        "foreigncurrencytransactiongainlossbeforetax": 1000000,
        "interestincomeexpensenonoperatingnet": -50000000,
        "nonoperatingincomeexpense": -49000000,
        "incomelossfromcontinuingoperationsbeforeincometaxesextraordinaryitemsnoncontrollinginterest": -49000000,
        "incometaxexpensebenefit": -20000000,
        "earningspersharebasic": -0.56,
        "earningspersharediluted": -0.56,
        "weightedaveragenumberofsharesoutstandingbasic": 51299632,
        "weightedaveragenumberofdilutedsharesoutstanding": 51299632
    },
    {
        "date": "2015-10-02",
        "symbol": "ZBRA",
        "period": "Q3",
        "salesrevenuegoodsnet": 787441000,
        "salesrevenueservicesnet": 128832000,
        "salesrevenuenet": 919066000,
        "costofgoodssold": 403520000,
        "costofservices": 98697000,
        "costofgoodsandservicessold": 502217000,
        "grossprofit": 414056000,
        "sellingandmarketingexpense": 120217000,
        "researchanddevelopmentexpense": 100340000,
        "generalandadministrativeexpense": 67235000,
        "amortizationofintangibleassets": 58499000,
        "businesscombinationacquisitionrelatedcosts": 37010000,
        "restructuringchargescredits": 5734000,
        "operatingexpenses": 389035000,
        "operatingincomeloss": 130469000,
        "foreigncurrencytransactiongainlossbeforetax": -5255000,
        "interestincomeexpensenonoperatingnet": -45002000,
        "othernonoperatingincomeexpense": -306000,
        "nonoperatingincomeexpense": -50563000,
        "incomelossfromcontinuingoperationsbeforeincometaxesextraordinaryitemsnoncontrollinginterest": -25542000,
        "incometaxexpensebenefit": 3408000,
        "netincomeloss": -28950000,
        "earningspersharebasic": -0.57,
        "earningspersharediluted": -0.57,
        "weightedaveragenumberofsharesoutstandingbasic": 51152000,
        "weightedaveragenumberofdilutedsharesoutstanding": 51152000,
        "othercomprehensiveincomelossderivativesqualifyingashedgesnetoftax": -2811000,
        "othercomprehensiveincomeunrealizedgainlossonderivativesarisingduringperiodnetoftax": -6560000,
        "othercomprehensiveincomelossavailableforsalesecuritiesadjustmentnetoftax": -256000,
        "othercomprehensiveincomelossforeigncurrencytransactionandtranslationadjustmentnetoftax": -936000,
        "comprehensiveincomenetoftax": -49660000
    },
    {
        "date": "2015-07-03",
        "symbol": "ZBRA",
        "period": "Q2",
        "salesrevenuegoodsnet": 761935000,
        "salesrevenueservicesnet": 127839000,
        "salesrevenuenet": 1461384000,
        "costofgoodssold": 407012000,
        "costofservices": 89884000,
        "costofgoodsandservicessold": 496896000,
        "grossprofit": 392878000,
        "sellingandmarketingexpense": 125120000,
        "researchanddevelopmentexpense": 99087000,
        "generalandadministrativeexpense": 69659000,
        "amortizationofintangibleassets": 63700000,
        "businesscombinationacquisitionrelatedcosts": 31166000,
        "restructuringcharges": 20700000,
        "operatingexpenses": 406681000,
        "operatingincomeloss": 158757000,
        "gainlossoninvestments": 1575000,
        "foreigncurrencytransactiongainlossbeforetax": 11252000,
        "gainlossonderivativeinstrumentsnetpretax": -1653000,
        "interestexpense": 49331000,
        "othernonoperatingincomeexpense": -707000,
        "nonoperatingincomeexpense": -38864000,
        "incometaxexpensebenefit": 23591000,
        "netincomeloss": -76258000,
        "earningspersharebasic": -1.5,
        "earningspersharediluted": -1.5,
        "weightedaveragenumberofsharesoutstandingbasic": 131000,
        "weightedaveragenumberofdilutedsharesoutstanding": 131000,
        "othercomprehensiveincomelossderivativesqualifyingashedgesnetoftax": -4642000,
        "othercomprehensiveincomeunrealizedgainlossonderivativesarisingduringperiodnetoftax": 3164000,
        "othercomprehensiveincomelossavailableforsalesecuritiesadjustmentnetoftax": 0,
        "othercomprehensiveincomelossforeigncurrencytransactionandtranslationadjustmentnetoftax": -8532000,
        "comprehensiveincomenetoftax": -86268000
    },
    {
        "date": "2015-04-03",
        "symbol": "ZBRA",
        "period": "Q1",
        "salesrevenuegoodsnet": 755322000,
        "salesrevenueservicesnet": 137862000,
        "salesrevenuenet": 331643000,
        "costofgoodssold": 385370000,
        "costofservices": 98292000,
        "costofgoodsandservicessold": 483662000,
        "grossprofit": 409522000,
        "sellingandmarketingexpense": 122106000,
        "researchanddevelopmentexpense": 96417000,
        "generalandadministrativeexpense": 66136000,
        "amortizationofintangibleassets": 67589000,
        "businesscombinationacquisitionrelatedcosts": 26331000,
        "restructuringcharges": 1500000,
        "operatingexpenses": 389748000,
        "operatingincomeloss": 77449000,
        "gainlossoninvestments": -197000,
        "foreigncurrencytransactiongainlossbeforetax": -27191000,
        "gainlossonderivativeinstrumentsnetpretax": 1689000,
        "interestexpense": 50965000,
        "othernonoperatingincomeexpense": -1273000,
        "nonoperatingincomeexpense": -77937000,
        "incomelossfromcontinuingoperationsbeforeincometaxesminorityinterestandincomelossfromequitymethodinvestments": -58163000,
        "incometaxexpensebenefit": -32866000,
        "netincomeloss": -25297000,
        "earningspersharebasic": -0.5,
        "earningspersharediluted": -0.5,
        "weightedaveragenumberofsharesoutstandingbasic": 50667000,
        "weightedaveragenumberofdilutedsharesoutstanding": 50667000,
        "othercomprehensiveincomelossderivativesqualifyingashedgesnetoftax": 1690000,
        "othercomprehensiveincomeunrealizedgainlossonderivativesarisingduringperiodnetoftax": -7051000,
        "othercomprehensiveincomelossavailableforsalesecuritiesadjustmentnetoftax": -16000,
        "othercomprehensiveincomelossforeigncurrencytransactionandtranslationadjustmentnetoftax": -1712000,
        "comprehensiveincomenetoftax": -32386000
    },
    {
        "date": "2014-12-30",
        "symbol": "ZBRA",
        "period": "Q4",
        "salesrevenuegoodsnet": 683978000,
        "salesrevenueservicesnet": 106633000,
        "salesrevenuenet": -614785000,
        "costofgoodssold": 382884000,
        "costofservices": 71315000,
        "costofgoodsandservicessold": 454199000,
        "grossprofit": 336412000,
        "sellingandmarketingexpense": 105352000,
        "researchanddevelopmentexpense": 79311000,
        "generalandadministrativeexpense": 58761000,
        "amortizationofintangibleassets": 46160000,
        "businesscombinationacquisitionrelatedcosts": 66083000,
        "restructuringcharges": 5573000,
        "operatingexpenses": 361251000,
        "operatingincomeloss": 124733000,
        "foreigncurrencytransactiongainlossbeforetax": -8427000,
        "othernonoperatingincomeexpense": -1150000,
        "nonoperatingincomeexpense": -67880000,
        "incomelossfromcontinuingoperationsbeforeincometaxesminorityinterestandincomelossfromequitymethodinvestments": -92719000,
        "incometaxexpensebenefit": -33779000,
        "netincomeloss": -51679000,
        "earningspersharebasic": -1.02,
        "earningspersharediluted": -1.02,
        "weightedaveragenumberofsharesoutstandingbasic": -101054000,
        "weightedaveragenumberofdilutedsharesoutstanding": -102333000,
        "othercomprehensiveincomelossderivativesqualifyingashedgesnetoftax": 668000,
        "othercomprehensiveincomelossavailableforsalesecuritiesadjustmentnetoftax": -311000,
        "othercomprehensiveincomelossforeigncurrencytransactionandtranslationadjustmentnetoftax": 1705000,
        "comprehensiveincomenetoftax": -56535000
    },
    {
        "date": "2014-09-26",
        "symbol": "ZBRA",
        "period": "Q3",
        "salesrevenuegoodsnet": 282643000,
        "salesrevenueservicesnet": 20629000,
        "salesrevenuenet": 303272000,
        "costofgoodssold": 141842000,
        "costofservices": 9924000,
        "costofgoodsandservicessold": 151766000,
        "grossprofit": 151506000,
        "sellingandmarketingexpense": 36781000,
        "researchanddevelopmentexpense": 25225000,
        "generalandadministrativeexpense": 24741000,
        "amortizationofintangibleassets": 2597000,
        "businesscombinationacquisitionrelatedcosts": 35326000,
        "restructuringcharges": -120000,
        "operatingexpenses": 124550000,
        "operatingincomeloss": 26956000,
        "gainlossoninvestments": -2448000,
        "foreigncurrencytransactiongainlossbeforetax": -83000,
        "gainlossonderivativeinstrumentsnetpretax": 185000,
        "othernonoperatingincomeexpense": 196000,
        "nonoperatingincomeexpense": -2150000,
        "incomelossfromcontinuingoperationsbeforeincometaxesminorityinterestandincomelossfromequitymethodinvestments": 24806000,
        "incometaxexpensebenefit": 2600000,
        "incomelossfromcontinuingoperations": 14945000,
        "netincomeloss": 14945000,
        "incomelossfromcontinuingoperationsperbasicshare": 0.29,
        "earningspersharebasic": 0.29,
        "incomelossfromcontinuingoperationsperdilutedshare": 0.29,
        "earningspersharediluted": 0.29,
        "weightedaveragenumberofsharesoutstandingbasic": 50835000,
        "weightedaveragenumberofdilutedsharesoutstanding": 51461000,
        "othercomprehensiveincomelossderivativesqualifyingashedgesnetoftax": 5133000,
        "othercomprehensiveincomelossavailableforsalesecuritiesadjustmentnetoftax": 240000,
        "othercomprehensiveincomelossforeigncurrencytransactionandtranslationadjustmentnetoftax": -191000,
        "comprehensiveincomenetoftax": 19346000
    },
    {
        "date": "2014-06-27",
        "symbol": "ZBRA",
        "period": "Q2",
        "salesrevenuegoodsnet": 270049000,
        "salesrevenueservicesnet": 18372000,
        "salesrevenuenet": 288421000,
        "costofgoodssold": 136962000,
        "costofservices": 9290000,
        "costofgoodsandservicessold": 146252000,
        "grossprofit": 142169000,
        "sellingandmarketingexpense": 35755000,
        "researchanddevelopmentexpense": 23710000,
        "generalandadministrativeexpense": 26321000,
        "amortizationofintangibleassets": 2667000,
        "businesscombinationacquisitionrelatedcosts": 20364000,
        "restructuringcharges": 287000,
        "operatingexpenses": 109104000,
        "operatingincomeloss": 33065000,
        "investmentincomenet": 379000,
        "foreigncurrencytransactiongainlossbeforetax": 43000,
        "gainlossonderivativeinstrumentsnetpretax": -2433000,
        "othernonoperatingincomeexpense": -57000,
        "nonoperatingincomeexpense": -2068000,
        "incomelossfromcontinuingoperationsbeforeincometaxesminorityinterestandincomelossfromequitymethodinvestments": 30997000,
        "incometaxexpensebenefit": 3440000,
        "incomelossfromcontinuingoperations": 27557000,
        "netincomeloss": 27557000,
        "incomelossfromcontinuingoperationsperbasicshare": 0.54,
        "earningspersharebasic": 0.54,
        "incomelossfromcontinuingoperationsperdilutedshare": 0.54,
        "earningspersharediluted": 0.54,
        "weightedaveragenumberofsharesoutstandingbasic": 50606000,
        "weightedaveragenumberofdilutedsharesoutstanding": 51278000,
        "othercomprehensiveincomelossderivativesqualifyingashedgesnetoftax": 776000,
        "othercomprehensiveincomelossavailableforsalesecuritiesadjustmentnetoftax": 348000,
        "othercomprehensiveincomelossforeigncurrencytransactionandtranslationadjustmentnetoftax": -29000,
        "comprehensiveincomenetoftax": 28652000
    },
    {
        "date": "2014-03-28",
        "symbol": "ZBRA",
        "period": "Q1",
        "salesrevenuegoodsnet": 261892000,
        "salesrevenueservicesnet": 26376000,
        "salesrevenuenet": 288268000,
        "costofgoodssold": 130449000,
        "costofservices": 9881000,
        "costofgoodsandservicessold": 140330000,
        "grossprofit": 147938000,
        "sellingandmarketingexpense": 35416000,
        "researchanddevelopmentexpense": 22857000,
        "generalandadministrativeexpense": 28391000,
        "amortizationofintangibleassets": 2672000,
        "businesscombinationacquisitionrelatedcosts": 4927000,
        "restructuringcharges": 267000,
        "operatingexpenses": 94530000,
        "operatingincomeloss": 53408000,
        "investmentincomenet": 421000,
        "foreigncurrencytransactiongainlossbeforetax": -292000,
        "othernonoperatingincomeexpense": 8000,
        "nonoperatingincomeexpense": 137000,
        "incomelossfromcontinuingoperationsbeforeincometaxesminorityinterestandincomelossfromequitymethodinvestments": 53545000,
        "incometaxexpensebenefit": 11939000,
        "netincomeloss": 41606000,
        "earningspersharebasic": 0.83,
        "earningspersharediluted": 0.82,
        "weightedaveragenumberofsharesoutstandingbasic": 50402000,
        "weightedaveragenumberofdilutedsharesoutstanding": 50974000,
        "othercomprehensiveincomelossderivativesqualifyingashedgesnetoftax": 613000,
        "othercomprehensiveincomelossavailableforsalesecuritiesadjustmentnetoftax": 148000,
        "othercomprehensiveincomelossforeigncurrencytransactionandtranslationadjustmentnetoftax": -167000,
        "comprehensiveincomenetoftax": 42200000
    },
    {
        "date": "2013-09-27",
        "symbol": "ZBRA",
        "period": "Q3",
        "salesrevenuegoodsnet": 249919000,
        "salesrevenueservicesnet": 13604000,
        "salesrevenuenet": 263523000,
        "costofgoodssold": 128191000,
        "costofservices": 6722000,
        "costofgoodsandservicessold": 134913000,
        "grossprofit": 128610000,
        "sellingandmarketingexpense": 34395000,
        "researchanddevelopmentexpense": 22376000,
        "generalandadministrativeexpense": 22452000,
        "amortizationofintangibleassets": 1831000,
        "businesscombinationacquisitionrelatedcosts": 268000,
        "restructuringcharges": 1479000,
        "operatingexpenses": 81841000,
        "operatingincomeloss": 46769000,
        "investmentincomenet": 550000,
        "foreigncurrencytransactiongainlossbeforetax": -173000,
        "othernonoperatingincomeexpense": -5000,
        "nonoperatingincomeexpense": 372000,
        "incomelossfromcontinuingoperationsbeforeincometaxesminorityinterestandincomelossfromequitymethodinvestments": 47141000,
        "incometaxexpensebenefit": 8541000,
        "netincomeloss": 38600000,
        "earningspersharebasic": 0.7600000000000002,
        "earningspersharediluted": 0.75,
        "weightedaveragenumberofsharesoutstandingbasic": -51072000,
        "weightedaveragenumberofdilutedsharesoutstanding": -51478000,
        "othercomprehensiveincomelossderivativesqualifyingashedgesnetoftax": -1007000,
        "othercomprehensiveincomelossavailableforsalesecuritiesadjustmentnetoftax": 433000,
        "othercomprehensiveincomelossforeigncurrencytransactionandtranslationadjustmentnetoftax": 182000,
        "comprehensiveincomenetoftax": 38208000
    },
    {
        "date": "2013-06-28",
        "symbol": "ZBRA",
        "period": "Q2",
        "salesrevenuegoodsnet": 239909000,
        "salesrevenueservicesnet": 13251000,
        "salesrevenuenet": 253160000,
        "costofgoodssold": 125664000,
        "costofservices": 6589000,
        "costofgoodsandservicessold": 132253000,
        "grossprofit": 120907000,
        "sellingandmarketingexpense": 33830000,
        "researchanddevelopmentexpense": 23201000,
        "generalandadministrativeexpense": 24053000,
        "amortizationofintangibleassets": 1863000,
        "businesscombinationacquisitionrelatedcosts": 618000,
        "restructuringcharges": 1101000,
        "operatingexpenses": 84666000,
        "operatingincomeloss": 36241000,
        "investmentincomenet": 473000,
        "foreigncurrencytransactiongainlossbeforetax": -462000,
        "othernonoperatingincomeexpense": 1464000,
        "nonoperatingincomeexpense": 1475000,
        "incomelossfromcontinuingoperationsbeforeincometaxesminorityinterestandincomelossfromequitymethodinvestments": 37716000,
        "incometaxexpensebenefit": 7158000,
        "incomelossfromcontinuingoperations": 30558000,
        "incomelossfromdiscontinuedoperationsnetoftax": 8000,
        "netincomeloss": 30566000,
        "incomelossfromcontinuingoperationsperbasicshare": 0.6,
        "earningspersharebasic": 0.6,
        "incomelossfromcontinuingoperationsperdilutedshare": 0.6,
        "earningspersharediluted": 0.6,
        "weightedaveragenumberofsharesoutstandingbasic": 50900000,
        "weightedaveragenumberofdilutedsharesoutstanding": 51283000,
        "othercomprehensiveincomelossderivativesqualifyingashedgesnetoftax": -391000,
        "othercomprehensiveincomelossavailableforsalesecuritiesadjustmentnetoftax": -867000,
        "othercomprehensiveincomelossforeigncurrencytransactionandtranslationadjustmentnetoftax": 223000,
        "comprehensiveincomenetoftax": 29531000
    },
    {
        "date": "2013-03-29",
        "symbol": "ZBRA",
        "period": "Q1",
        "salesrevenuegoodsnet": 225121000,
        "salesrevenueservicesnet": 11816000,
        "salesrevenuenet": 236937000,
        "costofgoodssold": 117111000,
        "costofservices": 6761000,
        "costofgoodsandservicessold": 123872000,
        "grossprofit": 113065000,
        "sellingandmarketingexpense": 33515000,
        "researchanddevelopmentexpense": 21858000,
        "generalandadministrativeexpense": 25276000,
        "amortizationofintangibleassets": 1863000,
        "businesscombinationacquisitionrelatedcosts": 482000,
        "restructuringcharges": 1895000,
        "operatingexpenses": 84889000,
        "operatingincomeloss": 28176000,
        "investmentincomenet": 677000,
        "foreigncurrencytransactiongainlossbeforetax": -98000,
        "othernonoperatingincomeexpense": 9000,
        "nonoperatingincomeexpense": 588000,
        "incomelossfromcontinuingoperationsbeforeincometaxesminorityinterestandincomelossfromequitymethodinvestments": 28764000,
        "incometaxexpensebenefit": 5222000,
        "netincomeloss": 23542000,
        "earningspersharebasic": 0.46,
        "earningspersharediluted": 0.46,
        "weightedaveragenumberofsharesoutstandingbasic": 50980000,
        "weightedaveragenumberofdilutedsharesoutstanding": 51366000,
        "othercomprehensiveincomelossderivativesqualifyingashedgesnetoftax": 1743000,
        "othercomprehensiveincomelossavailableforsalesecuritiesadjustmentnetoftax": -72000,
        "othercomprehensiveincomelossforeigncurrencytransactionandtranslationadjustmentnetoftax": 94000,
        "comprehensiveincomenetoftax": 25307000
    },
    {
        "date": "2012-09-28",
        "symbol": "ZBRA",
        "period": "Q3",
        "salesrevenuegoodsnet": 239786000,
        "salesrevenueservicesnet": 12251000,
        "salesrevenuenet": 252037000,
        "costofgoodssold": 118751000,
        "costofservices": 6362000,
        "costofgoodsandservicessold": 125113000,
        "grossprofit": 126924000,
        "sellingandmarketingexpense": 32321000,
        "researchanddevelopmentexpense": 22007000,
        "generalandadministrativeexpense": 22481000,
        "amortizationofintangibleassets": 1670000,
        "businesscombinationacquisitionrelatedcosts": 566000,
        "goodwillandintangibleassetimpairment": 9114000,
        "operatingexpenses": 88159000,
        "operatingincomeloss": 38765000,
        "investmentincomenet": 541000,
        "foreigncurrencytransactiongainlossbeforetax": -514000,
        "othernonoperatingincomeexpense": -294000,
        "nonoperatingincomeexpense": -267000,
        "incomelossfromcontinuingoperationsbeforeincometaxesminorityinterestandincomelossfromequitymethodinvestments": 38498000,
        "incometaxexpensebenefit": 11917000,
        "incomelossfromcontinuingoperations": 26581000,
        "incomelossfromdiscontinuedoperationsnetoftax": 516000,
        "netincomeloss": 27097000,
        "incomelossfromcontinuingoperationsperbasicshare": 0.52,
        "incomelossfromdiscontinuedoperationsnetoftaxperbasicshare": 0.01,
        "earningspersharebasic": 0.53,
        "incomelossfromcontinuingoperationsperdilutedshare": 0.51,
        "incomelossfromdiscontinuedoperationsnetoftaxperdilutedshare": 0.01,
        "earningspersharediluted": 0.52,
        "weightedaveragenumberofsharesoutstandingbasic": 51566000,
        "weightedaveragenumberofdilutedsharesoutstanding": 51809000,
        "othercomprehensiveincomeunrealizedgainlossonderivativesarisingduringperiodnetoftax": -3946000,
        "othercomprehensiveincomeunrealizedholdinggainlossonsecuritiesarisingduringperiodnetoftax": 392000,
        "othercomprehensiveincomelossforeigncurrencytransactionandtranslationadjustmentnetoftax": 12000,
        "comprehensiveincomenetoftax": 23555000
    },
    {
        "date": "2012-06-29",
        "symbol": "ZBRA",
        "period": "Q2",
        "salesrevenuegoodsnet": 234708000,
        "salesrevenueservicesnet": 12369000,
        "salesrevenuenet": 247077000,
        "costofgoodssold": 119980000,
        "costofservices": 6720000,
        "costofgoodsandservicessold": 126700000,
        "grossprofit": 120377000,
        "sellingandmarketingexpense": 32158000,
        "researchanddevelopmentexpense": 22336000,
        "generalandadministrativeexpense": 24402000,
        "amortizationofintangibleassets": 770000,
        "businesscombinationacquisitionrelatedcosts": 1252000,
        "operatingexpenses": 80918000,
        "operatingincomeloss": 39459000,
        "investmentincomenet": 826000,
        "foreigncurrencytransactiongainlossbeforetax": -80000,
        "othernonoperatingincomeexpense": -486000,
        "nonoperatingincomeexpense": 260000,
        "incomelossfromcontinuingoperationsbeforeincometaxesminorityinterestandincomelossfromequitymethodinvestments": 39719000,
        "incometaxexpensebenefit": 9366000,
        "incomelossfromcontinuingoperations": 30353000,
        "incomelossfromdiscontinuedoperationsnetoftax": 300000,
        "netincomeloss": 30653000,
        "incomelossfromcontinuingoperationsperbasicshare": 0.58,
        "incomelossfromdiscontinuedoperationsnetoftaxperbasicshare": 0.01,
        "earningspersharebasic": 0.59,
        "incomelossfromcontinuingoperationsperdilutedshare": 0.58,
        "incomelossfromdiscontinuedoperationsnetoftaxperdilutedshare": 0.01,
        "earningspersharediluted": 0.59,
        "weightedaveragenumberofsharesoutstandingbasic": 51771000,
        "weightedaveragenumberofdilutedsharesoutstanding": 52030000,
        "othercomprehensiveincomeunrealizedgainlossonderivativesarisingduringperiodnetoftax": 2400000,
        "othercomprehensiveincomeunrealizedholdinggainlossonsecuritiesarisingduringperiodnetoftax": -46000,
        "othercomprehensiveincomelossforeigncurrencytransactionandtranslationadjustmentnetoftax": 105000,
        "comprehensiveincomenetoftax": 33112000
    },
    {
        "date": "2012-03-30",
        "symbol": "ZBRA",
        "period": "Q1",
        "salesrevenuegoodsnet": 232476000,
        "salesrevenueservicesnet": 11399000,
        "salesrevenuenet": 243875000,
        "costofgoodssold": 119053000,
        "costofservices": 4959000,
        "costofgoodsandservicessold": 124012000,
        "grossprofit": 119863000,
        "sellingandmarketingexpense": 32114000,
        "researchanddevelopmentexpense": 20419000,
        "generalandadministrativeexpense": 24551000,
        "amortizationofintangibleassets": 770000,
        "operatingexpenses": 77854000,
        "operatingincomeloss": 42009000,
        "investmentincomenet": 592000,
        "foreigncurrencytransactiongainlossbeforetax": -342000,
        "othernonoperatingincomeexpense": -364000,
        "nonoperatingincomeexpense": -114000,
        "incomelossfromcontinuingoperationsbeforeincometaxesminorityinterestandincomelossfromequitymethodinvestments": 41895000,
        "incometaxexpensebenefit": 11731000,
        "incomelossfromcontinuingoperations": 30164000,
        "netincomeloss": 30164000,
        "incomelossfromcontinuingoperationsperbasicshare": 0.58,
        "earningspersharebasic": 0.58,
        "incomelossfromcontinuingoperationsperdilutedshare": 0.58,
        "earningspersharediluted": 0.58,
        "weightedaveragenumberofsharesoutstandingbasic": 51998000,
        "weightedaveragenumberofdilutedsharesoutstanding": 52301000,
        "othercomprehensiveincomeunrealizedgainlossonderivativesarisingduringperiodnetoftax": -4646000,
        "othercomprehensiveincomeunrealizedholdinggainlossonsecuritiesarisingduringperiodnetoftax": 570000,
        "othercomprehensiveincomeforeigncurrencytransactionandtranslationadjustmentnetoftaxperiodincreasedecrease": 83000,
        "comprehensiveincomenetoftax": 26171000
    },
    {
        "date": "2011-09-30",
        "symbol": "ZBRA",
        "period": "Q3",
        "salesrevenuegoodsnet": 241686000,
        "salesrevenueservicesnet": 11652000,
        "salesrevenuenet": 253338000,
        "costofgoodssold": 122529000,
        "costofservices": 7256000,
        "costofgoodsandservicessold": 129785000,
        "grossprofit": 123553000,
        "sellingandmarketingexpense": 31942000,
        "researchanddevelopmentexpense": 22584000,
        "generalandadministrativeexpense": 19166000,
        "amortizationofintangibleassets": 843000,
        "restructuringcharges": 138000,
        "operatingexpenses": 74673000,
        "operatingincomeloss": 48880000,
        "investmentincomenet": 134000,
        "foreigncurrencytransactiongainlossbeforetax": -173000,
        "othernonoperatingincomeexpense": -859000,
        "nonoperatingincomeexpense": -898000,
        "incomelossfromcontinuingoperationsbeforeincometaxesminorityinterestandincomelossfromequitymethodinvestments": 47982000,
        "incometaxexpensebenefit": 13795000,
        "incomelossfromcontinuingoperations": 34187000,
        "incomelossfromdiscontinuedoperationsnetoftax": 10814000,
        "netincomeloss": 45001000,
        "incomelossfromcontinuingoperationsperbasicshare": 0.64,
        "incomelossfromdiscontinuedoperationsnetoftaxperbasicshare": 0.2,
        "earningspersharebasic": 0.84,
        "incomelossfromcontinuingoperationsperdilutedshare": 0.64,
        "incomelossfromdiscontinuedoperationsnetoftaxperdilutedshare": 0.2,
        "earningspersharediluted": 0.84,
        "weightedaveragenumberofsharesoutstandingbasic": 53339000,
        "weightedaveragenumberofdilutedsharesoutstanding": 53628000
    },
    {
        "date": "2011-07-01",
        "symbol": "ZBRA",
        "period": "Q2",
        "salesrevenuegoodsnet": 232762000,
        "salesrevenueservicesnet": 12779000,
        "salesrevenuenet": 245541000,
        "costofgoodssold": 117732000,
        "costofservices": 6111000,
        "costofgoodsandservicessold": 123843000,
        "grossprofit": 121698000,
        "sellingandmarketingexpense": 30950000,
        "researchanddevelopmentexpense": 22487000,
        "generalandadministrativeexpense": 20688000,
        "amortizationofintangibleassets": 836000,
        "restructuringcharges": 66000,
        "operatingexpenses": 75027000,
        "operatingincomeloss": 46671000,
        "investmentincomenet": 656000,
        "foreigncurrencytransactiongainlossbeforetax": -833000,
        "othernonoperatingincomeexpense": -243000,
        "nonoperatingincomeexpense": -420000,
        "incomelossfromcontinuingoperationsbeforeincometaxesminorityinterestandincomelossfromequitymethodinvestments": 46251000,
        "incometaxexpensebenefit": 13082000,
        "incomelossfromcontinuingoperations": 33169000,
        "incomelossfromdiscontinuedoperationsnetoftax": -205000,
        "netincomeloss": 32964000,
        "incomelossfromcontinuingoperationsperbasicshare": 0.6099999999999999,
        "incomelossfromdiscontinuedoperationsnetoftaxperbasicshare": 0,
        "earningspersharebasic": 0.6099999999999999,
        "incomelossfromcontinuingoperationsperdilutedshare": 0.5999999999999999,
        "incomelossfromdiscontinuedoperationsnetoftaxperdilutedshare": 0.009999999999999898,
        "earningspersharediluted": 0.6099999999999999,
        "weightedaveragenumberofsharesoutstandingbasic": -372000,
        "weightedaveragenumberofdilutedsharesoutstanding": -379000
    },
    {
        "date": "2011-04-01",
        "symbol": "ZBRA",
        "period": "Q1",
        "salesrevenuegoodsnet": 226120000,
        "salesrevenueservicesnet": 11181000,
        "salesrevenuenet": 237301000,
        "costofgoodssold": 110781000,
        "costofservices": 6522000,
        "costofgoodsandservicessold": 117303000,
        "grossprofit": 119998000,
        "sellingandmarketingexpense": 28528000,
        "researchanddevelopmentexpense": 21681000,
        "generalandadministrativeexpense": 22706000,
        "amortizationofintangibleassets": 835000,
        "restructuringcharges": 1886000,
        "operatingexpenses": 75636000,
        "operatingincomeloss": 44362000,
        "investmentincomenet": 560000,
        "foreigncurrencytransactiongainlossbeforetax": -294000,
        "othernonoperatingincomeexpense": -254000,
        "nonoperatingincomeexpense": 12000,
        "incomelossfromcontinuingoperationsbeforeincometaxesminorityinterestandincomelossfromequitymethodinvestments": 44374000,
        "incometaxexpensebenefit": 14246000,
        "incomelossfromcontinuingoperations": 30128000,
        "incomelossfromdiscontinuedoperationsnetoftax": 31506000,
        "netincomeloss": 61634000,
        "incomelossfromcontinuingoperationsperbasicshare": 0.54,
        "incomelossfromdiscontinuedoperationsnetoftaxperbasicshare": 0.57,
        "earningspersharebasic": 1.11,
        "incomelossfromcontinuingoperationsperdilutedshare": 0.54,
        "incomelossfromdiscontinuedoperationsnetoftaxperdilutedshare": 0.56,
        "earningspersharediluted": 1.1,
        "weightedaveragenumberofsharesoutstandingbasic": 55353000,
        "weightedaveragenumberofdilutedsharesoutstanding": 55774000
    }
]