[
    {
        "date": "2024-11-29",
        "symbol": "RPM",
        "period": "Q2",
        "revenuefromcontractwithcustomerexcludingassessedtax": 1845318000,
        "costofgoodsandservicessold": 1080774000,
        "grossprofit": 764544000,
        "sellinggeneralandadministrativeexpense": 529836000,
        "restructuringcharges": 7557000,
        "interestexpense": 23177000,
        "netinvestmentincomeexpenseandotherincomeexpense": 8526000,
        "othernonoperatingincomeexpense": 482000,
        "incomelossfromcontinuingoperationsbeforeincometaxesextraordinaryitemsnoncontrollinginterest": 212982000,
        "incometaxexpensebenefit": 29532000,
        "profitloss": 183450000,
        "netincomelossattributabletononcontrollinginterest": 246000,
        "netincomeloss": 183204000,
        "weightedaveragenumberofsharesoutstandingbasic": 127658000,
        "weightedaveragenumberofdilutedsharesoutstanding": 128344000,
        "earningspersharebasic": 1.43,
        "earningspersharediluted": 1.42,
        "othercomprehensiveincomelossforeigncurrencytransactionandtranslationadjustmentnetoftax": -42341000,
        "othercomprehensiveincomelosspensionandotherpostretirementbenefitplansadjustmentnetoftax": -2200000,
        "othercomprehensiveincomelossavailableforsalesecuritiesandotheradjustmentnetoftax": -47000,
        "othercomprehensiveincomelossnetoftax": -40188000,
        "comprehensiveincomenetoftaxincludingportionattributabletononcontrollinginterest": 143262000,
        "comprehensiveincomenetoftaxattributabletononcontrollinginterest": 231000,
        "comprehensiveincomenetoftax": 143031000
    },
    {
        "date": "2024-08-30",
        "symbol": "RPM",
        "period": "Q1",
        "revenuefromcontractwithcustomerexcludingassessedtax": 1968789000,
        "costofgoodsandservicessold": 1132116000,
        "grossprofit": 836673000,
        "sellinggeneralandadministrativeexpense": 526146000,
        "restructuringcharges": 7202000,
        "interestexpense": 24434000,
        "netinvestmentincomeexpenseandotherincomeexpense": 11026000,
        "othernonoperatingincomeexpense": 534000,
        "incomelossfromcontinuingoperationsbeforeincometaxesextraordinaryitemsnoncontrollinginterest": 290451000,
        "incometaxexpensebenefit": 61897000,
        "profitloss": 228554000,
        "netincomelossattributabletononcontrollinginterest": 862000,
        "netincomeloss": 227692000,
        "weightedaveragenumberofsharesoutstandingbasic": 127691000,
        "weightedaveragenumberofdilutedsharesoutstanding": 128420000,
        "earningspersharebasic": 1.78,
        "earningspersharediluted": 1.77,
        "othercomprehensiveincomelossforeigncurrencytransactionandtranslationadjustmentnetoftax": -3772000,
        "othercomprehensiveincomelosspensionandotherpostretirementbenefitplansadjustmentnetoftax": 142000,
        "othercomprehensiveincomelossavailableforsalesecuritiesandotheradjustmentnetoftax": 633000,
        "othercomprehensiveincomelossnetoftax": -3281000,
        "comprehensiveincomenetoftaxincludingportionattributabletononcontrollinginterest": 225273000,
        "comprehensiveincomenetoftaxattributabletononcontrollinginterest": 881000,
        "comprehensiveincomenetoftax": 224392000
    },
    {
        "date": "2024-05-30",
        "symbol": "RPM",
        "period": "Q4",
        "revenuefromcontractwithcustomerexcludingassessedtax": 2008163000,
        "costofgoodsandservicessold": 1177583000,
        "grossprofit": 830580000,
        "sellinggeneralandadministrativeexpense": 554504000,
        "restructuringcharges": 15912000,
        "interestexpense": 27276000,
        "netinvestmentincomeexpenseandotherincomeexpense": 8581000,
        "othernonoperatingincomeexpense": -2191000,
        "incomelossfromcontinuingoperationsbeforeincometaxesextraordinaryitemsnoncontrollinginterest": 239278000,
        "incometaxexpensebenefit": 58442000,
        "profitloss": 180836000,
        "netincomelossattributabletononcontrollinginterest": 225000,
        "netincomeloss": 180611000,
        "weightedaveragenumberofsharesoutstandingbasic": 127767000,
        "weightedaveragenumberofdilutedsharesoutstanding": 128340000,
        "earningspersharebasic": 1.3999999999999997,
        "earningspersharediluted": 1.4,
        "othercomprehensiveincomelossforeigncurrencytransactionandtranslationadjustmentnetoftax": 2329000,
        "othercomprehensiveincomelosspensionandotherpostretirementbenefitplansadjustmentnetoftax": -54151000,
        "othercomprehensiveincomelossnetoftax": 56446000,
        "comprehensiveincomenetoftaxincludingportionattributabletononcontrollinginterest": 237282000,
        "comprehensiveincomenetoftaxattributabletononcontrollinginterest": 232000,
        "comprehensiveincomenetoftax": 237050000
    },
    {
        "date": "2024-02-28",
        "symbol": "RPM",
        "period": "Q3",
        "revenuefromcontractwithcustomerexcludingassessedtax": 1522982000,
        "costofgoodsandservicessold": 915818000,
        "grossprofit": 607164000,
        "sellinggeneralandadministrativeexpense": 504760000,
        "restructuringcharges": 6359000,
        "interestexpense": 28527000,
        "netinvestmentincomeexpenseandotherincomeexpense": 18665000,
        "othernonoperatingincomeexpense": -2602000,
        "incomelossfromcontinuingoperationsbeforeincometaxesextraordinaryitemsnoncontrollinginterest": 83581000,
        "incometaxexpensebenefit": 22103000,
        "profitloss": 61478000,
        "netincomelossattributabletononcontrollinginterest": 279000,
        "netincomeloss": 61199000,
        "weightedaveragenumberofsharesoutstandingbasic": 127781000,
        "weightedaveragenumberofdilutedsharesoutstanding": 128334000,
        "earningspersharebasic": 0.48,
        "earningspersharediluted": 0.47,
        "othercomprehensiveincomelossforeigncurrencytransactionandtranslationadjustmentnetoftax": -7591000,
        "othercomprehensiveincomelosspensionandotherpostretirementbenefitplansadjustmentnetoftax": -3356000,
        "othercomprehensiveincomelossavailableforsalesecuritiesandotheradjustmentnetoftax": 197000,
        "othercomprehensiveincomelossnetoftax": -4038000,
        "comprehensiveincomenetoftaxincludingportionattributabletononcontrollinginterest": 57440000,
        "comprehensiveincomenetoftaxattributabletononcontrollinginterest": 280000,
        "comprehensiveincomenetoftax": 57160000
    },
    {
        "date": "2023-11-29",
        "symbol": "RPM",
        "period": "Q2",
        "revenuefromcontractwithcustomerexcludingassessedtax": 1792275000,
        "costofgoodsandservicessold": 1044047000,
        "grossprofit": 748228000,
        "sellinggeneralandadministrativeexpense": 523289000,
        "restructuringcharges": 1239000,
        "interestexpense": 30348000,
        "netinvestmentincomeexpenseandotherincomeexpense": 5289000,
        "othernonoperatingincomeexpense": -2817000,
        "incomelossfromcontinuingoperationsbeforeincometaxesextraordinaryitemsnoncontrollinginterest": 195824000,
        "incometaxexpensebenefit": 50009000,
        "profitloss": 145815000,
        "netincomelossattributabletononcontrollinginterest": 310000,
        "netincomeloss": 145505000,
        "weightedaveragenumberofsharesoutstandingbasic": 127758000,
        "weightedaveragenumberofdilutedsharesoutstanding": 128249000,
        "earningspersharebasic": 1.13,
        "earningspersharediluted": 1.13,
        "othercomprehensiveincomelossforeigncurrencytransactionandtranslationadjustmentnetoftax": -44000,
        "othercomprehensiveincomelosspensionandotherpostretirementbenefitplansadjustmentnetoftax": -3446000,
        "othercomprehensiveincomelossavailableforsalesecuritiesandotheradjustmentnetoftax": 94000,
        "othercomprehensiveincomelossnetoftax": 3496000,
        "comprehensiveincomenetoftaxincludingportionattributabletononcontrollinginterest": 149311000,
        "comprehensiveincomenetoftaxattributabletononcontrollinginterest": 307000,
        "comprehensiveincomenetoftax": 149004000
    },
    {
        "date": "2023-08-30",
        "symbol": "RPM",
        "period": "Q1",
        "revenuefromcontractwithcustomerexcludingassessedtax": 2011857000,
        "costofgoodsandservicessold": 1183240000,
        "grossprofit": 828617000,
        "sellinggeneralandadministrativeexpense": 531032000,
        "restructuringcharges": 6498000,
        "interestexpense": 31818000,
        "netinvestmentincomeexpenseandotherincomeexpense": 12439000,
        "othernonoperatingincomeexpense": -2554000,
        "incomelossfromcontinuingoperationsbeforeincometaxesextraordinaryitemsnoncontrollinginterest": 269154000,
        "incometaxexpensebenefit": 67841000,
        "profitloss": 201313000,
        "netincomelossattributabletononcontrollinginterest": 231000,
        "netincomeloss": 201082000,
        "weightedaveragenumberofsharesoutstandingbasic": 127633000,
        "weightedaveragenumberofdilutedsharesoutstanding": 128771000,
        "earningspersharebasic": 1.57,
        "earningspersharediluted": 1.56,
        "othercomprehensiveincomelossforeigncurrencytransactionandtranslationadjustmentnetoftax": 8853000,
        "othercomprehensiveincomelosspensionandotherpostretirementbenefitplansadjustmentnetoftax": -3164000,
        "othercomprehensiveincomelossavailableforsalesecuritiesandotheradjustmentnetoftax": -257000,
        "othercomprehensiveincomelossnetoftax": 11760000,
        "comprehensiveincomenetoftaxincludingportionattributabletononcontrollinginterest": 213073000,
        "comprehensiveincomenetoftaxattributabletononcontrollinginterest": 245000,
        "comprehensiveincomenetoftax": 212828000
    },
    {
        "date": "2023-05-30",
        "symbol": "RPM",
        "period": "Q4",
        "revenuefromcontractwithcustomerexcludingassessedtax": 6650629000,
        "costofgoodsandservicessold": 3530228000,
        "grossprofit": 775148000,
        "sellinggeneralandadministrativeexpense": 530209000,
        "restructuringcharges": 9392000,
        "interestexpense": 33630000,
        "netinvestmentincomeexpenseandotherincomeexpense": 3838000,
        "othernonoperatingincomeexpense": -2712000,
        "incomelossfromcontinuingoperationsbeforeincometaxesextraordinaryitemsnoncontrollinginterest": 856877000,
        "incometaxexpensebenefit": 54968000,
        "profitloss": 479002000,
        "netincomelossattributabletononcontrollinginterest": 311000,
        "netincomeloss": 151360000,
        "weightedaveragenumberofsharesoutstandingbasic": -255190000,
        "weightedaveragenumberofdilutedsharesoutstanding": -256291000,
        "earningspersharebasic": 1.2000000000000002,
        "earningspersharediluted": 1.1800000000000002,
        "othercomprehensiveincomelossforeigncurrencytransactionandtranslationadjustmentnetoftax": 6801000,
        "othercomprehensiveincomelosspensionandotherpostretirementbenefitplansadjustmentnetoftax": 6808000,
        "othercomprehensiveincomelossavailableforsalesecuritiesandotheradjustmentnetoftax": -82000,
        "othercomprehensiveincomelosscashflowhedgegainlossafterreclassificationandtax": -1000,
        "othercomprehensiveincomelossnetoftax": -67574000,
        "comprehensiveincomenetoftaxincludingportionattributabletononcontrollinginterest": 151581000,
        "comprehensiveincomenetoftaxattributabletononcontrollinginterest": 335000,
        "comprehensiveincomenetoftax": 151246000
    },
    {
        "date": "2023-02-27",
        "symbol": "RPM",
        "period": "Q3",
        "revenuefromcontractwithcustomerexcludingassessedtax": 1516176000,
        "costofgoodsandservicessold": 978142000,
        "grossprofit": 538034000,
        "sellinggeneralandadministrativeexpense": 450019000,
        "restructuringcharges": 4154000,
        "goodwillimpairmentloss": 36745000,
        "interestexpense": 30756000,
        "netinvestmentincomeexpenseandotherincomeexpense": 2723000,
        "gainlossondispositionofassets1": 25743000,
        "othernonoperatingincomeexpense": -2339000,
        "incomelossfromcontinuingoperationsbeforeincometaxesextraordinaryitemsnoncontrollinginterest": 42487000,
        "incometaxexpensebenefit": 15248000,
        "profitloss": 27239000,
        "netincomelossattributabletononcontrollinginterest": 265000,
        "netincomeloss": 26974000,
        "weightedaveragenumberofsharesoutstandingbasic": 127495000,
        "weightedaveragenumberofdilutedsharesoutstanding": 128035000,
        "earningspersharebasic": 0.21,
        "earningspersharediluted": 0.21,
        "othercomprehensiveincomelossforeigncurrencytransactionandtranslationadjustmentnetoftax": -6935000,
        "othercomprehensiveincomelosspensionandotherpostretirementbenefitplansadjustmentnetoftax": -3606000,
        "othercomprehensiveincomelossavailableforsalesecuritiesandotheradjustmentnetoftax": 107000,
        "othercomprehensiveincomelosscashflowhedgegainlossafterreclassificationandtax": -555000,
        "othercomprehensiveincomelossnetoftax": -3777000,
        "comprehensiveincomenetoftaxincludingportionattributabletononcontrollinginterest": 23462000,
        "comprehensiveincomenetoftaxattributabletononcontrollinginterest": 263000,
        "comprehensiveincomenetoftax": 23199000,
        "othercomprehensiveincomelossforeigncurrencytranslationadjustmenttax": 72000,
        "othercomprehensiveincomelosspensionandotherpostretirementbenefitplanstax": 1132000,
        "othercomprehensiveincomelossavailableforsalesecuritiesandothertax": 199000
    },
    {
        "date": "2022-11-29",
        "symbol": "RPM",
        "period": "Q2",
        "revenuefromcontractwithcustomerexcludingassessedtax": 1791708000,
        "costofgoodsandservicessold": 1101317000,
        "grossprofit": 690391000,
        "sellinggeneralandadministrativeexpense": 490607000,
        "restructuringcharges": 1272000,
        "interestexpense": 27918000,
        "netinvestmentincomeexpenseandotherincomeexpense": 6851000,
        "othernonoperatingincomeexpense": -2310000,
        "incomelossfromcontinuingoperationsbeforeincometaxesextraordinaryitemsnoncontrollinginterest": 175135000,
        "incometaxexpensebenefit": 43593000,
        "profitloss": 131542000,
        "netincomelossattributabletononcontrollinginterest": 198000,
        "netincomeloss": 131344000,
        "weightedaveragenumberofsharesoutstandingbasic": 127585000,
        "weightedaveragenumberofdilutedsharesoutstanding": 128911000,
        "earningspersharebasic": 1.02,
        "earningspersharediluted": 1.02,
        "othercomprehensiveincomelossforeigncurrencytransactionandtranslationadjustmentnetoftax": 9172000,
        "othercomprehensiveincomelosspensionandotherpostretirementbenefitplansadjustmentnetoftax": -3549000,
        "othercomprehensiveincomelossavailableforsalesecuritiesandotheradjustmentnetoftax": -234000,
        "othercomprehensiveincomelosscashflowhedgegainlossafterreclassificationandtax": -604000,
        "othercomprehensiveincomelossnetoftax": 11883000,
        "comprehensiveincomenetoftaxincludingportionattributabletononcontrollinginterest": 143425000,
        "comprehensiveincomenetoftaxattributabletononcontrollinginterest": 222000,
        "comprehensiveincomenetoftax": 143203000,
        "othercomprehensiveincomelossforeigncurrencytranslationadjustmenttax": 570000,
        "othercomprehensiveincomelosspensionandotherpostretirementbenefitplanstax": 1074000,
        "othercomprehensiveincomelossavailableforsalesecuritiesandothertax": 117000
    },
    {
        "date": "2022-08-30",
        "symbol": "RPM",
        "period": "Q1",
        "revenuefromcontractwithcustomerexcludingassessedtax": 1932320000,
        "costofgoodsandservicessold": 1187849000,
        "grossprofit": 744471000,
        "sellinggeneralandadministrativeexpense": 485205000,
        "restructuringcharges": 1354000,
        "interestexpense": 26711000,
        "netinvestmentincomeexpenseandotherincomeexpense": -3664000,
        "othernonoperatingincomeexpense": -2416000,
        "incomelossfromcontinuingoperationsbeforeincometaxesextraordinaryitemsnoncontrollinginterest": 225121000,
        "incometaxexpensebenefit": 55842000,
        "profitloss": 169279000,
        "netincomelossattributabletononcontrollinginterest": 266000,
        "netincomeloss": 169013000,
        "weightedaveragenumberofsharesoutstandingbasic": 127617000,
        "weightedaveragenumberofdilutedsharesoutstanding": 128161000,
        "earningspersharebasic": 1.31,
        "earningspersharediluted": 1.31,
        "othercomprehensiveincomelossforeigncurrencytransactionandtranslationadjustmentnetoftax": -78956000,
        "othercomprehensiveincomelosspensionandotherpostretirementbenefitplansadjustmentnetoftax": -4272000,
        "othercomprehensiveincomelossavailableforsalesecuritiesandotheradjustmentnetoftax": -340000,
        "othercomprehensiveincomelosscashflowhedgegainlossafterreclassificationandtax": -606000,
        "othercomprehensiveincomelossnetoftax": -75630000,
        "comprehensiveincomenetoftaxincludingportionattributabletononcontrollinginterest": 93649000,
        "comprehensiveincomenetoftaxattributabletononcontrollinginterest": 204000,
        "comprehensiveincomenetoftax": 93445000,
        "othercomprehensiveincomelossforeigncurrencytranslationadjustmenttax": 1621000,
        "othercomprehensiveincomelosspensionandotherpostretirementbenefitplanstax": 1431000,
        "othercomprehensiveincomelossavailableforsalesecuritiesandothertax": 89000
    },
    {
        "date": "2022-05-30",
        "symbol": "RPM",
        "period": "Q4",
        "revenuefromcontractwithcustomerexcludingassessedtax": 1983891000,
        "costofgoodsandservicessold": 1245389000,
        "grossprofit": 738502000,
        "sellinggeneralandadministrativeexpense": 498156000,
        "restructuringcharges": 1149000,
        "interestexpense": 23801000,
        "netinvestmentincomeexpenseandotherincomeexpense": -6174000,
        "othernonoperatingincomeexpense": 2845000,
        "incometaxexpensebenefit": 22371000,
        "profitloss": 199306000,
        "netincomelossattributabletononcontrollinginterest": 301000,
        "netincomeloss": 199005000,
        "weightedaveragenumberofsharesoutstandingbasic": -256100000,
        "weightedaveragenumberofdilutedsharesoutstanding": -257186000,
        "earningspersharebasic": 1.54,
        "earningspersharediluted": 1.54,
        "othercomprehensiveincomelossnetoftax": 14916000,
        "comprehensiveincomenetoftaxincludingportionattributabletononcontrollinginterest": 214222000,
        "comprehensiveincomenetoftaxattributabletononcontrollinginterest": 246000,
        "comprehensiveincomenetoftax": 213976000
    },
    {
        "date": "2022-02-27",
        "symbol": "RPM",
        "period": "Q3",
        "revenuefromcontractwithcustomerexcludingassessedtax": 1433879000,
        "costofgoodsandservicessold": 935293000,
        "grossprofit": 498586000,
        "sellinggeneralandadministrativeexpense": 433569000,
        "restructuringcharges": 1140000,
        "interestexpense": 22016000,
        "netinvestmentincomeexpenseandotherincomeexpense": -4355000,
        "gainlossondispositionofassets1": 249000,
        "othernonoperatingincomeexpense": 2742000,
        "incomelossfromcontinuingoperationsbeforeincometaxesextraordinaryitemsnoncontrollinginterest": 40497000,
        "incometaxexpensebenefit": 7248000,
        "profitloss": 33249000,
        "netincomelossattributabletononcontrollinginterest": 230000,
        "netincomeloss": 33019000,
        "weightedaveragenumberofsharesoutstandingbasic": 127943000,
        "weightedaveragenumberofdilutedsharesoutstanding": 129702000,
        "earningspersharebasic": 0.26,
        "earningspersharediluted": 0.25,
        "othercomprehensiveincomelossforeigncurrencytransactionandtranslationadjustmentnetoftax": 16124000,
        "othercomprehensiveincomelosspensionandotherpostretirementbenefitplansadjustmentnetoftax": -3057000,
        "othercomprehensiveincomelossavailableforsalesecuritiesandotheradjustmentnetoftax": -384000,
        "othercomprehensiveincomelosscashflowhedgegainlossafterreclassificationandtax": 2648000,
        "othercomprehensiveincomelossnetoftax": 21445000,
        "comprehensiveincomenetoftaxincludingportionattributabletononcontrollinginterest": 54694000,
        "comprehensiveincomenetoftaxattributabletononcontrollinginterest": 238000,
        "comprehensiveincomenetoftax": 54456000,
        "othercomprehensiveincomelossforeigncurrencytranslationadjustmenttax": 296000,
        "othercomprehensiveincomelosspensionandotherpostretirementbenefitplanstax": 951000,
        "othercomprehensiveincomelossavailableforsalesecuritiesandothertax": 238000,
        "othercomprehensiveincomelossunrealizedgainlossonderivativestax": 838000
    },
    {
        "date": "2021-11-29",
        "symbol": "RPM",
        "period": "Q2",
        "revenuefromcontractwithcustomerexcludingassessedtax": 1639538000,
        "costofgoodsandservicessold": 1056924000,
        "grossprofit": 582614000,
        "sellinggeneralandadministrativeexpense": 437709000,
        "restructuringcharges": 2977000,
        "interestexpense": 21002000,
        "netinvestmentincomeexpenseandotherincomeexpense": -2816000,
        "gainlossondispositionofassets1": 42124000,
        "othernonoperatingincomeexpense": 2920000,
        "incomelossfromcontinuingoperationsbeforeincometaxesminorityinterestandincomelossfromequitymethodinvestments": 163154000,
        "incometaxexpensebenefit": 38038000,
        "profitloss": 125116000,
        "netincomelossattributabletononcontrollinginterest": 241000,
        "netincomeloss": 124875000,
        "weightedaveragenumberofsharesoutstandingbasic": 128022000,
        "weightedaveragenumberofdilutedsharesoutstanding": 128494000,
        "earningspersharebasic": 0.97,
        "earningspersharediluted": 0.96,
        "othercomprehensiveincomelossforeigncurrencytransactionandtranslationadjustmentnetoftax": -46866000,
        "othercomprehensiveincomelosspensionandotherpostretirementbenefitplansadjustmentnetoftax": -3587000,
        "othercomprehensiveincomelossavailableforsalesecuritiesandotheradjustmentnetoftax": -177000,
        "othercomprehensiveincomelossderivativesqualifyingashedgesnetoftax": 10190000,
        "othercomprehensiveincomelossnetoftax": -33266000,
        "comprehensiveincomenetoftaxincludingportionattributabletononcontrollinginterest": 91850000,
        "comprehensiveincomenetoftaxattributabletononcontrollinginterest": 212000,
        "comprehensiveincomenetoftax": 91638000,
        "othercomprehensiveincomelossforeigncurrencytranslationadjustmenttax": 1521000,
        "othercomprehensiveincomelosspensionandotherpostretirementbenefitplanstax": 1213000,
        "othercomprehensiveincomelossavailableforsalesecuritiesandothertax": 90000,
        "othercomprehensiveincomelossunrealizedgainlossonderivativestax": 3142000
    },
    {
        "date": "2021-08-30",
        "symbol": "RPM",
        "period": "Q1",
        "revenuefromcontractwithcustomerexcludingassessedtax": 1650420000,
        "costofgoodsandservicessold": 1037069000,
        "grossprofit": 613351000,
        "sellinggeneralandadministrativeexpense": 418850000,
        "restructuringcharges": 1010000,
        "interestexpense": 21109000,
        "netinvestmentincomeexpenseandotherincomeexpense": 5750000,
        "othernonoperatingincomeexpense": 3339000,
        "incomelossfromcontinuingoperationsbeforeincometaxesminorityinterestandincomelossfromequitymethodinvestments": 181471000,
        "incometaxexpensebenefit": 46676000,
        "profitloss": 134795000,
        "netincomelossattributabletononcontrollinginterest": 213000,
        "netincomeloss": 134582000,
        "weightedaveragenumberofsharesoutstandingbasic": 128083000,
        "weightedaveragenumberofdilutedsharesoutstanding": 128570000,
        "earningspersharebasic": 1.04,
        "earningspersharediluted": 1.04,
        "othercomprehensiveincomelossforeigncurrencytransactionandtranslationadjustmentnetoftax": -38980000,
        "othercomprehensiveincomelosspensionandotherpostretirementbenefitplansadjustmentnetoftax": -4442000,
        "othercomprehensiveincomelossavailableforsalesecuritiesandotheradjustmentnetoftax": 274000,
        "othercomprehensiveincomelossderivativesqualifyingashedgesnetoftax": 8610000,
        "othercomprehensiveincomelossnetoftax": -25654000,
        "comprehensiveincomenetoftaxincludingportionattributabletononcontrollinginterest": 109141000,
        "comprehensiveincomenetoftaxattributabletononcontrollinginterest": 183000,
        "comprehensiveincomenetoftax": 108958000,
        "othercomprehensiveincomelossforeigncurrencytranslationadjustmenttax": 2337000,
        "othercomprehensiveincomelosspensionandotherpostretirementbenefitplanstax": 1466000,
        "othercomprehensiveincomelossavailableforsalesecuritiesandothertax": 145000,
        "othercomprehensiveincomelossunrealizedgainlossonderivativestax": 2571000
    },
    {
        "date": "2021-05-30",
        "symbol": "RPM",
        "period": "Q4",
        "revenuefromcontractwithcustomerexcludingassessedtax": 1744308000,
        "costofgoodsandservicessold": 1050917000,
        "grossprofit": 693391000,
        "sellinggeneralandadministrativeexpense": 466469000,
        "restructuringcharges": 5826000,
        "interestexpense": 21425000,
        "othernonoperatingincomeexpense": -6132000,
        "incomelossfromcontinuingoperationsbeforeincometaxesminorityinterestandincomelossfromequitymethodinvestments": 204253000,
        "incometaxexpensebenefit": 47888000,
        "profitloss": 156365000,
        "netincomelossattributabletononcontrollinginterest": 218000,
        "netincomeloss": 156147000,
        "weightedaveragenumberofsharesoutstandingbasic": -257031000,
        "weightedaveragenumberofdilutedsharesoutstanding": -258895000,
        "earningspersharebasic": 1.2200000000000004,
        "earningspersharediluted": 1.2100000000000002,
        "othercomprehensiveincomelossnetoftax": 108072000,
        "comprehensiveincomenetoftaxincludingportionattributabletononcontrollinginterest": 264437000,
        "comprehensiveincomenetoftaxattributabletononcontrollinginterest": 236000,
        "comprehensiveincomenetoftax": 264201000
    },
    {
        "date": "2021-02-27",
        "symbol": "RPM",
        "period": "Q3",
        "revenuefromcontractwithcustomerexcludingassessedtax": 1269395000,
        "costofgoodsandservicessold": 797454000,
        "grossprofit": 471941000,
        "sellinggeneralandadministrativeexpense": 402186000,
        "restructuringcharges": 3129000,
        "interestexpense": 20964000,
        "netinvestmentincomeexpenseandotherincomeexpense": 11454000,
        "othernonoperatingincomeexpense": -1256000,
        "incomelossfromcontinuingoperationsbeforeincometaxesminorityinterestandincomelossfromequitymethodinvestments": 55860000,
        "incometaxexpensebenefit": 17394000,
        "profitloss": 38466000,
        "netincomelossattributabletononcontrollinginterest": 224000,
        "netincomeloss": 38242000,
        "weightedaveragenumberofsharesoutstandingbasic": 128447000,
        "weightedaveragenumberofdilutedsharesoutstanding": 129949000,
        "earningspersharebasic": 0.3,
        "earningspersharediluted": 0.29,
        "othercomprehensiveincomelossforeigncurrencytransactionandtranslationadjustmentnetoftax": 25718000,
        "othercomprehensiveincomelosspensionandotherpostretirementbenefitplansadjustmentnetoftax": -4719000,
        "othercomprehensiveincomelossavailableforsalesecuritiesandotheradjustmentnetoftax": -957000,
        "othercomprehensiveincomelossderivativesqualifyingashedgesnetoftax": -2554000,
        "othercomprehensiveincomelossnetoftax": 26926000,
        "comprehensiveincomenetoftaxincludingportionattributabletononcontrollinginterest": 65392000,
        "comprehensiveincomenetoftaxattributabletononcontrollinginterest": 268000,
        "comprehensiveincomenetoftax": 65124000,
        "othercomprehensiveincomelossforeigncurrencytranslationadjustmenttax": 273000,
        "othercomprehensiveincomelosspensionandotherpostretirementbenefitplanstax": 1356000,
        "othercomprehensiveincomelossavailableforsalesecuritiesandothertax": 330000,
        "othercomprehensiveincomelossunrealizedgainlossonderivativestax": 763000
    },
    {
        "date": "2020-11-29",
        "symbol": "RPM",
        "period": "Q2",
        "revenuefromcontractwithcustomerexcludingassessedtax": 1485915000,
        "costofgoodsandservicessold": 899743000,
        "grossprofit": 586172000,
        "sellinggeneralandadministrativeexpense": 399418000,
        "restructuringcharges": 4918000,
        "interestexpense": 21266000,
        "netinvestmentincomeandotherincome": 9519000,
        "othernonoperatingincomeexpense": -3133000,
        "incomelossfromcontinuingoperationsbeforeincometaxesminorityinterestandincomelossfromequitymethodinvestments": 166956000,
        "incometaxexpensebenefit": 39072000,
        "profitloss": 127884000,
        "netincomelossattributabletononcontrollinginterest": 225000,
        "netincomeloss": 127659000,
        "weightedaveragenumberofsharesoutstandingbasic": 128500000,
        "weightedaveragenumberofdilutedsharesoutstanding": 129090000,
        "earningspersharebasic": 0.98,
        "earningspersharediluted": 0.98,
        "othercomprehensiveincomelossforeigncurrencytransactionandtranslationadjustmentnetoftax": 12495000,
        "othercomprehensiveincomelosspensionandotherpostretirementbenefitplansadjustmentnetoftax": -5644000,
        "othercomprehensiveincomelossavailableforsalesecuritiesandotheradjustmentnetoftax": 80000,
        "othercomprehensiveincomelossderivativesqualifyingashedgesnetoftax": -376000,
        "othercomprehensiveincomelossnetoftax": 17843000,
        "comprehensiveincomenetoftaxincludingportionattributabletononcontrollinginterest": 145727000,
        "comprehensiveincomenetoftaxattributabletononcontrollinginterest": 225000,
        "comprehensiveincomenetoftax": 145502000,
        "othercomprehensiveincomelossforeigncurrencytranslationadjustmenttax": 81000,
        "othercomprehensiveincomelosspensionandotherpostretirementbenefitplanstax": 1722000,
        "othercomprehensiveincomelossavailableforsalesecuritiesandothertax": 240000,
        "othercomprehensiveincomelossunrealizedgainlossonderivativestax": 119000
    },
    {
        "date": "2020-08-30",
        "symbol": "RPM",
        "period": "Q1",
        "revenuefromcontractwithcustomerexcludingassessedtax": 1606670000,
        "costofgoodsandservicessold": 953015000,
        "grossprofit": 653655000,
        "sellinggeneralandadministrativeexpense": 395953000,
        "restructuringcharges": 4233000,
        "interestexpense": 21745000,
        "netinvestmentincomeandotherincome": 12763000,
        "othernonoperatingincomeexpense": -3118000,
        "incomelossfromcontinuingoperationsbeforeincometaxesminorityinterestandincomelossfromequitymethodinvestments": 241369000,
        "incometaxexpensebenefit": 60584000,
        "profitloss": 180785000,
        "netincomelossattributabletononcontrollinginterest": 190000,
        "netincomeloss": 180595000,
        "weightedaveragenumberofsharesoutstandingbasic": 128418000,
        "weightedaveragenumberofdilutedsharesoutstanding": 128783000,
        "earningspersharebasic": 1.39,
        "earningspersharediluted": 1.39,
        "othercomprehensiveincomelossforeigncurrencytransactionandtranslationadjustmentnetoftax": 64667000,
        "othercomprehensiveincomelosspensionandotherpostretirementbenefitplansadjustmentnetoftax": -3260000,
        "othercomprehensiveincomelossavailableforsalesecuritiesandotheradjustmentnetoftax": 89000,
        "othercomprehensiveincomelossderivativesqualifyingashedgesnetoftax": -18112000,
        "othercomprehensiveincomelossnetoftax": 49904000,
        "comprehensiveincomenetoftaxincludingportionattributabletononcontrollinginterest": 230689000,
        "comprehensiveincomenetoftaxattributabletononcontrollinginterest": 259000,
        "comprehensiveincomenetoftax": 230430000,
        "othercomprehensiveincomelossforeigncurrencytranslationadjustmenttax": 2862000,
        "othercomprehensiveincomelosspensionandotherpostretirementbenefitplanstax": 786000,
        "othercomprehensiveincomelossavailableforsalesecuritiesandothertaxexpensebenefit": -82000,
        "othercomprehensiveincomelossunrealizedgainlossonderivativestax": 5542000
    },
    {
        "date": "2020-05-30",
        "symbol": "RPM",
        "period": "Q4",
        "revenuefromcontractwithcustomerexcludingassessedtax": 1458961000,
        "costofgoodsandservicessold": 905006000,
        "grossprofit": 553955000,
        "sellinggeneralandadministrativeexpense": 362862000,
        "restructuringcharges": 14342000,
        "interestexpense": 22373000,
        "othernonoperatingincomeexpense": -6908000,
        "incomelossfromcontinuingoperationsbeforeincometaxesminorityinterestandincomelossfromequitymethodinvestments": 146855000,
        "incometaxexpensebenefit": 37680000,
        "profitloss": 109175000,
        "netincomelossattributabletononcontrollinginterest": -138000,
        "netincomeloss": 109313000,
        "weightedaveragenumberofsharesoutstandingbasic": -104000,
        "weightedaveragenumberofdilutedsharesoutstanding": 736000,
        "earningspersharebasic": 0.8399999999999997,
        "earningspersharediluted": 0.8400000000000002,
        "othercomprehensiveincomelossnetoftax": -125504000,
        "comprehensiveincomenetoftaxincludingportionattributabletononcontrollinginterest": -16329000,
        "comprehensiveincomenetoftaxattributabletononcontrollinginterest": -171000,
        "comprehensiveincomenetoftax": -16158000
    },
    {
        "date": "2020-02-28",
        "symbol": "RPM",
        "period": "Q3",
        "revenuefromcontractwithcustomerexcludingassessedtax": 1173977000,
        "costofgoodsandservicessold": 739229000,
        "grossprofit": 434748000,
        "sellinggeneralandadministrativeexpense": 381868000,
        "restructuringcharges": 7343000,
        "interestexpense": 23972000,
        "othernonoperatingincomeexpense": -1422000,
        "incomelossfromcontinuingoperationsbeforeincometaxesminorityinterestandincomelossfromequitymethodinvestments": 16307000,
        "incometaxexpensebenefit": 4218000,
        "profitloss": 12089000,
        "netincomelossattributabletononcontrollinginterest": 235000,
        "netincomeloss": 11854000,
        "weightedaveragenumberofsharesoutstandingbasic": -67000,
        "weightedaveragenumberofdilutedsharesoutstanding": -56000,
        "earningspersharebasic": 0.09000000000000008,
        "earningspersharediluted": 0.09000000000000008,
        "othercomprehensiveincomelossforeigncurrencytransactionandtranslationadjustmentnetoftax": -14513000,
        "othercomprehensiveincomelosspensionandotherpostretirementbenefitplansadjustmentnetoftax": -4196000,
        "othercomprehensiveincomelossavailableforsalesecuritiesandotheradjustmentnetoftax": 559000,
        "othercomprehensiveincomelossderivativesqualifyingashedgesnetoftax": -5567000,
        "othercomprehensiveincomelossnetoftax": -15325000,
        "comprehensiveincomenetoftaxincludingportionattributabletononcontrollinginterest": -3236000,
        "comprehensiveincomenetoftaxattributabletononcontrollinginterest": 229000,
        "comprehensiveincomenetoftax": -3465000,
        "othercomprehensiveincomelosspensionandotherpostretirementbenefitplanstax": 1335000,
        "othercomprehensiveincomelossunrealizedgainlossonderivativestax": 727000
    },
    {
        "date": "2019-11-29",
        "symbol": "RPM",
        "period": "Q2",
        "revenuefromcontractwithcustomerexcludingassessedtax": 1401292000,
        "costofgoodsandservicessold": 871894000,
        "grossprofit": 529398000,
        "sellinggeneralandadministrativeexpense": 403357000,
        "restructuringcharges": 4801000,
        "interestexpense": 26341000,
        "othernonoperatingincomeexpense": -1951000,
        "incomelossfromcontinuingoperationsbeforeincometaxesminorityinterestandincomelossfromequitymethodinvestments": 101753000,
        "incometaxexpensebenefit": 24431000,
        "profitloss": 77322000,
        "netincomelossattributabletononcontrollinginterest": 292000,
        "netincomeloss": 77030000,
        "weightedaveragenumberofsharesoutstandingbasic": -243000,
        "weightedaveragenumberofdilutedsharesoutstanding": -210000,
        "earningspersharebasic": 0.6,
        "earningspersharediluted": 0.59,
        "othercomprehensiveincomelossforeigncurrencytransactionandtranslationadjustmentnetoftax": 20967000,
        "othercomprehensiveincomelosspensionandotherpostretirementbenefitplansadjustmentnetoftax": -3404000,
        "othercomprehensiveincomelossavailableforsalesecuritiesandotheradjustmentnetoftax": -155000,
        "othercomprehensiveincomelossderivativesqualifyingashedgesnetoftax": 381000,
        "othercomprehensiveincomelossnetoftax": 24597000,
        "comprehensiveincomenetoftaxincludingportionattributabletononcontrollinginterest": 101919000,
        "comprehensiveincomenetoftaxattributabletononcontrollinginterest": 343000,
        "comprehensiveincomenetoftax": 101576000,
        "othercomprehensiveincomelosspensionandotherpostretirementbenefitplanstax": 1015000,
        "othercomprehensiveincomelossavailableforsalesecuritiesandothertax": 0,
        "othercomprehensiveincomelossunrealizedgainlossonderivativestax": -305000
    },
    {
        "date": "2019-08-30",
        "symbol": "RPM",
        "period": "Q1",
        "revenuefromcontractwithcustomerexcludingassessedtax": 1472764000,
        "costofgoodsandservicessold": 898010000,
        "grossprofit": 574754000,
        "sellinggeneralandadministrativeexpense": 400566000,
        "restructuringcharges": 6622000,
        "interestexpense": 28317000,
        "netinvestmentincomeandotherincome": 5385000,
        "othernonoperatingincomeexpense": -1785000,
        "incomelossfromcontinuingoperationsbeforeincometaxesminorityinterestandincomelossfromequitymethodinvestments": 142849000,
        "incometaxexpensebenefit": 36353000,
        "profitloss": 106496000,
        "netincomelossattributabletononcontrollinginterest": 308000,
        "netincomeloss": 106188000,
        "weightedaveragenumberofsharesoutstandingbasic": 128882000,
        "weightedaveragenumberofdilutedsharesoutstanding": 129504000,
        "earningspersharebasic": 0.82,
        "earningspersharediluted": 0.82,
        "othercomprehensiveincomelossforeigncurrencytransactionandtranslationadjustmentnetoftax": -28434000,
        "othercomprehensiveincomelosspensionandotherpostretirementbenefitplansadjustmentnetoftax": -3623000,
        "othercomprehensiveincomelossavailableforsalesecuritiesandotheradjustmentnetoftax": 371000,
        "othercomprehensiveincomelossderivativesqualifyingashedgesnetoftax": 784000,
        "othercomprehensiveincomelossnetoftax": -23656000,
        "comprehensiveincomenetoftaxincludingportionattributabletononcontrollinginterest": 82840000,
        "comprehensiveincomenetoftaxattributabletononcontrollinginterest": 277000,
        "comprehensiveincomenetoftax": 82563000,
        "othercomprehensiveincomelosspensionandotherpostretirementbenefitplanstax": 1104000,
        "othercomprehensiveincomelossavailableforsalesecuritiesandothertax": 1000,
        "othercomprehensiveincomelossunrealizedgainlossonderivativestax": 579000
    },
    {
        "date": "2019-05-30",
        "symbol": "RPM",
        "period": "Q4",
        "revenuefromcontractwithcustomerexcludingassessedtax": 1308495000,
        "costofgoodsandservicessold": -2211399000,
        "grossprofit": 683756000,
        "sellinggeneralandadministrativeexpense": 468937000,
        "restructuringcharges": 1500000,
        "interestexpense": 28334000,
        "othernonoperatingincomeexpense": -218000,
        "incomelossfromcontinuingoperationsbeforeincometaxesminorityinterestandincomelossfromequitymethodinvestments": -57335000,
        "incometaxexpensebenefit": 43018000,
        "profitloss": -132726000,
        "netincomelossattributabletononcontrollinginterest": 452000,
        "netincomeloss": 133380000,
        "weightedaveragenumberofsharesoutstandingbasic": -467000,
        "weightedaveragenumberofdilutedsharesoutstanding": 1504000,
        "earningspersharebasic": 1.0199999999999996,
        "earningspersharediluted": 1.0099999999999998,
        "othercomprehensiveincomelossnetoftax": 19365000,
        "comprehensiveincomenetoftaxincludingportionattributabletononcontrollinginterest": 34617000,
        "comprehensiveincomenetoftaxattributabletononcontrollinginterest": 1209000,
        "comprehensiveincomenetoftax": 33408000
    },
    {
        "date": "2019-02-27",
        "symbol": "RPM",
        "period": "Q3",
        "revenuefromcontractwithcustomerexcludingassessedtax": 174745000,
        "costofgoodsandservicessold": 694490000,
        "grossprofit": 446140000,
        "sellinggeneralandadministrativeexpense": 410871000,
        "restructuringcharges": -3400000,
        "interestexpense": 26525000,
        "othernonoperatingincomeexpense": -327000,
        "incomelossfromcontinuingoperationsbeforeincometaxesminorityinterestandincomelossfromequitymethodinvestments": -47263000,
        "incometaxexpensebenefit": -10032000,
        "profitloss": 133484000,
        "netincomelossattributabletononcontrollinginterest": 306000,
        "netincomeloss": 14190000,
        "weightedaveragenumberofsharesoutstandingbasic": -131900000,
        "weightedaveragenumberofdilutedsharesoutstanding": -135268000,
        "earningspersharebasic": 0.12,
        "earningspersharediluted": 0.10999999999999999,
        "othercomprehensiveincomelossforeigncurrencytransactionandtranslationadjustmentnetoftax": -31944000,
        "othercomprehensiveincomelosspensionandotherpostretirementbenefitplansadjustmentnetoftax": -2478000,
        "othercomprehensiveincomelossderivativesqualifyingashedgesnetoftax": -603000,
        "othercomprehensiveincomelossnetoftax": -19132000,
        "comprehensiveincomenetoftaxincludingportionattributabletononcontrollinginterest": 114352000,
        "comprehensiveincomenetoftaxattributabletononcontrollinginterest": -218000,
        "comprehensiveincomenetoftax": 37634000,
        "othercomprehensiveincomelosspensionandotherpostretirementbenefitplanstax": 711000
    },
    {
        "date": "2018-11-29",
        "symbol": "RPM",
        "period": "Q2",
        "revenuefromcontractwithcustomerexcludingassessedtax": 211987000,
        "costofgoodsandservicessold": 824562000,
        "grossprofit": 537969000,
        "sellinggeneralandadministrativeexpense": 430080000,
        "restructuringcharges": 3400000,
        "interestexpense": 23127000,
        "netinvestmentincomeexpenseandotherincomeexpense": -7033000,
        "othernonoperatingincomeexpense": -3412000,
        "incomelossfromcontinuingoperationsbeforeincometaxesminorityinterestandincomelossfromequitymethodinvestments": -59018000,
        "incometaxexpensebenefit": 17420000,
        "profitloss": -51000,
        "netincomelossattributabletononcontrollinginterest": -51000,
        "netincomeloss": 49224000,
        "weightedaveragenumberofsharesoutstandingbasic": 131058000,
        "weightedaveragenumberofdilutedsharesoutstanding": 131667000,
        "earningspersharebasic": 0.37,
        "earningspersharediluted": 0.37,
        "commonstockdividendspersharedeclared": 0.35,
        "othercomprehensiveincomelossforeigncurrencytransactionandtranslationadjustmentnetoftax": 91000,
        "othercomprehensiveincomelosspensionandotherpostretirementbenefitplansadjustmentnetoftax": -3428000,
        "othercomprehensiveincomelossavailableforsalesecuritiesandotheradjustmentnetoftax": -1515000,
        "othercomprehensiveincomelossderivativesqualifyingashedgesnetoftax": 2349000,
        "othercomprehensiveincomelossnetoftax": 91000,
        "comprehensiveincomenetoftaxincludingportionattributabletononcontrollinginterest": 40000,
        "comprehensiveincomenetoftaxattributabletononcontrollinginterest": 40000,
        "comprehensiveincomenetoftax": 41150000,
        "othercomprehensiveincomelosspensionandotherpostretirementbenefitplanstax": 1108000,
        "othercomprehensiveincomelossavailableforsalesecuritiesandothertax": 124000
    },
    {
        "date": "2018-08-30",
        "symbol": "RPM",
        "period": "Q1",
        "revenuefromcontractwithcustomerexcludingassessedtax": 192820000,
        "costofgoodsandservicessold": 865947000,
        "grossprofit": 594042000,
        "sellinggeneralandadministrativeexpense": 459742000,
        "restructuringcharges": 200000,
        "interestexpense": 24406000,
        "netinvestmentincomeandotherincome": 2433000,
        "othernonoperatingincomeexpense": -313000,
        "incomelossfromcontinuingoperationsbeforeincometaxesminorityinterestandincomelossfromequitymethodinvestments": -56216000,
        "incometaxexpensebenefit": 21752000,
        "profitloss": 422000,
        "netincomelossattributabletononcontrollinginterest": 422000,
        "netincomeloss": 69764000,
        "weightedaveragenumberofsharesoutstandingbasic": 131861000,
        "weightedaveragenumberofdilutedsharesoutstanding": 136430000,
        "earningspersharebasic": 0.52,
        "earningspersharediluted": 0.52,
        "commonstockdividendspersharedeclared": 0.32,
        "othercomprehensiveincomelossforeigncurrencytransactionandtranslationadjustmentnetoftax": -258000,
        "othercomprehensiveincomelosspensionandotherpostretirementbenefitplansadjustmentnetoftax": -3056000,
        "othercomprehensiveincomelossavailableforsalesecuritiesadjustmentnetoftax": 2476000,
        "othercomprehensiveincomelossderivativesqualifyingashedgesnetoftax": 921000,
        "othercomprehensiveincomelossnetoftax": -258000,
        "comprehensiveincomenetoftaxincludingportionattributabletononcontrollinginterest": 164000,
        "comprehensiveincomenetoftaxattributabletononcontrollinginterest": 164000,
        "comprehensiveincomenetoftax": 35786000,
        "othercomprehensiveincomelosspensionandotherpostretirementbenefitplanstax": 982000,
        "othercomprehensiveincomelossavailableforsalesecuritiestax": 668000
    },
    {
        "date": "2018-05-30",
        "symbol": "RPM",
        "period": "Q4",
        "grossprofit": 618696000,
        "sellinggeneralandadministrativeexpense": 466163000,
        "interestexpense": 23919000,
        "netinvestmentincomeandotherincome": 6779000,
        "othernonoperatingincomeexpense": 6000,
        "incomelossfromcontinuingoperationsbeforeincometaxesminorityinterestandincomelossfromequitymethodinvestments": -36712000,
        "incometaxexpensebenefit": 31977000,
        "profitloss": 244000,
        "netincomelossattributabletononcontrollinginterest": 244000,
        "netincomeloss": 85664000,
        "weightedaveragenumberofsharesoutstandingbasic": -262398000,
        "weightedaveragenumberofdilutedsharesoutstanding": -265319000,
        "earningspersharebasic": 0.66,
        "earningspersharediluted": 0.6400000000000002,
        "commonstockdividendspersharedeclared": 0.3199999999999999,
        "othercomprehensiveincomelossnetoftax": -123000,
        "comprehensiveincomenetoftaxincludingportionattributabletononcontrollinginterest": 352829000,
        "comprehensiveincomenetoftaxattributabletononcontrollinginterest": 120000,
        "comprehensiveincomenetoftax": 32353000
    },
    {
        "date": "2018-02-27",
        "symbol": "RPM",
        "period": "Q3",
        "salesrevenuenet": 170097000,
        "costofgoodssold": 663184000,
        "grossprofit": 439493000,
        "sellinggeneralandadministrativeexpense": 382972000,
        "interestexpense": 27459000,
        "netinvestmentincomeandotherincome": 5471000,
        "othernonoperatingincomeexpense": 165000,
        "incomelossfromcontinuingoperationsbeforeincometaxesminorityinterestandincomelossfromequitymethodinvestments": -35021000,
        "incometaxexpensebenefit": -5890000,
        "profitloss": 361000,
        "netincomelossattributabletononcontrollinginterest": 361000,
        "netincomeloss": 40227000,
        "weightedaveragenumberofsharesoutstandingbasic": 131178000,
        "weightedaveragenumberofdilutedsharesoutstanding": 131178000,
        "earningspersharebasic": 0.3,
        "earningspersharediluted": 0.3,
        "commonstockdividendspersharedeclared": 0.32,
        "othercomprehensiveincomelossforeigncurrencytransactionandtranslationadjustmentnetoftax": 32000,
        "othercomprehensiveincomelosspensionandotherpostretirementbenefitplansadjustmentnetoftax": -2279000,
        "othercomprehensiveincomelossavailableforsalesecuritiesadjustmentnetoftax": -2380000,
        "othercomprehensiveincomelossderivativesqualifyingashedgesnetoftax": -2137000,
        "othercomprehensiveincomelossnetoftax": 32000,
        "comprehensiveincomenetoftaxincludingportionattributabletononcontrollinginterest": 393000,
        "comprehensiveincomenetoftaxattributabletononcontrollinginterest": 393000,
        "comprehensiveincomenetoftax": 69090000,
        "othercomprehensiveincomelosspensionandotherpostretirementbenefitplanstax": 1319000,
        "othercomprehensiveincomelossavailableforsalesecuritiestax": -1070000
    },
    {
        "date": "2017-11-29",
        "symbol": "RPM",
        "period": "Q2",
        "salesrevenuenet": 197080000,
        "costofgoodssold": 764401000,
        "grossprofit": 551015000,
        "sellinggeneralandadministrativeexpense": 419599000,
        "interestexpense": 26396000,
        "netinvestmentincomeandotherincome": 3739000,
        "othernonoperatingincomeexpense": 422000,
        "incomelossfromcontinuingoperationsbeforeincometaxesminorityinterestandincomelossfromequitymethodinvestments": -38039000,
        "incometaxexpensebenefit": 13323000,
        "profitloss": 395000,
        "netincomelossattributabletononcontrollinginterest": 395000,
        "netincomeloss": 95463000,
        "weightedaveragenumberofsharesoutstandingbasic": 131163000,
        "weightedaveragenumberofdilutedsharesoutstanding": 135592000,
        "earningspersharebasic": 0.72,
        "earningspersharediluted": 0.7,
        "commonstockdividendspersharedeclared": 0.32,
        "othercomprehensiveincomelossforeigncurrencytransactionandtranslationadjustmentnetoftax": -72000,
        "othercomprehensiveincomelosspensionandotherpostretirementbenefitplansadjustmentnetoftax": -3066000,
        "othercomprehensiveincomelossavailableforsalesecuritiesadjustmentnetoftax": 2549000,
        "othercomprehensiveincomelossderivativesqualifyingashedgesnetoftax": -2746000,
        "othercomprehensiveincomelossnetoftax": -72000,
        "comprehensiveincomenetoftaxincludingportionattributabletononcontrollinginterest": 323000,
        "comprehensiveincomenetoftaxattributabletononcontrollinginterest": 323000,
        "comprehensiveincomenetoftax": 90246000,
        "othercomprehensiveincomelosspensionandotherpostretirementbenefitplanstax": 1611000,
        "othercomprehensiveincomelossavailableforsalesecuritiestax": 1176000
    },
    {
        "date": "2017-08-30",
        "symbol": "RPM",
        "period": "Q1",
        "salesrevenuenet": 188482000,
        "costofgoodssold": 773386000,
        "grossprofit": 572008000,
        "sellinggeneralandadministrativeexpense": 394409000,
        "interestexpense": 26773000,
        "netinvestmentincomeandotherincome": 4453000,
        "othernonoperatingincomeexpense": 5000,
        "incomelossfromcontinuingoperationsbeforeincometaxesminorityinterestandincomelossfromequitymethodinvestments": -39153000,
        "incometaxexpensebenefit": 38381000,
        "profitloss": 487000,
        "netincomelossattributabletononcontrollinginterest": 487000,
        "netincomeloss": 116416000,
        "weightedaveragenumberofsharesoutstandingbasic": 131236000,
        "weightedaveragenumberofdilutedsharesoutstanding": 135720000,
        "earningspersharebasic": 0.87,
        "earningspersharediluted": 0.86,
        "commonstockdividendspersharedeclared": 0.3,
        "othercomprehensiveincomelossforeigncurrencytransactionandtranslationadjustmentnetoftax": 31000,
        "othercomprehensiveincomelosspensionandotherpostretirementbenefitplansadjustmentnetoftax": -629000,
        "othercomprehensiveincomelossavailableforsalesecuritiesadjustmentnetoftax": -78000,
        "othercomprehensiveincomelossderivativesqualifyingashedgesnetoftax": -394000,
        "othercomprehensiveincomelossnetoftax": 31000,
        "comprehensiveincomenetoftaxincludingportionattributabletononcontrollinginterest": 518000,
        "comprehensiveincomenetoftaxattributabletononcontrollinginterest": 518000,
        "comprehensiveincomenetoftax": 161020000,
        "othercomprehensiveincomelosspensionandotherpostretirementbenefitplanstax": 646000,
        "othercomprehensiveincomelossavailableforsalesecuritiestax": -149000
    },
    {
        "date": "2017-05-30",
        "symbol": "RPM",
        "period": "Q4",
        "salesrevenuenet": 573680000,
        "costofgoodssold": 829454000,
        "grossprofit": 663392000,
        "sellinggeneralandadministrativeexpense": 453909000,
        "interestexpense": 27502000,
        "netinvestmentincomeandotherincome": 4103000,
        "othernonoperatingincomeexpense": -366000,
        "incomelossfromcontinuingoperationsbeforeincometaxesminorityinterestandincomelossfromequitymethodinvestments": -37006000,
        "incometaxexpensebenefit": 9307000,
        "profitloss": 797000,
        "netincomelossattributabletononcontrollinginterest": 797000,
        "netincomeloss": 128052000,
        "weightedaveragenumberofsharesoutstandingbasic": -261310000,
        "weightedaveragenumberofdilutedsharesoutstanding": -261448000,
        "earningspersharebasic": 0.9700000000000001,
        "earningspersharediluted": 0.9800000000000001,
        "commonstockdividendspersharedeclared": 0.29999999999999993,
        "othercomprehensiveincomelossnetoftax": 31073000,
        "comprehensiveincomenetoftaxincludingportionattributabletononcontrollinginterest": 210637000,
        "comprehensiveincomenetoftaxattributabletononcontrollinginterest": 753000,
        "comprehensiveincomenetoftax": 187230000
    },
    {
        "date": "2017-02-27",
        "symbol": "RPM",
        "period": "Q3",
        "salesrevenuenet": 341434000,
        "costofgoodssold": 593923000,
        "grossprofit": 428573000,
        "sellinggeneralandadministrativeexpense": 386032000,
        "goodwillandintangibleassetimpairment": 4900000,
        "interestexpense": 23769000,
        "netinvestmentincomeandotherincome": 3627000,
        "othernonoperatingincomeexpense": -502000,
        "incomelossfromcontinuingoperationsbeforeincometaxesminorityinterestandincomelossfromequitymethodinvestments": -39510000,
        "incometaxexpensebenefit": 4313000,
        "profitloss": 756000,
        "netincomelossattributabletononcontrollinginterest": 756000,
        "netincomeloss": 11928000,
        "weightedaveragenumberofsharesoutstandingbasic": 130677000,
        "weightedaveragenumberofdilutedsharesoutstanding": 130677000,
        "earningspersharebasic": 0.09,
        "earningspersharediluted": 0.09,
        "commonstockdividendspersharedeclared": 0.3,
        "othercomprehensiveincomelossforeigncurrencytransactionandtranslationadjustmentnetoftax": 16576000,
        "othercomprehensiveincomelosspensionandotherpostretirementbenefitplansadjustmentnetoftax": -3222000,
        "othercomprehensiveincomelossavailableforsalesecuritiesadjustmentnetoftax": 2577000,
        "othercomprehensiveincomelossnetoftax": 22375000,
        "comprehensiveincomenetoftaxincludingportionattributabletononcontrollinginterest": 756000,
        "comprehensiveincomenetoftaxattributabletononcontrollinginterest": 756000,
        "comprehensiveincomenetoftax": 34303000,
        "othercomprehensiveincomelosspensionandotherpostretirementbenefitplanstax": 1863000,
        "othercomprehensiveincomelossavailableforsalesecuritiestax": 1192000
    },
    {
        "date": "2016-11-29",
        "symbol": "RPM",
        "period": "Q2",
        "salesrevenuenet": 373774000,
        "costofgoodssold": 669089000,
        "grossprofit": 521681000,
        "sellinggeneralandadministrativeexpense": 419494000,
        "goodwillandintangibleassetimpairment": 188298000,
        "interestexpense": 22905000,
        "netinvestmentincomeandotherincome": 2416000,
        "othernonoperatingincomeexpense": -257000,
        "incomelossfromcontinuingoperationsbeforeincometaxesminorityinterestandincomelossfromequitymethodinvestments": -47733000,
        "incometaxexpensebenefit": -36601000,
        "profitloss": 670000,
        "netincomelossattributabletononcontrollinginterest": 670000,
        "netincomeloss": -70926000,
        "weightedaveragenumberofsharesoutstandingbasic": 130695000,
        "weightedaveragenumberofdilutedsharesoutstanding": 130695000,
        "earningspersharebasic": -0.54,
        "earningspersharediluted": -0.54,
        "commonstockdividendspersharedeclared": 0.3,
        "othercomprehensiveincomelossforeigncurrencytransactionandtranslationadjustmentnetoftax": -51984000,
        "othercomprehensiveincomelosspensionandotherpostretirementbenefitplansadjustmentnetoftax": -3590000,
        "othercomprehensiveincomelossavailableforsalesecuritiesadjustmentnetoftax": -895000,
        "othercomprehensiveincomelossnetoftax": -49289000,
        "comprehensiveincomenetoftaxincludingportionattributabletononcontrollinginterest": 670000,
        "comprehensiveincomenetoftaxattributabletononcontrollinginterest": 670000,
        "comprehensiveincomenetoftax": -120215000,
        "othercomprehensiveincomelosspensionandotherpostretirementbenefitplanstax": 1963000,
        "othercomprehensiveincomelossavailableforsalesecuritiestax": -320000
    },
    {
        "date": "2016-08-30",
        "symbol": "RPM",
        "period": "Q1",
        "salesrevenuenet": 399887000,
        "costofgoodssold": 700021000,
        "grossprofit": 552042000,
        "sellinggeneralandadministrativeexpense": 384085000,
        "interestexpense": 22778000,
        "netinvestmentincomeandotherincome": 3838000,
        "othernonoperatingincomeexpense": -542000,
        "incomelossfromcontinuingoperationsbeforeincometaxesminorityinterestandincomelossfromequitymethodinvestments": -41383000,
        "incometaxexpensebenefit": 35081000,
        "profitloss": 625000,
        "netincomelossattributabletononcontrollinginterest": 625000,
        "netincomeloss": 112769000,
        "weightedaveragenumberofsharesoutstandingbasic": 130600000,
        "weightedaveragenumberofdilutedsharesoutstanding": 135241000,
        "earningspersharebasic": 0.85,
        "earningspersharediluted": 0.83,
        "commonstockdividendspersharedeclared": 0.275,
        "othercomprehensiveincomelossforeigncurrencytransactionandtranslationadjustmentnetoftax": -11511000,
        "othercomprehensiveincomelosspensionandotherpostretirementbenefitplansadjustmentnetoftax": -5704000,
        "othercomprehensiveincomelossavailableforsalesecuritiesadjustmentnetoftax": 1604000,
        "othercomprehensiveincomelossnetoftax": -4203000,
        "comprehensiveincomenetoftaxincludingportionattributabletononcontrollinginterest": 625000,
        "comprehensiveincomenetoftaxattributabletononcontrollinginterest": 625000,
        "comprehensiveincomenetoftax": 108566000,
        "othercomprehensiveincomelosspensionandotherpostretirementbenefitplanstax": 2799000,
        "othercomprehensiveincomelossavailableforsalesecuritiestax": 1096000
    },
    {
        "date": "2016-05-30",
        "symbol": "RPM",
        "period": "Q4",
        "salesrevenuenet": 776161000,
        "costofgoodssold": 779390000,
        "grossprofit": 647194000,
        "sellinggeneralandadministrativeexpense": 424616000,
        "interestexpense": 23605000,
        "netinvestmentincomeandotherincome": 2288000,
        "othernonoperatingincomeexpense": -2163000,
        "incomelossfromcontinuingoperationsbeforeincometaxesminorityinterestandincomelossfromequitymethodinvestments": -38051000,
        "incometaxexpensebenefit": 45444000,
        "profitloss": -98509000,
        "netincomelossattributabletononcontrollinginterest": 759000,
        "netincomeloss": 152895000,
        "weightedaveragenumberofsharesoutstandingbasic": -259128000,
        "weightedaveragenumberofdilutedsharesoutstanding": -266393000,
        "earningspersharebasic": 1.1700000000000002,
        "earningspersharediluted": 1.1299999999999997,
        "commonstockdividendspersharedeclared": 0.2749999999999999,
        "othercomprehensiveincomelossnetoftax": 103592000,
        "comprehensiveincomenetoftaxincludingportionattributabletononcontrollinginterest": 181807000,
        "comprehensiveincomenetoftaxattributabletononcontrollinginterest": 732000,
        "comprehensiveincomenetoftax": 148602000
    },
    {
        "date": "2016-02-28",
        "symbol": "RPM",
        "period": "Q3",
        "salesrevenuenet": 338984000,
        "costofgoodssold": 575593000,
        "grossprofit": 412962000,
        "sellinggeneralandadministrativeexpense": 370913000,
        "interestexpense": 23140000,
        "netinvestmentincomeandotherincome": 2909000,
        "othernonoperatingincomeexpense": 88000,
        "incomelossfromcontinuingoperationsbeforeincometaxesminorityinterestandincomelossfromequitymethodinvestments": -39094000,
        "incometaxexpensebenefit": 2613000,
        "profitloss": 711000,
        "netincomelossattributabletononcontrollinginterest": 711000,
        "netincomeloss": 18582000,
        "weightedaveragenumberofsharesoutstandingbasic": 129068000,
        "weightedaveragenumberofdilutedsharesoutstanding": 129068000,
        "earningspersharebasic": 0.14,
        "earningspersharediluted": 0.14,
        "commonstockdividendspersharedeclared": 0.275,
        "othercomprehensiveincomelossforeigncurrencytransactionandtranslationadjustmentnetoftax": -16214000,
        "othercomprehensiveincomelosspensionandotherpostretirementbenefitplansadjustmentnetoftax": -3264000,
        "othercomprehensiveincomelossavailableforsalesecuritiesadjustmentnetoftax": -7334000,
        "othercomprehensiveincomelossnetoftax": -20284000,
        "comprehensiveincomenetoftaxincludingportionattributabletononcontrollinginterest": 711000,
        "comprehensiveincomenetoftaxattributabletononcontrollinginterest": 711000,
        "comprehensiveincomenetoftax": -1702000,
        "othercomprehensiveincomelosspensionandotherpostretirementbenefitplanstax": 1827000,
        "othercomprehensiveincomelossavailableforsalesecuritiestax": -3376000
    },
    {
        "date": "2015-11-29",
        "symbol": "RPM",
        "period": "Q2",
        "salesrevenuenet": 359054000,
        "costofgoodssold": 662050000,
        "grossprofit": 493934000,
        "sellinggeneralandadministrativeexpense": 352594000,
        "interestexpense": 22478000,
        "netinvestmentincomeandotherincome": 1100000,
        "othernonoperatingincomeexpense": 299000,
        "incomelossfromcontinuingoperationsbeforeincometaxesminorityinterestandincomelossfromequitymethodinvestments": -37454000,
        "incometaxexpensebenefit": 36112000,
        "profitloss": 716000,
        "netincomelossattributabletononcontrollinginterest": 716000,
        "netincomeloss": 83433000,
        "weightedaveragenumberofsharesoutstandingbasic": 129398000,
        "weightedaveragenumberofdilutedsharesoutstanding": 136734000,
        "earningspersharebasic": 0.63,
        "earningspersharediluted": 0.62,
        "commonstockdividendspersharedeclared": 0.275,
        "othercomprehensiveincomelossforeigncurrencytransactionandtranslationadjustmentnetoftax": -53814000,
        "othercomprehensiveincomelosspensionandotherpostretirementbenefitplansadjustmentnetoftax": -3640000,
        "othercomprehensiveincomelossavailableforsalesecuritiesadjustmentnetoftax": 369000,
        "othercomprehensiveincomelossnetoftax": -49805000,
        "comprehensiveincomenetoftaxincludingportionattributabletononcontrollinginterest": 716000,
        "comprehensiveincomenetoftaxattributabletononcontrollinginterest": 716000,
        "comprehensiveincomenetoftax": 33628000,
        "othercomprehensiveincomelosspensionandotherpostretirementbenefitplanstax": 1803000,
        "othercomprehensiveincomelossavailableforsalesecuritiestax": 632000
    },
    {
        "date": "2015-08-30",
        "symbol": "RPM",
        "period": "Q1",
        "salesrevenuenet": 183640000,
        "costofgoodssold": 709568000,
        "grossprofit": 532958000,
        "sellinggeneralandadministrativeexpense": 372854000,
        "interestexpense": 22460000,
        "netinvestmentincomeandotherincome": 4068000,
        "othernonoperatingincomeexpense": 489000,
        "incomelossfromcontinuingoperationsbeforeincometaxesminorityinterestandincomelossfromequitymethodinvestments": -34879000,
        "incometaxexpensebenefit": 41839000,
        "profitloss": 99815000,
        "netincomelossattributabletononcontrollinginterest": 547000,
        "netincomeloss": 99815000,
        "weightedaveragenumberofsharesoutstandingbasic": 130045000,
        "weightedaveragenumberofdilutedsharesoutstanding": 137307000,
        "earningspersharebasic": 0.76,
        "earningspersharediluted": 0.74,
        "commonstockdividendspersharedeclared": 0.26,
        "othercomprehensiveincomelossforeigncurrencytransactionandtranslationadjustmentnetoftax": -30606000,
        "othercomprehensiveincomelosspensionandotherpostretirementbenefitplansadjustmentnetoftax": -4160000,
        "othercomprehensiveincomelossavailableforsalesecuritiesadjustmentnetoftax": -7084000,
        "othercomprehensiveincomelossnetoftax": -33530000,
        "comprehensiveincomenetoftaxincludingportionattributabletononcontrollinginterest": 66285000,
        "comprehensiveincomenetoftaxattributabletononcontrollinginterest": 547000,
        "comprehensiveincomenetoftax": 66285000,
        "othercomprehensiveincomelosspensionandotherpostretirementbenefitplanstax": 2014000,
        "othercomprehensiveincomelossavailableforsalesecuritiestax": -3228000
    },
    {
        "date": "2015-05-30",
        "symbol": "RPM",
        "period": "Q4",
        "salesrevenuenet": 628666000,
        "costofgoodssold": 773864000,
        "grossprofit": 599295000,
        "sellinggeneralandadministrativeexpense": 395359000,
        "interestexpense": 27303000,
        "netinvestmentincomeandotherincome": 2023000,
        "othernonoperatingincomeexpense": 342000,
        "incomelossfromcontinuingoperationsbeforeincometaxesminorityinterestandincomelossfromequitymethodinvestments": -40929000,
        "incometaxexpensebenefit": 50413000,
        "profitloss": 127987000,
        "netincomelossattributabletononcontrollinginterest": 598000,
        "netincomeloss": 127987000,
        "weightedaveragenumberofsharesoutstandingbasic": -259984000,
        "weightedaveragenumberofdilutedsharesoutstanding": -264900000,
        "earningspersharebasic": 0.99,
        "earningspersharediluted": 0.9700000000000002,
        "commonstockdividendspersharedeclared": 0.26,
        "othercomprehensiveincomelossnetoftax": -49559000,
        "comprehensiveincomenetoftaxincludingportionattributabletononcontrollinginterest": 62686000,
        "comprehensiveincomenetoftaxattributabletononcontrollinginterest": 598000,
        "comprehensiveincomenetoftax": 78428000
    },
    {
        "date": "2015-02-27",
        "symbol": "RPM",
        "period": "Q3",
        "salesrevenuenet": 326370000,
        "costofgoodssold": 566629000,
        "grossprofit": 379738000,
        "sellinggeneralandadministrativeexpense": 346171000,
        "interestexpense": 21493000,
        "netinvestmentincomeandotherincome": 7693000,
        "othernonoperatingincomeexpense": 660000,
        "incomelossfromcontinuingoperationsbeforeincometaxesminorityinterestandincomelossfromequitymethodinvestments": -31180000,
        "incometaxexpensebenefit": 99379000,
        "profitloss": -57348000,
        "netincomelossattributabletononcontrollinginterest": -21604000,
        "netincomeloss": -57348000,
        "weightedaveragenumberofsharesoutstandingbasic": 129795000,
        "weightedaveragenumberofdilutedsharesoutstanding": 129795000,
        "earningspersharebasic": -0.44,
        "earningspersharediluted": -0.44,
        "commonstockdividendspersharedeclared": 0.26,
        "othercomprehensiveincomelossforeigncurrencytransactionandtranslationadjustmentnetoftax": -79063000,
        "othercomprehensiveincomelosspensionandotherpostretirementbenefitplansadjustmentnetoftax": -6346000,
        "othercomprehensiveincomelossavailableforsalesecuritiesadjustmentnetoftax": -3488000,
        "othercomprehensiveincomelossderivativesqualifyingashedgesnetoftax": 497000,
        "othercomprehensiveincomelossnetoftax": -75708000,
        "comprehensiveincomenetoftaxincludingportionattributabletononcontrollinginterest": -133056000,
        "comprehensiveincomenetoftaxattributabletononcontrollinginterest": -21728000,
        "comprehensiveincomenetoftax": -133056000,
        "othercomprehensiveincomelosspensionandotherpostretirementbenefitplanstax": 2497000,
        "othercomprehensiveincomelossavailableforsalesecuritiestax": -1560000,
        "othercomprehensiveincomelossderivativesqualifyingashedgestax": 85000
    },
    {
        "date": "2014-11-29",
        "symbol": "RPM",
        "period": "Q2",
        "salesrevenuenet": 352781000,
        "costofgoodssold": 617185000,
        "grossprofit": 453943000,
        "sellinggeneralandadministrativeexpense": 334889000,
        "interestexpense": 19404000,
        "netinvestmentincomeandotherincome": 5058000,
        "othernonoperatingincomeexpense": 1042000,
        "incomelossfromcontinuingoperationsbeforeincometaxesminorityinterestandincomelossfromequitymethodinvestments": -32921000,
        "incometaxexpensebenefit": 31894000,
        "profitloss": 69766000,
        "netincomelossattributabletononcontrollinginterest": 4090000,
        "netincomeloss": 69766000,
        "weightedaveragenumberofsharesoutstandingbasic": 130028000,
        "weightedaveragenumberofdilutedsharesoutstanding": 134966000,
        "earningspersharebasic": 0.52,
        "earningspersharediluted": 0.52,
        "commonstockdividendspersharedeclared": 0.26,
        "othercomprehensiveincomelossforeigncurrencytransactionandtranslationadjustmentnetoftax": -89462000,
        "othercomprehensiveincomelosspensionandotherpostretirementbenefitplansadjustmentnetoftax": -4374000,
        "othercomprehensiveincomelossavailableforsalesecuritiesadjustmentnetoftax": -2574000,
        "othercomprehensiveincomelossderivativesqualifyingashedgesnetoftax": 223000,
        "othercomprehensiveincomelossnetoftax": -87439000,
        "comprehensiveincomenetoftaxincludingportionattributabletononcontrollinginterest": -17673000,
        "comprehensiveincomenetoftaxattributabletononcontrollinginterest": 3008000,
        "comprehensiveincomenetoftax": -17673000,
        "othercomprehensiveincomelosspensionandotherpostretirementbenefitplanstax": 2573000,
        "othercomprehensiveincomelossavailableforsalesecuritiestax": -1276000,
        "othercomprehensiveincomelossderivativesqualifyingashedgestax": 75000
    },
    {
        "date": "2014-08-30",
        "symbol": "RPM",
        "period": "Q1",
        "salesrevenuenet": 430010000,
        "costofgoodssold": 695503000,
        "grossprofit": 508393000,
        "sellinggeneralandadministrativeexpense": 346525000,
        "interestexpense": 19415000,
        "netinvestmentincomeandotherincome": 3803000,
        "othernonoperatingincomeexpense": 1822000,
        "incomelossfromcontinuingoperationsbeforeincometaxesminorityinterestandincomelossfromequitymethodinvestments": -31055000,
        "incometaxexpensebenefit": 43239000,
        "profitloss": 99079000,
        "netincomelossattributabletononcontrollinginterest": 5760000,
        "netincomeloss": 99079000,
        "weightedaveragenumberofsharesoutstandingbasic": 130094000,
        "weightedaveragenumberofdilutedsharesoutstanding": 135032000,
        "earningspersharebasic": 0.74,
        "earningspersharediluted": 0.73,
        "commonstockdividendspersharedeclared": 0.24,
        "othercomprehensiveincomelossforeigncurrencytransactionandtranslationadjustmentnetoftax": -17738000,
        "othercomprehensiveincomelosspensionandotherpostretirementbenefitplansadjustmentnetoftax": -2760000,
        "othercomprehensiveincomelossavailableforsalesecuritiesadjustmentnetoftax": 83000,
        "othercomprehensiveincomelossderivativesqualifyingashedgesnetoftax": -52000,
        "othercomprehensiveincomelossnetoftax": -14947000,
        "comprehensiveincomenetoftaxincludingportionattributabletononcontrollinginterest": 84132000,
        "comprehensiveincomenetoftaxattributabletononcontrollinginterest": 2380000,
        "comprehensiveincomenetoftax": 84132000,
        "othercomprehensiveincomelosspensionandotherpostretirementbenefitplanstax": 1455000,
        "othercomprehensiveincomelossavailableforsalesecuritiestax": 114000,
        "othercomprehensiveincomelossderivativesqualifyingashedgestax": -42000
    },
    {
        "date": "2014-05-30",
        "symbol": "RPM",
        "period": "Q4",
        "salesrevenuenet": -205331000,
        "costofgoodssold": 716057000,
        "grossprofit": 560725000,
        "sellinggeneralandadministrativeexpense": 389416000,
        "interestexpense": 19677000,
        "netinvestmentincomeandotherincome": 2065000,
        "incomelossfromcontinuingoperationsbeforeincometaxesminorityinterestandincomelossfromequitymethodinvestments": -321752000,
        "incometaxexpensebenefit": 40732000,
        "profitloss": 108779000,
        "netincomelossattributabletononcontrollinginterest": 4991000,
        "netincomeloss": 108779000,
        "weightedaveragenumberofsharesoutstandingbasic": -258785000,
        "weightedaveragenumberofdilutedsharesoutstanding": -257877000,
        "earningspersharebasic": 0.8200000000000001,
        "earningspersharediluted": 0.81,
        "commonstockdividendspersharedeclared": 0.23999999999999996,
        "othercomprehensiveincomelossnetoftax": 8528000,
        "comprehensiveincomenetoftaxincludingportionattributabletononcontrollinginterest": 137106000,
        "comprehensiveincomenetoftaxattributabletononcontrollinginterest": -4576000,
        "comprehensiveincomenetoftax": 117307000
    },
    {
        "date": "2014-02-27",
        "symbol": "RPM",
        "period": "Q3",
        "salesrevenuenet": 560537000,
        "costofgoodssold": 505384000,
        "grossprofit": 358026000,
        "sellinggeneralandadministrativeexpense": 322205000,
        "interestexpense": 19740000,
        "netinvestmentincomeandotherincome": 7751000,
        "othernonoperatingincomeexpense": 1353000,
        "incomelossfromcontinuingoperationsbeforeincometaxesminorityinterestandincomelossfromequitymethodinvestments": 20284000,
        "incometaxexpensebenefit": 8274000,
        "profitloss": 16221000,
        "netincomelossattributabletononcontrollinginterest": 690000,
        "netincomeloss": 16221000,
        "weightedaveragenumberofsharesoutstandingbasic": 129453000,
        "weightedaveragenumberofdilutedsharesoutstanding": 129453000,
        "earningspersharebasic": 0.12,
        "earningspersharediluted": 0.12,
        "commonstockdividendspersharedeclared": 0.24,
        "othercomprehensiveincomelossforeigncurrencytransactionandtranslationadjustmentnetoftax": -18446000,
        "othercomprehensiveincomelosspensionandotherpostretirementbenefitplansadjustmentnetoftax": -3469000,
        "othercomprehensiveincomelossavailableforsalesecuritiesadjustmentnetoftax": -2314000,
        "othercomprehensiveincomelossderivativesqualifyingashedgesnetoftax": -484000,
        "othercomprehensiveincomelossnetoftax": -17669000,
        "comprehensiveincomenetoftaxincludingportionattributabletononcontrollinginterest": -1448000,
        "comprehensiveincomenetoftaxattributabletononcontrollinginterest": 7241000,
        "comprehensiveincomenetoftax": -1448000,
        "othercomprehensiveincomelosspensionandotherpostretirementbenefitplanstax": 1993000,
        "othercomprehensiveincomelossavailableforsalesecuritiestax": -998000,
        "othercomprehensiveincomelossderivativesqualifyingashedgestax": -159000
    },
    {
        "date": "2013-11-29",
        "symbol": "RPM",
        "period": "Q2",
        "salesrevenuenet": 708713000,
        "costofgoodssold": 613542000,
        "grossprofit": 457945000,
        "sellinggeneralandadministrativeexpense": 343048000,
        "interestexpense": 20809000,
        "netinvestmentincomeandotherincome": 2005000,
        "othernonoperatingincomeexpense": 1491000,
        "incomelossfromcontinuingoperationsbeforeincometaxesminorityinterestandincomelossfromequitymethodinvestments": 81394000,
        "incometaxexpensebenefit": 29170000,
        "profitloss": 63562000,
        "netincomelossattributabletononcontrollinginterest": 4852000,
        "netincomeloss": 63562000,
        "weightedaveragenumberofsharesoutstandingbasic": 129426000,
        "weightedaveragenumberofdilutedsharesoutstanding": 130418000,
        "earningspersharebasic": 0.48,
        "earningspersharediluted": 0.48,
        "commonstockdividendspersharedeclared": 0.24,
        "othercomprehensiveincomelossforeigncurrencytransactionandtranslationadjustmentnetoftax": 19409000,
        "othercomprehensiveincomelosspensionandotherpostretirementbenefitplansadjustmentnetoftax": -2200000,
        "othercomprehensiveincomelossavailableforsalesecuritiesadjustmentnetoftax": 6401000,
        "othercomprehensiveincomelossderivativesqualifyingashedgesnetoftax": -994000,
        "othercomprehensiveincomelossnetoftax": 27168000,
        "comprehensiveincomenetoftaxincludingportionattributabletononcontrollinginterest": 90730000,
        "comprehensiveincomenetoftaxattributabletononcontrollinginterest": 9507000,
        "comprehensiveincomenetoftax": 90730000,
        "othercomprehensiveincomelosspensionandotherpostretirementbenefitplanstax": 1379000,
        "othercomprehensiveincomelossavailableforsalesecuritiestax": 2882000,
        "othercomprehensiveincomelossderivativesqualifyingashedgestax": 324000
    },
    {
        "date": "2013-08-30",
        "symbol": "RPM",
        "period": "Q1",
        "salesrevenuenet": 731226000,
        "costofgoodssold": 665602000,
        "grossprofit": 499072000,
        "sellinggeneralandadministrativeexpense": 335459000,
        "interestexpense": 20725000,
        "netinvestmentincomeandotherincome": 3894000,
        "othernonoperatingincomeexpensenet": 434000,
        "incomelossfromcontinuingoperationsbeforeincometaxesminorityinterestandincomelossfromequitymethodinvestments": 97581000,
        "incometaxexpensebenefit": 40327000,
        "profitloss": 103098000,
        "netincomelossattributabletononcontrollinginterest": 3791000,
        "netincomeloss": 103098000,
        "weightedaveragenumberofsharesoutstandingbasic": 129344000,
        "weightedaveragenumberofdilutedsharesoutstanding": 130294000,
        "earningspersharebasic": 0.78,
        "earningspersharediluted": 0.77,
        "commonstockdividendspersharedeclared": 0.225,
        "othercomprehensiveincomelossforeigncurrencytransactionandtranslationadjustmentnetoftax": -17071000,
        "othercomprehensiveincomelosspensionandotherpostretirementbenefitplansadjustmentnetoftax": -2761000,
        "othercomprehensiveincomelossavailableforsalesecuritiesadjustmentnetoftax": -1439000,
        "othercomprehensiveincomelossderivativesqualifyingashedgesnetoftax": 109000,
        "othercomprehensiveincomelossnetoftax": -15656000,
        "comprehensiveincomenetoftaxincludingportionattributabletononcontrollinginterest": 87442000,
        "comprehensiveincomenetoftaxattributabletononcontrollinginterest": 7627000,
        "comprehensiveincomenetoftax": 87442000,
        "othercomprehensiveincomelosspensionandotherpostretirementbenefitplanstax": 1586000,
        "othercomprehensiveincomelossavailableforsalesecuritiestax": 815000,
        "othercomprehensiveincomelossderivativesqualifyingashedgestax": 45000
    },
    {
        "date": "2013-05-30",
        "symbol": "RPM",
        "period": "Q4",
        "salesrevenuenet": -252927000,
        "costofgoodssold": 670505000,
        "grossprofit": 500274000,
        "sellinggeneralandadministrativeexpense": 353896000,
        "interestexpense": 21042000,
        "netinvestmentincomeandotherincome": -8477000,
        "othernonoperatingincomeexpensenet": -3889000,
        "incomelossfromcontinuingoperationsbeforeincometaxesminorityinterestandincomelossfromequitymethodinvestments": 109455000,
        "incometaxexpensebenefit": 28521000,
        "profitloss": 65378000,
        "netincomelossattributabletononcontrollinginterest": 2711000,
        "netincomeloss": 65378000,
        "weightedaveragenumberofsharesoutstandingbasic": -257747000,
        "weightedaveragenumberofdilutedsharesoutstanding": -258482000,
        "earningspersharebasic": 0.5,
        "earningspersharediluted": 0.5,
        "commonstockdividendspersharedeclared": 0.22500000000000006,
        "comprehensiveincomenetoftaxincludingportionattributabletononcontrollinginterest": 87955000,
        "comprehensiveincomenetoftaxattributabletononcontrollinginterest": -497000,
        "comprehensiveincomenetoftax": 68016000
    },
    {
        "date": "2013-02-27",
        "symbol": "RPM",
        "period": "Q3",
        "salesrevenuenet": 532336000,
        "costofgoodssold": 500172000,
        "grossprofit": 343564000,
        "sellinggeneralandadministrativeexpense": 318638000,
        "losscontingencylossinperiod": 68846000,
        "interestexpense": 20506000,
        "netinvestmentincomeandotherincome": 6317000,
        "othernonoperatingincomeexpensenet": -4714000,
        "incomelossfromcontinuingoperationsbeforeincometaxesminorityinterestandincomelossfromequitymethodinvestments": -68643000,
        "incometaxexpensebenefit": -20631000,
        "profitloss": -42356000,
        "netincomelossattributabletononcontrollinginterest": 164000,
        "netincomeloss": -42356000,
        "weightedaveragenumberofsharesoutstandingbasic": 129013000,
        "weightedaveragenumberofdilutedsharesoutstanding": 129013000,
        "earningspersharebasic": -0.33,
        "earningspersharediluted": -0.33,
        "commonstockdividendspersharedeclared": 0.225,
        "othercomprehensiveincomelossforeigncurrencytransactionandtranslationadjustmentnetoftax": -19401000,
        "othercomprehensiveincomelosspensionandotherpostretirementbenefitplansadjustmentnetoftax": -4736000,
        "othercomprehensiveincomeunrealizedholdinggainlossonsecuritiesarisingduringperiodnetoftax": -1626000,
        "othercomprehensiveincomeunrealizedgainlossonderivativesarisingduringperiodnetoftax": 238000,
        "othercomprehensiveincomelossnetoftax": -16053000,
        "comprehensiveincomenetoftax": -58409000,
        "comprehensiveincomenetoftaxattributabletononcontrollinginterest": 1173000,
        "comprehensiveincomenetoftaxincludingportionattributabletononcontrollinginterest": -58409000
    },
    {
        "date": "2012-11-29",
        "symbol": "RPM",
        "period": "Q2",
        "salesrevenuenet": 691076000,
        "costofgoodssold": 592425000,
        "grossprofit": 425001000,
        "sellinggeneralandadministrativeexpense": 325761000,
        "interestexpense": 19868000,
        "netinvestmentincomeandotherincome": 1364000,
        "othernonoperatingincomeexpensenet": -9694000,
        "incomelossfromcontinuingoperationsbeforeincometaxesminorityinterestandincomelossfromequitymethodinvestments": 75495000,
        "incometaxexpensebenefit": 24955000,
        "profitloss": 41668000,
        "netincomelossattributabletononcontrollinginterest": 4419000,
        "netincomeloss": 41668000,
        "weightedaveragenumberofsharesoutstandingbasic": 128885000,
        "weightedaveragenumberofdilutedsharesoutstanding": 129700000,
        "earningspersharebasic": 0.32,
        "earningspersharediluted": 0.31,
        "commonstockdividendspersharedeclared": 0.225,
        "othercomprehensiveincomelossforeigncurrencytransactionandtranslationadjustmentnetoftax": -3659000,
        "othercomprehensiveincomelosspensionandotherpostretirementbenefitplansadjustmentnetoftax": -3242000,
        "othercomprehensiveincomeunrealizedholdinggainlossonsecuritiesarisingduringperiodnetoftax": 1865000,
        "othercomprehensiveincomeunrealizedgainlossonderivativesarisingduringperiodnetoftax": -585000,
        "othercomprehensiveincomelossnetoftax": 863000,
        "comprehensiveincomenetoftax": 42531000,
        "comprehensiveincomenetoftaxattributabletononcontrollinginterest": 6230000,
        "comprehensiveincomenetoftaxincludingportionattributabletononcontrollinginterest": 42531000
    },
    {
        "date": "2012-08-30",
        "symbol": "RPM",
        "period": "Q1",
        "salesrevenuenet": 703335000,
        "costofgoodssold": 612834000,
        "grossprofit": 433880000,
        "sellinggeneralandadministrativeexpense": 310940000,
        "interestexpense": 18430000,
        "netinvestmentincomeandotherincome": 6974000,
        "othernonoperatingincomeexpensenet": -39422000,
        "incomelossfromcontinuingoperationsbeforeincometaxesminorityinterestandincomelossfromequitymethodinvestments": 74304000,
        "incometaxexpensebenefit": 34195000,
        "profitloss": 33913000,
        "netincomelossattributabletononcontrollinginterest": 3954000,
        "netincomeloss": 33913000,
        "weightedaveragenumberofsharesoutstandingbasic": 128805000,
        "weightedaveragenumberofdilutedsharesoutstanding": 129570000,
        "earningspersharebasic": 0.26,
        "earningspersharediluted": 0.26,
        "commonstockdividendspersharedeclared": 0.215,
        "othercomprehensiveincomelossforeigncurrencytransactionandtranslationadjustmentnetoftax": 28664000,
        "othercomprehensiveincomelosspensionandotherpostretirementbenefitplansadjustmentnetoftax": -1534000,
        "othercomprehensiveincomeunrealizedholdinggainlossonsecuritiesarisingduringperiodnetoftax": 825000,
        "othercomprehensiveincomeunrealizedgainlossonderivativesarisingduringperiodnetoftax": 169000,
        "comprehensiveincomenetoftax": 65105000,
        "comprehensiveincomenetoftaxattributabletononcontrollinginterest": 13033000,
        "comprehensiveincomenetoftaxincludingportionattributabletononcontrollinginterest": 65105000
    },
    {
        "date": "2012-05-30",
        "symbol": "RPM",
        "period": "Q4",
        "salesrevenuenet": -252743000,
        "costofgoodssold": 641354000,
        "grossprofit": 460416000,
        "sellinggeneralandadministrativeexpense": 323244000,
        "interestexpense": 18433000,
        "netinvestmentincomeandotherincome": 927000,
        "incomelossfromcontinuingoperationsbeforeincometaxesminorityinterestandincomelossfromequitymethodinvestments": -1505000,
        "incometaxexpensebenefit": 33399000,
        "profitloss": 100396000,
        "netincomelossattributabletononcontrollinginterest": 6011000,
        "netincomeloss": 127300000,
        "weightedaveragenumberofsharesoutstandingbasic": -256071000,
        "weightedaveragenumberofdilutedsharesoutstanding": -258720000,
        "earningspersharebasic": 0.6299999999999998,
        "earningspersharediluted": 0.6299999999999998,
        "commonstockdividendspersharedeclared": 0.21500000000000005
    },
    {
        "date": "2012-02-28",
        "symbol": "RPM",
        "period": "Q3",
        "salesrevenuenet": 501925000,
        "costofgoodssold": 470443000,
        "grossprofit": 303200000,
        "sellinggeneralandadministrativeexpense": 277456000,
        "interestexpense": 17897000,
        "netinvestmentincomeandotherincome": 2190000,
        "othernonoperatingincomeexpense": 1399000,
        "incomelossfromcontinuingoperationsbeforeincometaxesminorityinterestandincomelossfromequitymethodinvestments": 20422000,
        "incometaxexpensebenefit": 3512000,
        "profitloss": 6625000,
        "netincomelossattributabletononcontrollinginterest": 1299000,
        "netincomeloss": 6625000,
        "weightedaveragenumberofsharesoutstandingbasic": 128121000,
        "weightedaveragenumberofdilutedsharesoutstanding": 130377000,
        "earningspersharebasic": 0.05,
        "earningspersharediluted": 0.05,
        "commonstockdividendspersharedeclared": 0.215
    },
    {
        "date": "2011-11-29",
        "symbol": "RPM",
        "period": "Q2",
        "salesrevenuenet": 641538000,
        "costofgoodssold": 547064000,
        "grossprofit": 369021000,
        "sellinggeneralandadministrativeexpense": 281874000,
        "interestexpense": 17909000,
        "netinvestmentincomeandotherincome": 1045000,
        "othernonoperatingincomeexpense": 5887000,
        "incomelossfromcontinuingoperationsbeforeincometaxesminorityinterestandincomelossfromequitymethodinvestments": 77224000,
        "incometaxexpensebenefit": 22251000,
        "profitloss": 49931000,
        "netincomelossattributabletononcontrollinginterest": 3988000,
        "netincomeloss": 5200000,
        "weightedaveragenumberofsharesoutstandingbasic": 127986000,
        "weightedaveragenumberofdilutedsharesoutstanding": 128432000,
        "earningspersharebasic": 0.38,
        "earningspersharediluted": 0.38,
        "commonstockdividendspersharedeclared": 0.215
    },
    {
        "date": "2011-08-30",
        "symbol": "RPM",
        "period": "Q1",
        "salesrevenuenet": 667016000,
        "costofgoodssold": 576292000,
        "grossprofit": 409626000,
        "sellinggeneralandadministrativeexpense": 273140000,
        "interestexpense": 17806000,
        "netinvestmentincomeandotherincome": 24000,
        "incomelossfromcontinuingoperationsbeforeincometaxesminorityinterestandincomelossfromequitymethodinvestments": 91546000,
        "incometaxexpensebenefit": 35364000,
        "profitloss": 76811000,
        "netincomelossattributabletononcontrollinginterest": 6529000,
        "netincomeloss": 76811000,
        "weightedaveragenumberofsharesoutstandingbasic": 128094000,
        "weightedaveragenumberofdilutedsharesoutstanding": 128628000,
        "earningspersharebasic": 0.59,
        "earningspersharediluted": 0.59,
        "commonstockdividendspersharedeclared": 0.21
    },
    {
        "date": "2011-02-27",
        "symbol": "RPM",
        "period": "Q3",
        "salesrevenuenet": 678920000,
        "costofgoodssold": 409402000,
        "grossprofit": 269518000,
        "sellinggeneralandadministrativeexpense": 255930000,
        "interestexpense": 16502000,
        "investmentincomenet": 4903000,
        "incomelossfromcontinuingoperationsbeforeincometaxesminorityinterestandincomelossfromequitymethodinvestments": 1989000,
        "incometaxexpensebenefit": 796000,
        "profitloss": 1193000,
        "netincomelossattributabletononcontrollinginterest": 96000,
        "netincomeloss": 1097000,
        "weightedaveragenumberofsharesissuedbasic": 127166000,
        "weightedaveragenumberofdilutedsharesoutstanding": 129442000,
        "earningspersharebasic": 0.01,
        "earningspersharediluted": 0.01,
        "commonstockdividendspersharedeclared": 0.21
    },
    {
        "date": "2010-11-29",
        "symbol": "RPM",
        "period": "Q2",
        "salesrevenuenet": 826343000,
        "costofgoodssold": 486846000,
        "grossprofit": 339497000,
        "sellinggeneralandadministrativeexpense": 250070000,
        "interestexpense": 16468000,
        "investmentincomenet": 4309000,
        "incomelossfromcontinuingoperationsbeforeincometaxesminorityinterestandincomelossfromequitymethodinvestments": 77268000,
        "incometaxexpensebenefit": 23765000,
        "profitloss": 53503000,
        "netincomelossattributabletononcontrollinginterest": 4712000,
        "netincomeloss": 48791000,
        "weightedaveragenumberofsharesissuedbasic": 127012000,
        "weightedaveragenumberofdilutedsharesoutstanding": 127670000,
        "earningspersharebasic": 0.38,
        "earningspersharediluted": 0.38,
        "commonstockdividendspersharedeclared": 0.21
    },
    {
        "date": "2010-08-30",
        "symbol": "RPM",
        "period": "Q1",
        "salesrevenuenet": 894810000,
        "costofgoodssold": 519384000,
        "grossprofit": 375426000,
        "sellinggeneralandadministrativeexpense": 253421000,
        "interestexpense": 16042000,
        "investmentincomenet": 1977000,
        "incomelossfromcontinuingoperationsbeforeincometaxesminorityinterestandincomelossfromequitymethodinvestments": 107940000,
        "incometaxexpensebenefit": 32946000,
        "profitloss": 74994000,
        "netincomelossattributabletononcontrollinginterest": 5998000,
        "netincomeloss": 68996000,
        "weightedaveragenumberofsharesissuedbasic": 127787000,
        "weightedaveragenumberofdilutedsharesoutstanding": 128254000,
        "earningspersharebasic": 0.53,
        "earningspersharediluted": 0.53,
        "commonstockdividendspersharedeclared": 0.205
    }
]