[
    {
        "date": "2024-11-29",
        "symbol": "FDX",
        "period": "Q2",
        "revenuefromcontractwithcustomerexcludingassessedtax": 21967000000,
        "laborandrelatedexpense": 7879000000,
        "purchasedtransportationcosts": 5500000000,
        "rentalsandlandingfees": 1168000000,
        "depreciationdepletionandamortization": 1063000000,
        "fuelcosts": 947000000,
        "costofpropertyrepairsandmaintenance": 831000000,
        "businessoptimizationcosts": 326000000,
        "othercostandexpenseoperating": 3201000000,
        "costsandexpenses": 20915000000,
        "operatingincomeloss": 1052000000,
        "interestincomeexpensenonoperatingnet": -102000000,
        "netperiodicdefinedbenefitsexpensereversalofexpenseexcludingservicecostcomponent": -50000000,
        "othernonoperatingincomeexpense": -19000000,
        "nonoperatingincomeexpense": -71000000,
        "incomelossfromcontinuingoperationsbeforeincometaxesextraordinaryitemsnoncontrollinginterest": 981000000,
        "incometaxexpensebenefit": 240000000,
        "netincomeloss": 741000000,
        "earningspersharebasic": 3.0599999999999996,
        "earningspersharediluted": 3.0300000000000002,
        "commonstockdividendspersharedeclared": 1.38,
        "othercomprehensiveincomelossforeigncurrencytransactionandtranslationadjustmentnetoftax": -181000000,
        "othercomprehensiveincomelossamortizationadjustmentfromaocipensionandotherpostretirementbenefitplansfornetpriorservicecostcreditnetoftax": -2000000,
        "othercomprehensiveincomelossnetoftaxportionattributabletoparent": -183000000,
        "comprehensiveincomenetoftax": 558000000,
        "othercomprehensiveincomelossforeigncurrencytranslationadjustmenttax": -2000000,
        "othercomprehensiveincomelossamortizationadjustmentfromaocipensionandotherpostretirementbenefitplansfornetpriorservicecostcredittax": 0
    },
    {
        "date": "2024-08-30",
        "symbol": "FDX",
        "period": "Q1",
        "revenuefromcontractwithcustomerexcludingassessedtax": 21579000000,
        "laborandrelatedexpense": 7785000000,
        "purchasedtransportationcosts": 5275000000,
        "rentalsandlandingfees": 1161000000,
        "depreciationdepletionandamortization": 1078000000,
        "fuelcosts": 1075000000,
        "costofpropertyrepairsandmaintenance": 829000000,
        "businessoptimizationcosts": 128000000,
        "othercostandexpenseoperating": 3168000000,
        "costsandexpenses": 20499000000,
        "operatingincomeloss": 1080000000,
        "interestincomeexpensenonoperatingnet": -84000000,
        "netperiodicdefinedbenefitsexpensereversalofexpenseexcludingservicecostcomponent": -49000000,
        "othernonoperatingincomeexpense": 11000000,
        "nonoperatingincomeexpense": -24000000,
        "incomelossfromcontinuingoperationsbeforeincometaxesextraordinaryitemsnoncontrollinginterest": 1056000000,
        "incometaxexpensebenefit": 262000000,
        "netincomeloss": 794000000,
        "earningspersharebasic": 3.24,
        "earningspersharediluted": 3.21,
        "commonstockdividendspersharedeclared": 2.76,
        "othercomprehensiveincomelossforeigncurrencytransactionandtranslationadjustmentnetoftax": 29000000,
        "othercomprehensiveincomelossamortizationadjustmentfromaocipensionandotherpostretirementbenefitplansfornetpriorservicecostcreditnetoftax": -2000000,
        "othercomprehensiveincomelossnetoftaxportionattributabletoparent": 27000000,
        "comprehensiveincomenetoftax": 821000000,
        "othercomprehensiveincomelossforeigncurrencytranslationadjustmenttax": 4000000,
        "othercomprehensiveincomelossamortizationadjustmentfromaocipensionandotherpostretirementbenefitplansfornetpriorservicecostcredittax": 1000000
    },
    {
        "date": "2024-05-30",
        "symbol": "FDX",
        "period": "Q4",
        "revenuefromcontractwithcustomerexcludingassessedtax": 22109000000,
        "laborandrelatedexpense": 7650000000,
        "purchasedtransportationcosts": 5145000000,
        "rentalsandlandingfees": 1137000000,
        "depreciationdepletionandamortization": 1104000000,
        "fuelcosts": 1141000000,
        "costofpropertyrepairsandmaintenance": 809000000,
        "businessoptimizationandrealignmentcosts": 218000000,
        "othercostandexpenseoperating": 3193000000,
        "costsandexpenses": 20554000000,
        "operatingincomeloss": 1555000000,
        "netperiodicdefinedbenefitsexpensereversalofexpenseexcludingservicecostcomponent": -602000000,
        "othernonoperatingincomeexpense": -33000000,
        "nonoperatingincomeexpense": 473000000,
        "incomelossfromcontinuingoperationsbeforeincometaxesextraordinaryitemsnoncontrollinginterest": 2028000000,
        "incometaxexpensebenefit": 554000000,
        "netincomeloss": 1474000000,
        "earningspersharebasic": 5.980000000000001,
        "earningspersharediluted": 5.899999999999999,
        "othercomprehensiveincomelossforeigncurrencytransactionandtranslationadjustmentnetoftax": -21000000,
        "othercomprehensiveincomelossamortizationadjustmentfromaocipensionandotherpostretirementbenefitplansfornetpriorservicecostcreditnetoftax": -3000000,
        "othercomprehensiveincomelossnetoftaxportionattributabletoparent": -24000000,
        "comprehensiveincomenetoftax": 1450000000,
        "othercomprehensiveincomelossforeigncurrencytranslationadjustmenttax": -2000000
    },
    {
        "date": "2024-02-28",
        "symbol": "FDX",
        "period": "Q3",
        "revenuefromcontractwithcustomerexcludingassessedtax": 21738000000,
        "laborandrelatedexpense": 7693000000,
        "purchasedtransportationcosts": 5345000000,
        "rentalsandlandingfees": 1145000000,
        "depreciationdepletionandamortization": 1072000000,
        "fuelcosts": 1140000000,
        "costofpropertyrepairsandmaintenance": 804000000,
        "businessoptimizationandrealignmentcosts": 114000000,
        "othercostandexpenseoperating": 3182000000,
        "costsandexpenses": 20495000000,
        "operatingincomeloss": 1243000000,
        "interestincomeexpensenonoperatingnet": -91000000,
        "netperiodicdefinedbenefitsexpensereversalofexpenseexcludingservicecostcomponent": -40000000,
        "othernonoperatingincomeexpense": -9000000,
        "nonoperatingincomeexpense": -60000000,
        "incomelossfromcontinuingoperationsbeforeincometaxesextraordinaryitemsnoncontrollinginterest": 1183000000,
        "incometaxexpensebenefit": 304000000,
        "netincomeloss": 879000000,
        "earningspersharebasic": 3.5599999999999996,
        "earningspersharediluted": 3.5300000000000002,
        "commonstockdividendspersharedeclared": 1.2599999999999996,
        "othercomprehensiveincomelossforeigncurrencytransactionandtranslationadjustmentnetoftax": -39000000,
        "othercomprehensiveincomelossamortizationadjustmentfromaocipensionandotherpostretirementbenefitplansfornetpriorservicecostcreditnetoftax": -2000000,
        "othercomprehensiveincomelossnetoftaxportionattributabletoparent": -41000000,
        "comprehensiveincomenetoftax": 838000000,
        "othercomprehensiveincomelossforeigncurrencytranslationadjustmenttax": -2000000
    },
    {
        "date": "2023-11-29",
        "symbol": "FDX",
        "period": "Q2",
        "revenuefromcontractwithcustomerexcludingassessedtax": 22165000000,
        "laborandrelatedexpense": 7833000000,
        "purchasedtransportationcosts": 5395000000,
        "rentalsandlandingfees": 1138000000,
        "depreciationdepletionandamortization": 1040000000,
        "fuelcosts": 1328000000,
        "costofpropertyrepairsandmaintenance": 854000000,
        "businessoptimizationandrealignmentcosts": 145000000,
        "othercostandexpenseoperating": 3156000000,
        "costsandexpenses": 20889000000,
        "operatingincomeloss": 1276000000,
        "interestincomeexpensenonoperatingnet": -97000000,
        "netperiodicdefinedbenefitsexpensereversalofexpenseexcludingservicecostcomponent": -41000000,
        "othernonoperatingincomeexpense": -18000000,
        "nonoperatingincomeexpense": -74000000,
        "incomelossfromcontinuingoperationsbeforeincometaxesextraordinaryitemsnoncontrollinginterest": 1202000000,
        "incometaxexpensebenefit": 302000000,
        "netincomeloss": 900000000,
        "earningspersharebasic": 3.59,
        "earningspersharediluted": 3.55,
        "commonstockdividendspersharedeclared": 1.26,
        "othercomprehensiveincomelossforeigncurrencytransactionandtranslationadjustmentnetoftax": 28000000,
        "othercomprehensiveincomedefinedbenefitplannetpriorservicecostscreditarisingduringperiodnetoftax": -36000000,
        "othercomprehensiveincomelossamortizationadjustmentfromaocipensionandotherpostretirementbenefitplansfornetpriorservicecostcreditnetoftax": -2000000,
        "othercomprehensiveincomelossnetoftaxportionattributabletoparent": 62000000,
        "comprehensiveincomenetoftax": 962000000,
        "othercomprehensiveincomelossforeigncurrencytranslationadjustmenttax": 3000000,
        "othercomprehensiveincomelosspensionandotherpostretirementbenefitplansbenefitplanimprovementtaxeffect": -11000000
    },
    {
        "date": "2023-08-30",
        "symbol": "FDX",
        "period": "Q1",
        "revenuefromcontractwithcustomerexcludingassessedtax": 21681000000,
        "laborandrelatedexpense": 7785000000,
        "purchasedtransportationcosts": 5036000000,
        "rentalsandlandingfees": 1151000000,
        "depreciationdepletionandamortization": 1071000000,
        "fuelcosts": 1101000000,
        "costofpropertyrepairsandmaintenance": 824000000,
        "businessoptimizationandrealignmentcosts": 105000000,
        "othercostandexpenseoperating": 3123000000,
        "costsandexpenses": 20196000000,
        "operatingincomeloss": 1485000000,
        "interestincomeexpensenonoperatingnet": -91000000,
        "netperiodicdefinedbenefitsexpensereversalofexpenseexcludingservicecostcomponent": -39000000,
        "othernonoperatingincomeexpense": -10000000,
        "nonoperatingincomeexpense": -62000000,
        "incomelossfromcontinuingoperationsbeforeincometaxesextraordinaryitemsnoncontrollinginterest": 1423000000,
        "incometaxexpensebenefit": 345000000,
        "netincomeloss": 1078000000,
        "earningspersharebasic": 4.28,
        "earningspersharediluted": 4.23,
        "commonstockdividendspersharedeclared": 1.26,
        "othercomprehensiveincomelossforeigncurrencytransactionandtranslationadjustmentnetoftax": -28000000,
        "othercomprehensiveincomelossamortizationadjustmentfromaocipensionandotherpostretirementbenefitplansfornetpriorservicecostcreditnetoftax": -1000000,
        "othercomprehensiveincomelossnetoftaxportionattributabletoparent": -29000000,
        "comprehensiveincomenetoftax": 1049000000,
        "othercomprehensiveincomelossforeigncurrencytranslationadjustmenttax": -4000000
    },
    {
        "date": "2023-05-30",
        "symbol": "FDX",
        "period": "Q4",
        "revenuefromcontractwithcustomerexcludingassessedtax": 22175000000,
        "laborandrelatedexpense": 7551000000,
        "purchasedtransportationcosts": 4956000000,
        "rentalsandlandingfees": 1179000000,
        "depreciationdepletionandamortization": -2966000000,
        "fuelcosts": 1144000000,
        "costofpropertyrepairsandmaintenance": 782000000,
        "othercostandexpenseoperating": 3511000000,
        "costsandexpenses": 20427000000,
        "operatingincomeloss": -379000000,
        "netperiodicdefinedbenefitsexpensereversalofexpenseexcludingservicecostcomponent": -750000000,
        "nonoperatingincomeexpense": 625000000,
        "incomelossfromcontinuingoperationsbeforeincometaxesextraordinaryitemsnoncontrollinginterest": 2128000000,
        "incometaxexpensebenefit": 590000000,
        "netincomeloss": 1538000000,
        "earningspersharebasic": 6.080000000000001,
        "earningspersharediluted": 6.02,
        "othercomprehensiveincomelossforeigncurrencytransactionandtranslationadjustmentnetoftax": -15000000,
        "othercomprehensiveincomelossamortizationadjustmentfromaocipensionandotherpostretirementbenefitplansfornetpriorservicecostcreditnetoftax": 0,
        "othercomprehensiveincomelossnetoftaxportionattributabletoparent": -19000000,
        "comprehensiveincomenetoftax": 1519000000,
        "othercomprehensiveincomelossforeigncurrencytranslationadjustmenttax": -3000000
    },
    {
        "date": "2023-02-27",
        "symbol": "FDX",
        "period": "Q3",
        "revenuefromcontractwithcustomerexcludingassessedtax": 893000000,
        "laborandrelatedexpense": 7817000000,
        "purchasedtransportationcosts": 5402000000,
        "rentalsandlandingfees": 1205000000,
        "depreciationdepletionandamortization": 1031000000,
        "fuelcosts": 1350000000,
        "costofpropertyrepairsandmaintenance": 789000000,
        "othercostandexpenseoperating": 3410000000,
        "costsandexpenses": 21127000000,
        "operatingincomeloss": -307000000,
        "interestincomeexpensenonoperatingnet": -122000000,
        "netperiodicdefinedbenefitsexpensereversalofexpenseexcludingservicecostcomponent": -102000000,
        "othernonoperatingincomeexpense": 0,
        "nonoperatingincomeexpense": -20000000,
        "incomelossfromcontinuingoperationsbeforeincometaxesextraordinaryitemsnoncontrollinginterest": 1022000000,
        "incometaxexpensebenefit": 251000000,
        "netincomeloss": 771000000,
        "earningspersharebasic": 3.0699999999999994,
        "earningspersharediluted": 3.0600000000000005,
        "commonstockdividendspersharedeclared": 1.15,
        "othercomprehensiveincomelossforeigncurrencytransactionandtranslationadjustmentnetoftax": 80000000,
        "othercomprehensiveincomelossamortizationadjustmentfromaocipensionandotherpostretirementbenefitplansfornetpriorservicecostcreditnetoftax": -3000000,
        "othercomprehensiveincomelossnetoftaxportionattributabletoparent": 77000000,
        "comprehensiveincomenetoftax": 848000000,
        "othercomprehensiveincomelossforeigncurrencytranslationadjustmenttax": 5000000
    },
    {
        "date": "2022-11-29",
        "symbol": "FDX",
        "period": "Q2",
        "revenuefromcontractwithcustomerexcludingassessedtax": 1035000000,
        "laborandrelatedexpense": 7792000000,
        "purchasedtransportationcosts": 5665000000,
        "rentalsandlandingfees": 1195000000,
        "depreciationdepletionandamortization": 1046000000,
        "fuelcosts": 1593000000,
        "costofpropertyrepairsandmaintenance": 882000000,
        "businessrealignmentandoptimizationcosts": 36000000,
        "othercostandexpenseoperating": 3429000000,
        "costsandexpenses": 21638000000,
        "operatingincomeloss": -203000000,
        "interestincomeexpensenonoperatingnet": -127000000,
        "netperiodicdefinedbenefitsexpensereversalofexpenseexcludingservicecostcomponent": -101000000,
        "othernonoperatingincomeexpense": -91000000,
        "nonoperatingincomeexpense": -117000000,
        "incomelossfromcontinuingoperationsbeforeincometaxesextraordinaryitemsnoncontrollinginterest": 1059000000,
        "incometaxexpensebenefit": 271000000,
        "netincomeloss": 788000000,
        "earningspersharebasic": 3.08,
        "earningspersharediluted": 3.07,
        "commonstockdividendspersharedeclared": 1.15,
        "othercomprehensiveincomelossforeigncurrencytransactionandtranslationadjustmentnetoftax": -70000000,
        "othercomprehensiveincomelossamortizationadjustmentfromaocipensionandotherpostretirementbenefitplansfornetpriorservicecostcreditnetoftax": -1000000,
        "othercomprehensiveincomelossnetoftaxportionattributabletoparent": -71000000,
        "comprehensiveincomenetoftax": 717000000,
        "othercomprehensiveincomelossforeigncurrencytranslationadjustmenttax": -9000000,
        "othercomprehensiveincomelossamortizationadjustmentfromaocipensionandotherpostretirementbenefitplansfornetpriorservicecostcredittax": 1000000
    },
    {
        "date": "2022-08-30",
        "symbol": "FDX",
        "period": "Q1",
        "revenuefromcontractwithcustomerexcludingassessedtax": 1162000000,
        "laborandrelatedexpense": 7859000000,
        "purchasedtransportationcosts": 5767000000,
        "rentalsandlandingfees": 1159000000,
        "depreciationdepletionandamortization": 1024000000,
        "fuelcosts": 1822000000,
        "costofpropertyrepairsandmaintenance": 904000000,
        "businessrealignmentandoptimizationcosts": 38000000,
        "othercostandexpenseoperating": 3478000000,
        "costsandexpenses": 22051000000,
        "operatingincomeloss": -328000000,
        "interestincomeexpensenonoperatingnet": -142000000,
        "netperiodicdefinedbenefitsexpensereversalofexpenseexcludingservicecostcomponent": -101000000,
        "othernonoperatingincomeexpense": 4000000,
        "nonoperatingincomeexpense": -37000000,
        "incomelossfromcontinuingoperationsbeforeincometaxesextraordinaryitemsnoncontrollinginterest": 1154000000,
        "incometaxexpensebenefit": 279000000,
        "netincomeloss": 875000000,
        "earningspersharebasic": 3.37,
        "earningspersharediluted": 3.33,
        "commonstockdividendspersharedeclared": 2.3,
        "othercomprehensiveincomelossforeigncurrencytransactionandtranslationadjustmentnetoftax": -209000000,
        "othercomprehensiveincomelossamortizationadjustmentfromaocipensionandotherpostretirementbenefitplansfornetpriorservicecostcreditnetoftax": -2000000,
        "othercomprehensiveincomelossnetoftaxportionattributabletoparent": -211000000,
        "comprehensiveincomenetoftax": 664000000,
        "othercomprehensiveincomelossforeigncurrencytranslationadjustmenttax": -18000000
    },
    {
        "date": "2022-05-30",
        "symbol": "FDX",
        "period": "Q4",
        "revenuefromcontractwithcustomerexcludingassessedtax": 25022000000,
        "laborandrelatedexpense": 7903000000,
        "purchasedtransportationcosts": 5946000000,
        "rentalsandlandingfees": 1177000000,
        "depreciationdepletionandamortization": -2827000000,
        "fuelcosts": 1760000000,
        "costofpropertyrepairsandmaintenance": 842000000,
        "businessrealignmentcosts": 60000000,
        "othercostandexpenseoperating": 3764000000,
        "costsandexpenses": 22470000000,
        "operatingincomeloss": -413000000,
        "netperiodicdefinedbenefitsexpensereversalofexpenseexcludingservicecostcomponent": 1106000000,
        "othernonoperatingincomeexpense": 24000000,
        "nonoperatingincomeexpense": -1240000000,
        "incometaxexpensebenefit": 126000000,
        "netincomeloss": 558000000,
        "earningspersharebasic": 2.17,
        "earningspersharediluted": 2.1599999999999993,
        "othercomprehensiveincomelossforeigncurrencytransactionandtranslationadjustmentnetoftax": -213000000,
        "othercomprehensiveincomelossamortizationadjustmentfromaocipensionandotherpostretirementbenefitplansfornetpriorservicecostcreditnetoftax": -1000000,
        "othercomprehensiveincomelossnetoftaxportionattributabletoparent": -216000000,
        "comprehensiveincomenetoftax": 342000000
    },
    {
        "date": "2022-02-27",
        "symbol": "FDX",
        "period": "Q3",
        "revenuefromcontractwithcustomerexcludingassessedtax": 1219000000,
        "laborandrelatedexpense": 8244000000,
        "purchasedtransportationcosts": 6272000000,
        "rentalsandlandingfees": 1225000000,
        "depreciationdepletionandamortization": 986000000,
        "fuelcosts": 1201000000,
        "costofpropertyrepairsandmaintenance": 822000000,
        "businessrealignmentcosts": 107000000,
        "othercostandexpenseoperating": 3458000000,
        "costsandexpenses": 22315000000,
        "operatingincomeloss": -172000000,
        "interestincomeexpensenonoperatingnet": -163000000,
        "netperiodicdefinedbenefitsexpensereversalofexpenseexcludingservicecostcomponent": -211000000,
        "othernonoperatingincomeexpense": 1000000,
        "nonoperatingincomeexpense": 49000000,
        "incomelossfromcontinuingoperationsbeforeincometaxesextraordinaryitemsnoncontrollinginterest": 1375000000,
        "incometaxexpensebenefit": 263000000,
        "netincomeloss": 1112000000,
        "earningspersharebasic": 4.26,
        "earningspersharediluted": 4.2,
        "commonstockdividendspersharedeclared": 0.75,
        "othercomprehensiveincomelossforeigncurrencytransactionandtranslationadjustmentnetoftax": 91000000,
        "othercomprehensiveincomelossamortizationadjustmentfromaocipensionandotherpostretirementbenefitplansfornetpriorservicecostcreditnetoftax": -1000000,
        "othercomprehensiveincomelossnetoftaxportionattributabletoparent": 90000000,
        "comprehensiveincomenetoftax": 1202000000,
        "othercomprehensiveincomelossforeigncurrencytranslationadjustmenttax": 3000000,
        "othercomprehensiveincomelossamortizationadjustmentfromaocipensionandotherpostretirementbenefitplansfornetpriorservicecostcredittax": 1000000
    },
    {
        "date": "2021-11-29",
        "symbol": "FDX",
        "period": "Q2",
        "revenuefromcontractwithcustomerexcludingassessedtax": 1256000000,
        "laborandrelatedexpense": 8135000000,
        "purchasedtransportationcosts": 6241000000,
        "rentalsandlandingfees": 1177000000,
        "depreciationdepletionandamortization": 995000000,
        "fuelcosts": 1145000000,
        "costofpropertyrepairsandmaintenance": 839000000,
        "businessrealignmentcosts": 44000000,
        "othercostandexpenseoperating": 3301000000,
        "costsandexpenses": 21877000000,
        "operatingincomeloss": -167000000,
        "interestincomeexpensenonoperatingnet": -155000000,
        "netperiodicdefinedbenefitsexpensereversalofexpenseexcludingservicecostcomponent": 47000000,
        "othernonoperatingincomeexpense": -15000000,
        "nonoperatingincomeexpense": -217000000,
        "incomelossfromcontinuingoperationsbeforeincometaxesminorityinterestandincomelossfromequitymethodinvestments": 1380000000,
        "incometaxexpensebenefit": 336000000,
        "netincomeloss": 1044000000,
        "earningspersharebasic": 3.94,
        "earningspersharediluted": 3.88,
        "commonstockdividendspersharedeclared": 0.75,
        "othercomprehensiveincomelossforeigncurrencytransactionandtranslationadjustmentnetoftax": -94000000,
        "othercomprehensiveincomelossamortizationadjustmentfromaocipensionandotherpostretirementbenefitplansfornetpriorservicecostcreditnetoftax": -2000000,
        "othercomprehensiveincomelossnetoftaxportionattributabletoparent": -96000000,
        "comprehensiveincomenetoftax": 948000000,
        "othercomprehensiveincomelossforeigncurrencytranslationadjustmenttax": -4000000,
        "othercomprehensiveincomelossamortizationadjustmentfromaocipensionandotherpostretirementbenefitplansfornetpriorservicecostcredittax": 1000000
    },
    {
        "date": "2021-08-30",
        "symbol": "FDX",
        "period": "Q1",
        "revenuefromcontractwithcustomerexcludingassessedtax": 1074000000,
        "laborandrelatedexpense": 7776000000,
        "purchasedtransportationcosts": 5659000000,
        "rentalsandlandingfees": 1133000000,
        "depreciationdepletionandamortization": 971000000,
        "fuelcosts": 1009000000,
        "costofpropertyrepairsandmaintenance": 869000000,
        "businessrealignmentcosts": 67000000,
        "othercostandexpenseoperating": 3121000000,
        "costsandexpenses": 20605000000,
        "operatingincomeloss": -230000000,
        "interestincomeexpensenonoperatingnet": -160000000,
        "netperiodicdefinedbenefitsexpensereversalofexpenseexcludingservicecostcomponent": -216000000,
        "othernonoperatingincomeexpense": 3000000,
        "nonoperatingincomeexpense": 59000000,
        "incomelossfromcontinuingoperationsbeforeincometaxesminorityinterestandincomelossfromequitymethodinvestments": 1457000000,
        "incometaxexpensebenefit": 345000000,
        "netincomeloss": 1112000000,
        "earningspersharebasic": 4.17,
        "earningspersharediluted": 4.09,
        "commonstockdividendspersharedeclared": 1.5,
        "othercomprehensiveincomelossforeigncurrencytransactionandtranslationadjustmentnetoftax": -147000000,
        "othercomprehensiveincomelossamortizationadjustmentfromaocipensionandotherpostretirementbenefitplansfornetpriorservicecostcreditnetoftax": -2000000,
        "othercomprehensiveincomelossnetoftaxportionattributabletoparent": -149000000,
        "comprehensiveincomenetoftax": 963000000
    },
    {
        "date": "2021-02-27",
        "symbol": "FDX",
        "period": "Q3",
        "revenuefromcontractwithcustomerexcludingassessedtax": 21510000000,
        "laborandrelatedexpense": 8010000000,
        "purchasedtransportationcosts": 5660000000,
        "rentalsandlandingfees": 1131000000,
        "depreciationdepletionandamortization": 956000000,
        "fuelcosts": 756000000,
        "costofpropertyrepairsandmaintenance": 822000000,
        "othercostandexpenseoperating": 3160000000,
        "costsandexpenses": 20505000000,
        "operatingincomeloss": 1005000000,
        "interestincomeexpensenonoperatingnet": -187000000,
        "netperiodicdefinedbenefitsexpensereversalofexpenseexcludingservicecostcomponent": -202000000,
        "othernonoperatingincomeexpense": 29000000,
        "nonoperatingincomeexpense": 44000000,
        "incomelossfromcontinuingoperationsbeforeincometaxesminorityinterestandincomelossfromequitymethodinvestments": 1049000000,
        "incometaxexpensebenefit": 157000000,
        "netincomeloss": 892000000,
        "earningspersharebasic": 3.3499999999999996,
        "earningspersharediluted": 3.290000000000002,
        "commonstockdividendspersharedeclared": 0.6500000000000001,
        "othercomprehensiveincomelossforeigncurrencytransactionandtranslationadjustmentnetoftax": 136000000,
        "othercomprehensiveincomelossamortizationadjustmentfromaocipensionandotherpostretirementbenefitplansfornetpriorservicecostcreditnetoftax": -2000000,
        "othercomprehensiveincomelossnetoftaxportionattributabletoparent": 134000000,
        "comprehensiveincomenetoftax": 1026000000,
        "othercomprehensiveincomelossforeigncurrencytranslationadjustmenttax": 1000000
    },
    {
        "date": "2020-11-29",
        "symbol": "FDX",
        "period": "Q2",
        "revenuefromcontractwithcustomerexcludingassessedtax": 20563000000,
        "laborandrelatedexpense": 7443000000,
        "purchasedtransportationcosts": 5407000000,
        "rentalsandlandingfees": 1006000000,
        "depreciationdepletionandamortization": 936000000,
        "fuelcosts": 625000000,
        "costofpropertyrepairsandmaintenance": 815000000,
        "othercostandexpenseoperating": 2866000000,
        "costsandexpenses": 19098000000,
        "operatingincomeloss": 1465000000,
        "interestincomeexpensenonoperatingnet": -184000000,
        "netperiodicdefinedbenefitsexpensereversalofexpenseexcludingservicecostcomponent": -150000000,
        "othernonoperatingincomeexpense": -25000000,
        "nonoperatingincomeexpense": -59000000,
        "incomelossfromcontinuingoperationsbeforeincometaxesminorityinterestandincomelossfromequitymethodinvestments": 1406000000,
        "incometaxexpensebenefit": 180000000,
        "netincomeloss": 1226000000,
        "earningspersharebasic": 4.65,
        "earningspersharediluted": 4.54,
        "commonstockdividendspersharedeclared": 0.6499999999999999,
        "othercomprehensiveincomelossforeigncurrencytransactionandtranslationadjustmentnetoftax": 124000000,
        "othercomprehensiveincomelossamortizationadjustmentfromaocipensionandotherpostretirementbenefitplansfornetpriorservicecostcreditnetoftax": -2000000,
        "othercomprehensiveincomelossnetoftaxportionattributabletoparent": 122000000,
        "comprehensiveincomenetoftax": 1348000000,
        "othercomprehensiveincomelossforeigncurrencytranslationadjustmenttax": 6000000,
        "othercomprehensiveincomelossamortizationadjustmentfromaocipensionandotherpostretirementbenefitplansfornetpriorservicecostcredittax": 0
    },
    {
        "date": "2020-08-30",
        "symbol": "FDX",
        "period": "Q1",
        "revenuefromcontractwithcustomerexcludingassessedtax": 19321000000,
        "laborandrelatedexpense": 6852000000,
        "purchasedtransportationcosts": 4977000000,
        "rentalsandlandingfees": 936000000,
        "depreciationdepletionandamortization": 926000000,
        "fuelcosts": 565000000,
        "costofpropertyrepairsandmaintenance": 806000000,
        "othercostandexpenseoperating": 2669000000,
        "costsandexpenses": 17731000000,
        "operatingincomeloss": 1590000000,
        "interestincomeexpensenonoperatingnet": -184000000,
        "netperiodicdefinedbenefitsexpensereversalofexpenseexcludingservicecostcomponent": -201000000,
        "othernonoperatingincomeexpense": -1000000,
        "nonoperatingincomeexpense": 16000000,
        "incomelossfromcontinuingoperationsbeforeincometaxesminorityinterestandincomelossfromequitymethodinvestments": 1606000000,
        "incometaxexpensebenefit": 361000000,
        "netincomeloss": 1245000000,
        "earningspersharebasic": 4.75,
        "earningspersharediluted": 4.72,
        "commonstockdividendspersharedeclared": 1.3,
        "othercomprehensiveincomelossforeigncurrencytransactionandtranslationadjustmentnetoftax": 129000000,
        "othercomprehensiveincomelossamortizationadjustmentfromaocipensionandotherpostretirementbenefitplansfornetpriorservicecostcreditnetoftax": -2000000,
        "othercomprehensiveincomelossnetoftaxportionattributabletoparent": 127000000,
        "comprehensiveincomenetoftax": 1372000000,
        "othercomprehensiveincomelossforeigncurrencytranslationadjustmenttax": -2000000,
        "othercomprehensiveincomelossamortizationadjustmentfromaocipensionandotherpostretirementbenefitplansfornetpriorservicecostcredittax": 1000000
    },
    {
        "date": "2020-05-30",
        "symbol": "FDX",
        "period": "Q4",
        "revenuefromcontractwithcustomerexcludingassessedtax": 17358000000,
        "laborandrelatedexpense": 6327000000,
        "rentalsandlandingfees": 904000000,
        "depreciationdepletionandamortization": 927000000,
        "fuelcosts": 517000000,
        "costofpropertyrepairsandmaintenance": 667000000,
        "othercostandexpenseoperating": 2620000000,
        "costsandexpenses": 16883000000,
        "operatingincomeloss": 475000000,
        "netperiodicdefinedbenefitsexpensereversalofexpenseexcludingservicecostcomponent": 626000000,
        "othernonoperatingincomeexpense": 6000000,
        "nonoperatingincomeexpense": -794000000,
        "incomelossfromcontinuingoperationsbeforeincometaxesminorityinterestandincomelossfromequitymethodinvestments": -319000000,
        "incometaxexpensebenefit": 15000000,
        "netincomeloss": -334000000,
        "earningspersharebasic": -1.2900000000000005,
        "earningspersharediluted": -1.2699999999999996,
        "othercomprehensiveincomelossforeigncurrencytransactionandtranslationadjustmentnetoftax": -242000000,
        "othercomprehensiveincomelossamortizationadjustmentfromaocipensionandotherpostretirementbenefitplansfornetpriorservicecostcreditnetoftax": -18000000,
        "othercomprehensiveincomelossnetoftaxportionattributabletoparent": -260000000,
        "comprehensiveincomenetoftax": -594000000,
        "othercomprehensiveincomelossforeigncurrencytranslationadjustmenttax": -15000000,
        "othercomprehensiveincomelossamortizationadjustmentfromaocipensionandotherpostretirementbenefitplansfornetpriorservicecostcredittax": 6000000
    },
    {
        "date": "2020-02-28",
        "symbol": "FDX",
        "period": "Q3",
        "revenuefromcontractwithcustomerexcludingassessedtax": 34621000000,
        "laborandrelatedexpense": 11087000000,
        "rentalsandlandingfees": 1886000000,
        "depreciationdepletionandamortization": 1669000000,
        "fuelcosts": 1691000000,
        "costofpropertyrepairsandmaintenance": 1368000000,
        "othercostandexpenseoperating": 5270000000,
        "costsandexpenses": 33233000000,
        "operatingincomeloss": 1268000000,
        "interestincomeexpensenonoperatingnet": -294000000,
        "netperiodicdefinedbenefitsexpensereversalofexpenseexcludingservicecostcomponent": -331000000,
        "othernonoperatingincomeexpense": -1000000,
        "nonoperatingincomeexpense": 9000000,
        "incomelossfromcontinuingoperationsbeforeincometaxesminorityinterestandincomelossfromequitymethodinvestments": 2179000000,
        "incometaxexpensebenefit": 330000000,
        "netincomeloss": 1823000000,
        "earningspersharebasic": 1.2000000000000006,
        "earningspersharediluted": 1.2000000000000002,
        "commonstockdividendspersharedeclared": 0.6500000000000001,
        "othercomprehensiveincomelossforeigncurrencytransactionandtranslationadjustmentnetoftax": -1000000,
        "othercomprehensiveincomelossamortizationadjustmentfromaocipensionandotherpostretirementbenefitplansfornetpriorservicecostcreditnetoftax": -20000000,
        "othercomprehensiveincomelossnetoftaxportionattributabletoparent": -21000000,
        "comprehensiveincomenetoftax": 1698000000,
        "othercomprehensiveincomelossforeigncurrencytranslationadjustmenttax": -7000000,
        "othercomprehensiveincomelossamortizationadjustmentfromaocipensionandotherpostretirementbenefitplansfornetpriorservicecostcredittax": 7000000
    },
    {
        "date": "2019-11-29",
        "symbol": "FDX",
        "period": "Q2",
        "revenuefromcontractwithcustomerexcludingassessedtax": 17324000000,
        "laborandrelatedexpense": 6235000000,
        "purchasedtransportationcosts": 4328000000,
        "rentalsandlandingfees": 924000000,
        "depreciationdepletionandamortization": 901000000,
        "fuelcosts": 890000000,
        "costofpropertyrepairsandmaintenance": 774000000,
        "assetimpairmentcharges": 66000000,
        "othercostandexpenseoperating": 2652000000,
        "costsandexpenses": 16770000000,
        "operatingincomeloss": 554000000,
        "interestincomeexpensenonoperatingnet": -151000000,
        "netperiodicdefinedbenefitsexpensereversalofexpenseexcludingservicecostcomponent": -168000000,
        "othernonoperatingincomeexpense": 1000000,
        "nonoperatingincomeexpense": 18000000,
        "incomelossfromcontinuingoperationsbeforeincometaxesminorityinterestandincomelossfromequitymethodinvestments": 572000000,
        "incometaxexpensebenefit": 12000000,
        "netincomeloss": 560000000,
        "earningspersharebasic": 2.15,
        "earningspersharediluted": 2.13,
        "commonstockdividendspersharedeclared": 0.65,
        "othercomprehensiveincomelossforeigncurrencytransactionandtranslationadjustmentnetoftax": 72000000,
        "othercomprehensiveincomelossamortizationadjustmentfromaocipensionandotherpostretirementbenefitplansfornetpriorservicecostcreditnetoftax": -20000000,
        "othercomprehensiveincomelossnetoftaxportionattributabletoparent": 52000000,
        "comprehensiveincomenetoftax": 612000000,
        "othercomprehensiveincomelossforeigncurrencytranslationadjustmenttax": 7000000,
        "othercomprehensiveincomelossamortizationadjustmentfromaocipensionandotherpostretirementbenefitplansfornetpriorservicecostcredittax": 6000000
    },
    {
        "date": "2019-08-30",
        "symbol": "FDX",
        "period": "Q1",
        "revenuefromcontractwithcustomerexcludingassessedtax": -86000000,
        "laborandrelatedexpense": 1382000000,
        "costofgoodsandservicessold": -34000000,
        "typeofcostgoodorserviceextensiblelist": "us-gaap:ShippingAndHandlingMember",
        "rentalsandlandingfees": -2000000,
        "depreciationdepletionandamortization": 118000000,
        "fuelcosts": 58000000,
        "costofpropertyrepairsandmaintenance": 84000000,
        "othercostandexpenseoperating": -50000000,
        "costsandexpenses": -86000000,
        "operatingincomeloss": 120000000,
        "interestincomeexpensenonoperatingnet": 2000000,
        "netperiodicdefinedbenefitsexpensereversalofexpenseexcludingservicecostcomponent": -5000000,
        "othernonoperatingincomeexpense": -15000000,
        "nonoperatingincomeexpense": 19000000,
        "incomelossfromcontinuingoperationsbeforeincometaxesminorityinterestandincomelossfromequitymethodinvestments": -763000000,
        "incometaxexpensebenefit": 26000000,
        "netincomeloss": -763000000,
        "earningspersharebasic": 2.86,
        "earningspersharediluted": 2.84,
        "commonstockdividendspersharedeclared": 1.3,
        "othercomprehensiveincomelossforeigncurrencytransactionandtranslationadjustmentnetoftax": -83000000,
        "othercomprehensiveincomelossamortizationadjustmentfromaocipensionandotherpostretirementbenefitplansfornetpriorservicecostcreditnetoftax": -21000000,
        "othercomprehensiveincomelossnetoftaxportionattributabletoparent": -104000000,
        "comprehensiveincomenetoftax": -763000000,
        "othercomprehensiveincomelossforeigncurrencytranslationadjustmenttax": -3000000,
        "othercomprehensiveincomelossamortizationadjustmentfromaocipensionandotherpostretirementbenefitplansfornetpriorservicecostcredittax": 6000000
    },
    {
        "date": "2019-05-30",
        "symbol": "FDX",
        "period": "Q4",
        "laborandrelatedexpense": 1404000000,
        "costofgoodsandservicessold": -59000000,
        "typeofcostgoodorserviceextensiblelist": "us-gaap:ShippingAndHandlingMember",
        "rentalsandlandingfees": -4000000,
        "depreciationdepletionandamortization": 121000000,
        "fuelcosts": 65000000,
        "costofpropertyrepairsandmaintenance": -185000000,
        "othercostandexpenseoperating": -16000000,
        "costsandexpenses": -79000000,
        "operatingincomeloss": 709000000,
        "netperiodicdefinedbenefitsexpensereversalofexpenseexcludingservicecostcomponent": 534000000,
        "othernonoperatingincomeexpense": 277000000,
        "nonoperatingincomeexpense": -3870000000,
        "incomelossfromcontinuingoperationsbeforeincometaxesminorityinterestandincomelossfromequitymethodinvestments": 1957000000,
        "incometaxexpensebenefit": -83000000,
        "netincomeloss": 1957000000,
        "earningspersharebasic": -7.48,
        "earningspersharediluted": -5.71,
        "othercomprehensiveincomelossforeigncurrencytransactionandtranslationadjustmentnetoftax": -105000000,
        "othercomprehensiveincomelossamortizationadjustmentfromaocipensionandotherpostretirementbenefitplansfornetpriorservicecostcreditnetoftax": -22000000,
        "othercomprehensiveincomelossnetoftaxportionattributabletoparent": -128000000,
        "comprehensiveincomenetoftax": 1957000000,
        "othercomprehensiveincomelossforeigncurrencytranslationadjustmenttax": -7000000,
        "othercomprehensiveincomelossamortizationadjustmentfromaocipensionandotherpostretirementbenefitplansfornetpriorservicecostcredittax": 7000000
    },
    {
        "date": "2019-02-27",
        "symbol": "FDX",
        "period": "Q3",
        "revenuefromcontractwithcustomerexcludingassessedtax": 592000000,
        "laborandrelatedexpense": 1321000000,
        "costofgoodsandservicessold": -43000000,
        "typeofcostgoodorserviceextensiblelist": "us-gaap:ShippingAndHandlingMember",
        "rentalsandlandingfees": -1000000,
        "depreciationdepletionandamortization": 120000000,
        "fuelcosts": 69000000,
        "costofpropertyrepairsandmaintenance": -2000000,
        "businessrealignmentcosts": 4000000,
        "othercostandexpenseoperating": -46000000,
        "costsandexpenses": -92000000,
        "operatingincomeloss": -8000000,
        "interestincomeexpensenonoperatingnet": 28000000,
        "netperiodicdefinedbenefitsexpensereversalofexpenseexcludingservicecostcomponent": -3000000,
        "othernonoperatingincomeexpense": 8000000,
        "nonoperatingincomeexpense": 20000000,
        "incomelossfromcontinuingoperationsbeforeincometaxesminorityinterestandincomelossfromequitymethodinvestments": -755000000,
        "incometaxexpensebenefit": 45000000,
        "netincomeloss": -755000000,
        "earningspersharebasic": 2.83,
        "earningspersharediluted": 0.01,
        "commonstockdividendspersharedeclared": 0.65,
        "othercomprehensiveincomelossforeigncurrencytransactionandtranslationadjustmentnetoftax": 103000000,
        "othercomprehensiveincomelossamortizationadjustmentfromaocipensionandotherpostretirementbenefitplansfornetpriorservicecostcreditnetoftax": -23000000,
        "othercomprehensiveincomelossnetoftaxportionattributabletoparent": 80000000,
        "comprehensiveincomenetoftax": -755000000,
        "othercomprehensiveincomelossforeigncurrencytranslationadjustmenttax": 9000000,
        "othercomprehensiveincomelossamortizationadjustmentfromaocipensionandotherpostretirementbenefitplansfornetpriorservicecostcredittax": 7000000
    },
    {
        "date": "2018-11-29",
        "symbol": "FDX",
        "period": "Q2",
        "revenues": -100000000,
        "laborandrelatedexpense": 1429000000,
        "costofgoodsandservicessold": -35000000,
        "typeofcostgoodorserviceextensiblelist": "us-gaap:ShippingAndHandlingMember",
        "rentalsandlandingfees": -1000000,
        "depreciationdepletionandamortization": 119000000,
        "fuelcosts": 84000000,
        "costofpropertyrepairsandmaintenance": 96000000,
        "othercostandexpenseoperating": -72000000,
        "costsandexpenses": -108000000,
        "operatingincomeloss": 8000000,
        "interestincomeexpensenonoperatingnet": -12000000,
        "netperiodicdefinedbenefitsexpensereversalofexpenseexcludingservicecostcomponent": -3000000,
        "othernonoperatingincomeexpense": -9000000,
        "nonoperatingincomeexpense": 9000000,
        "incomelossfromcontinuingoperationsbeforeincometaxesminorityinterestandincomelossfromequitymethodinvestments": -984000000,
        "incometaxexpensebenefit": 25000000,
        "netincomeloss": -984000000,
        "earningspersharebasic": 3.56,
        "earningspersharediluted": 3.51,
        "commonstockdividendspersharedeclared": 0.65,
        "othercomprehensiveincomelossforeigncurrencytransactionandtranslationadjustmentnetoftax": -31000000,
        "othercomprehensiveincomelossamortizationadjustmentfromaocipensionandotherpostretirementbenefitplansfornetpriorservicecostcreditnetoftax": -23000000,
        "othercomprehensiveincomelossnetoftaxportionattributabletoparent": -54000000,
        "comprehensiveincomenetoftax": -983000000,
        "othercomprehensiveincomelossforeigncurrencytranslationadjustmenttax": -7000000,
        "othercomprehensiveincomelossamortizationadjustmentfromaocipensionandotherpostretirementbenefitplansfornetpriorservicecostcredittax": 7000000
    },
    {
        "date": "2018-08-30",
        "symbol": "FDX",
        "period": "Q1",
        "revenues": -102000000,
        "laborandrelatedexpense": 1429000000,
        "costofgoodsandservicessold": -47000000,
        "typeofcostgoodorserviceextensiblelist": "us-gaap:ShippingAndHandlingMember",
        "rentalsandlandingfees": -1000000,
        "depreciationdepletionandamortization": 115000000,
        "fuelcosts": 84000000,
        "costofpropertyrepairsandmaintenance": 89000000,
        "othercostandexpenseoperating": -54000000,
        "costsandexpenses": -102000000,
        "operatingincomeloss": 59000000,
        "interestincomeexpensenonoperatingnet": -13000000,
        "netperiodicdefinedbenefitsexpensereversalofexpenseexcludingservicecostcomponent": 48000000,
        "othernonoperatingincomeexpense": -340000000,
        "nonoperatingincomeexpense": 30000000,
        "incomelossfromcontinuingoperationsbeforeincometaxesminorityinterestandincomelossfromequitymethodinvestments": -932000000,
        "incometaxexpensebenefit": 51000000,
        "netincomeloss": -932000000,
        "earningspersharebasic": 3.15,
        "earningspersharediluted": 3.1,
        "commonstockdividendspersharedeclared": 1.3,
        "othercomprehensiveincomelossforeigncurrencytransactionandtranslationadjustmentnetoftax": -162000000,
        "othercomprehensiveincomelossamortizationadjustmentfromaocipensionandotherpostretirementbenefitplansfornetpriorservicecostcreditnetoftax": -23000000,
        "othercomprehensiveincomelossnetoftaxportionattributabletoparent": -185000000,
        "comprehensiveincomenetoftax": -933000000,
        "othercomprehensiveincomelossforeigncurrencytranslationadjustmenttax": -24000000,
        "othercomprehensiveincomelossamortizationadjustmentfromaocipensionandotherpostretirementbenefitplansfornetpriorservicecostcredittax": 7000000
    },
    {
        "date": "2018-02-27",
        "symbol": "FDX",
        "period": "Q3",
        "revenues": -136000000,
        "laborandrelatedexpense": 1319000000,
        "shippinghandlingandtransportationcosts": -84000000,
        "rentalsandlandingfees": -2000000,
        "depreciationdepletionandamortization": 115000000,
        "fuelcosts": 77000000,
        "costofpropertyrepairsandmaintenance": 84000000,
        "othercostandexpenseoperating": -50000000,
        "costsandexpenses": -136000000,
        "operatingincomeloss": 165000000,
        "interestincomeexpensenonoperatingnet": 1000000,
        "othernonoperatingincomeexpense": -103000000,
        "nonoperatingincomeexpense": -127000000,
        "incomelossfromcontinuingoperationsbeforeincometaxesminorityinterestandincomelossfromequitymethodinvestments": -2076000000,
        "incometaxexpensebenefit": -3000000,
        "netincomeloss": -2076000000,
        "earningspersharebasic": 7.74,
        "earningspersharediluted": 7.59,
        "commonstockdividendspersharedeclared": 0.5,
        "othercomprehensiveincomelossforeigncurrencytransactionandtranslationadjustmentnetoftax": 100000000,
        "othercomprehensiveincomelossamortizationadjustmentfromaocipensionandotherpostretirementbenefitplansfornetpriorservicecostcreditnetoftax": -23000000,
        "othercomprehensiveincomelossnetoftaxportionattributabletoparent": 77000000,
        "comprehensiveincomenetoftax": -2076000000,
        "othercomprehensiveincomelossforeigncurrencytranslationadjustmenttax": 9000000,
        "othercomprehensiveincomelossamortizationadjustmentfromaocipensionandotherpostretirementbenefitplansfornetpriorservicecostcredittax": 7000000
    },
    {
        "date": "2017-11-29",
        "symbol": "FDX",
        "period": "Q2",
        "revenues": -93000000,
        "laborandrelatedexpense": 1268000000,
        "shippinghandlingandtransportationcosts": -50000000,
        "rentalsandlandingfees": -3000000,
        "depreciationdepletionandamortization": 107000000,
        "fuelcosts": 72000000,
        "costofpropertyrepairsandmaintenance": 81000000,
        "othercostandexpenseoperating": -40000000,
        "costsandexpenses": -93000000,
        "operatingincomeloss": 182000000,
        "interestincomeexpensenonoperatingnet": -5000000,
        "othernonoperatingincomeexpense": 11000000,
        "nonoperatingincomeexpense": -123000000,
        "incomelossfromcontinuingoperationsbeforeincometaxesminorityinterestandincomelossfromequitymethodinvestments": -815000000,
        "incometaxexpensebenefit": 139000000,
        "netincomeloss": -815000000,
        "earningspersharebasic": 2.89,
        "earningspersharediluted": 2.84,
        "commonstockdividendspersharedeclared": 0.5,
        "othercomprehensiveincomelossforeigncurrencytransactionandtranslationadjustmentnetoftax": -90000000,
        "othercomprehensiveincomelossamortizationadjustmentfromaocipensionandotherpostretirementbenefitplansfornetpriorservicecostcreditnetoftax": -19000000,
        "othercomprehensiveincomelossnetoftaxportionattributabletoparent": -109000000,
        "comprehensiveincomenetoftax": -815000000,
        "othercomprehensiveincomelossforeigncurrencytranslationadjustmenttax": -7000000,
        "othercomprehensiveincomelossamortizationadjustmentfromaocipensionandotherpostretirementbenefitplansfornetpriorservicecostcredittax": 11000000
    },
    {
        "date": "2017-08-30",
        "symbol": "FDX",
        "period": "Q1",
        "revenues": -124000000,
        "laborandrelatedexpense": 1253000000,
        "shippinghandlingandtransportationcosts": -82000000,
        "rentalsandlandingfees": -1000000,
        "depreciationdepletionandamortization": 112000000,
        "fuelcosts": 66000000,
        "costofpropertyrepairsandmaintenance": 73000000,
        "othercostandexpenseoperating": -41000000,
        "costsandexpenses": -124000000,
        "operatingincomeloss": -66000000,
        "interestincomeexpensenonoperatingnet": 2000000,
        "othernonoperatingincomeexpense": -11000000,
        "nonoperatingincomeexpense": -135000000,
        "incomelossfromcontinuingoperationsbeforeincometaxesminorityinterestandincomelossfromequitymethodinvestments": -593000000,
        "incometaxexpensebenefit": -13000000,
        "netincomeloss": -593000000,
        "earningspersharebasic": 2.22,
        "earningspersharediluted": 2.19,
        "commonstockdividendspersharedeclared": 1,
        "othercomprehensiveincomelossforeigncurrencytransactionandtranslationadjustmentnetoftax": 109000000,
        "othercomprehensiveincomelossamortizationadjustmentfromaocipensionandotherpostretirementbenefitplansfornetpriorservicecostcreditnetoftax": -19000000,
        "othercomprehensiveincomelossnetoftaxportionattributabletoparent": 90000000,
        "comprehensiveincomenetoftax": -593000000,
        "othercomprehensiveincomelossforeigncurrencytranslationadjustmenttax": 25000000,
        "othercomprehensiveincomelossamortizationadjustmentfromaocipensionandotherpostretirementbenefitplansfornetpriorservicecostcredittax": 11000000
    },
    {
        "date": "2017-02-27",
        "symbol": "FDX",
        "period": "Q3",
        "revenues": -72000000,
        "laborandrelatedexpense": 1156000000,
        "shippinghandlingandtransportationcosts": -27000000,
        "rentalsandlandingfees": -1000000,
        "depreciationdepletionandamortization": 112000000,
        "fuelcosts": 78000000,
        "costofpropertyrepairsandmaintenance": 73000000,
        "othercostandexpenseoperating": -44000000,
        "costsandexpenses": -72000000,
        "operatingincomeloss": 51000000,
        "interestincomeexpensenonoperatingnet": 1000000,
        "othernonoperatingincomeexpense": 115000000,
        "nonoperatingincomeexpense": -126000000,
        "incomelossfromcontinuingoperationsbeforeincometaxesminorityinterestandincomelossfromequitymethodinvestments": -521000000,
        "incometaxexpensebenefit": 57000000,
        "netincomeloss": -521000000,
        "earningspersharebasic": 2.11,
        "earningspersharediluted": 2.07,
        "commonstockdividendspersharedeclared": 0.4,
        "othercomprehensiveincomelossforeigncurrencytransactionandtranslationadjustmentnetoftax": 110000000,
        "othercomprehensiveincomelossamortizationadjustmentfromaocipensionandotherpostretirementbenefitplansfornetpriorservicecostcreditnetoftax": -19000000,
        "othercomprehensiveincomelossnetoftaxportionattributabletoparent": 91000000,
        "comprehensiveincomenetoftax": -521000000,
        "othercomprehensiveincomelossforeigncurrencytranslationadjustmenttax": -3000000,
        "othercomprehensiveincomelossamortizationadjustmentfromaocipensionandotherpostretirementbenefitplansfornetpriorservicecostcredittax": 12000000
    },
    {
        "date": "2016-11-29",
        "symbol": "FDX",
        "period": "Q2",
        "revenues": -70000000,
        "laborandrelatedexpense": 1163000000,
        "shippinghandlingandtransportationcosts": -26000000,
        "rentalsandlandingfees": -2000000,
        "depreciationdepletionandamortization": 106000000,
        "fuelcosts": 74000000,
        "costofpropertyrepairsandmaintenance": 75000000,
        "othercostandexpenseoperating": -42000000,
        "operatingexpenses": -70000000,
        "operatingincomeloss": 219000000,
        "interestincomeexpensenonoperatingnet": 4000000,
        "othernonoperatingincomeexpense": 36000000,
        "nonoperatingincomeexpense": -89000000,
        "incomelossfromcontinuingoperationsbeforeincometaxesminorityinterestandincomelossfromequitymethodinvestments": -754000000,
        "incometaxexpensebenefit": 87000000,
        "netincomeloss": -754000000,
        "earningspersharebasic": 2.63,
        "earningspersharediluted": 2.59,
        "commonstockdividendspersharedeclared": 0.4,
        "othercomprehensiveincomelossforeigncurrencytransactionandtranslationadjustmentnetoftax": -230000000,
        "othercomprehensiveincomelosspensionandotherpostretirementbenefitplansadjustmentnetoftax": 19000000,
        "othercomprehensiveincomelossnetoftax": -249000000,
        "comprehensiveincomenetoftax": -754000000,
        "othercomprehensiveincomelossforeigncurrencytranslationadjustmenttax": 21000000,
        "othercomprehensiveincomelosspensionandotherpostretirementbenefitplanstax": 11000000
    },
    {
        "date": "2016-08-30",
        "symbol": "FDX",
        "period": "Q1",
        "revenues": -70000000,
        "laborandrelatedexpense": 1169000000,
        "shippinghandlingandtransportationcosts": -28000000,
        "rentalsandlandingfees": -1000000,
        "depreciationdepletionandamortization": 128000000,
        "fuelcosts": 72000000,
        "costofpropertyrepairsandmaintenance": 72000000,
        "othercostandexpenseoperating": -41000000,
        "operatingexpenses": -70000000,
        "operatingincomeloss": 154000000,
        "interestincomeexpensenonoperatingnet": 9000000,
        "othernonoperatingincomeexpense": -4000000,
        "nonoperatingincomeexpense": -122000000,
        "incomelossfromcontinuingoperationsbeforeincometaxesminorityinterestandincomelossfromequitymethodinvestments": -771000000,
        "incometaxexpensebenefit": 47000000,
        "netincomeloss": 715000000,
        "earningspersharebasic": 2.69,
        "earningspersharediluted": 2.65,
        "commonstockdividendspersharedeclared": 0.8,
        "othercomprehensiveincomelossforeigncurrencytransactionandtranslationadjustmentnetoftax": 12000000,
        "othercomprehensiveincomelosspensionandotherpostretirementbenefitplansadjustmentnetoftax": 19000000,
        "othercomprehensiveincomelossnetoftax": -7000000,
        "comprehensiveincomenetoftax": 81000000,
        "othercomprehensiveincomelossforeigncurrencytranslationadjustmenttax": -4000000,
        "othercomprehensiveincomelosspensionandotherpostretirementbenefitplanstax": 11000000
    },
    {
        "date": "2016-02-28",
        "symbol": "FDX",
        "period": "Q3",
        "revenues": -76000000,
        "laborandrelatedexpense": 608000000,
        "shippinghandlingandtransportationcosts": -28000000,
        "rentalsandlandingfees": -1000000,
        "depreciationdepletionandamortization": 55000000,
        "fuelcosts": 17000000,
        "costofpropertyrepairsandmaintenance": 33000000,
        "othercostandexpenseoperating": -47000000,
        "operatingexpenses": -76000000,
        "operatingincomeloss": 101000000,
        "interestincomeexpensenonoperatingnet": 3000000,
        "othernonoperatingincomeexpense": 5000000,
        "nonoperatingincomeexpense": -82000000,
        "incomelossfromcontinuingoperationsbeforeincometaxesminorityinterestandincomelossfromequitymethodinvestments": -593000000,
        "incometaxexpensebenefit": 26000000,
        "netincomeloss": -593000000,
        "earningspersharebasic": 1.86,
        "earningspersharediluted": 1.84,
        "commonstockdividendspersharedeclared": 0.25,
        "othercomprehensiveincomeforeigncurrencytransactionandtranslationgainlossarisingduringperiodnetoftax": -99000000,
        "othercomprehensiveincomelosspensionandotherpostretirementbenefitplansadjustmentnetoftax": 19000000,
        "othercomprehensiveincomelossnetoftax": -118000000,
        "comprehensiveincomenetoftax": -593000000,
        "othercomprehensiveincomelossforeigncurrencytranslationadjustmenttax": 11000000,
        "othercomprehensiveincomelosspensionandotherpostretirementbenefitplanstax": 12000000
    },
    {
        "date": "2015-11-29",
        "symbol": "FDX",
        "period": "Q2",
        "revenues": -74000000,
        "laborandrelatedexpense": 618000000,
        "purchasedtransportation": -25000000,
        "rentalsandlandingfees": -2000000,
        "depreciationdepletionandamortization": 1000000,
        "fuelcosts": 18000000,
        "costofpropertyrepairsandmaintenance": 32000000,
        "othercostandexpenseoperating": -47000000,
        "operatingexpenses": -74000000,
        "operatingincomeloss": 193000000,
        "interestincomeexpensenonoperatingnet": 1000000,
        "othernonoperatingincomeexpense": 1000000,
        "nonoperatingincomeexpense": -82000000,
        "incomelossfromcontinuingoperationsbeforeincometaxesminorityinterestandincomelossfromequitymethodinvestments": -764000000,
        "incometaxexpensebenefit": 55000000,
        "netincomeloss": -764000000,
        "earningspersharebasic": 2.47,
        "earningspersharediluted": 2.44,
        "commonstockdividendspersharedeclared": 0.25,
        "othercomprehensiveincomeforeigncurrencytransactionandtranslationgainlossarisingduringperiodnetoftax": -33000000,
        "othercomprehensiveincomelosspensionandotherpostretirementbenefitplansadjustmentnetoftax": 18000000,
        "othercomprehensiveincomelossnetoftax": -51000000,
        "comprehensiveincomenetoftax": -764000000,
        "othercomprehensiveincomelossforeigncurrencytranslationadjustmenttax": 4000000,
        "othercomprehensiveincomelosspensionandotherpostretirementbenefitplanstax": 11000000
    },
    {
        "date": "2015-08-30",
        "symbol": "FDX",
        "period": "Q1",
        "revenues": -103000000,
        "laborandrelatedexpense": 678000000,
        "purchasedtransportation": -55000000,
        "rentalsandlandingfees": -1000000,
        "depreciationdepletionandamortization": 65000000,
        "fuelcosts": 21000000,
        "costofpropertyrepairsandmaintenance": 40000000,
        "othercostandexpenseoperating": -47000000,
        "operatingexpenses": -103000000,
        "operatingincomeloss": 111000000,
        "interestincomeexpensenonoperatingnet": 4000000,
        "othernonoperatingincomeexpense": 9000000,
        "nonoperatingincomeexpense": -60000000,
        "incomelossfromcontinuingoperationsbeforeincometaxesminorityinterestandincomelossfromequitymethodinvestments": -753000000,
        "incometaxexpensebenefit": 35000000,
        "netincomeloss": 692000000,
        "earningspersharebasic": 2.45,
        "earningspersharediluted": 2.42,
        "commonstockdividendspersharedeclared": 0.5,
        "othercomprehensiveincomeforeigncurrencytransactionandtranslationgainlossarisingduringperiodnetoftax": -138000000,
        "othercomprehensiveincomelosspensionandotherpostretirementbenefitplansadjustmentnetoftax": 24000000,
        "othercomprehensiveincomelossnetoftax": -162000000,
        "comprehensiveincomenetoftax": -42000000,
        "othercomprehensiveincomelossforeigncurrencytranslationadjustmenttax": 13000000,
        "othercomprehensiveincomelosspensionandotherpostretirementbenefitplanstax": 7000000
    },
    {
        "date": "2015-02-27",
        "symbol": "FDX",
        "period": "Q3",
        "revenues": -101000000,
        "laborandrelatedexpense": 602000000,
        "purchasedtransportation": -57000000,
        "rentalsandlandingfees": -1000000,
        "depreciationdepletionandamortization": 59000000,
        "fuelcosts": 20000000,
        "costofpropertyrepairsandmaintenance": 37000000,
        "othercostandexpenseoperating": -43000000,
        "operatingexpenses": -101000000,
        "operatingincomeloss": 125000000,
        "interestincomeexpensenonoperatingnet": 2000000,
        "othernonoperatingincomeexpense": 11000000,
        "nonoperatingincomeexpense": -53000000,
        "incomelossfromcontinuingoperationsbeforeincometaxesminorityinterestandincomelossfromequitymethodinvestments": -670000000,
        "incometaxexpensebenefit": 81000000,
        "netincomeloss": -670000000,
        "earningspersharebasic": 2.05,
        "earningspersharediluted": 2.01,
        "commonstockdividendspersharedeclared": 0.2,
        "othercomprehensiveincomeforeigncurrencytransactionandtranslationgainlossarisingduringperiodnetoftax": -152000000,
        "othercomprehensiveincomelosspensionandotherpostretirementbenefitplansadjustmentnetoftax": -30000000,
        "othercomprehensiveincomelossnetoftax": -122000000,
        "comprehensiveincomenetoftax": -670000000,
        "othercomprehensiveincomelossforeigncurrencytranslationadjustmenttax": 18000000,
        "othercomprehensiveincomelosspensionandotherpostretirementbenefitplanstax": 18000000
    },
    {
        "date": "2014-11-29",
        "symbol": "FDX",
        "period": "Q2",
        "revenues": -95000000,
        "laborandrelatedexpense": 552000000,
        "purchasedtransportation": -47000000,
        "rentalsandlandingfees": -2000000,
        "depreciationdepletionandamortization": 1000000,
        "fuelcosts": 24000000,
        "costofpropertyrepairsandmaintenance": 36000000,
        "othercostandexpenseoperating": -46000000,
        "operatingexpenses": -95000000,
        "operatingincomeloss": 180000000,
        "interestincomeexpensenonoperatingnet": 1000000,
        "othernonoperatingincomeexpense": 4000000,
        "nonoperatingincomeexpense": -42000000,
        "incomelossfromcontinuingoperationsbeforeincometaxesminorityinterestandincomelossfromequitymethodinvestments": -719000000,
        "incometaxexpensebenefit": 36000000,
        "netincomeloss": -719000000,
        "earningspersharebasic": 2.17,
        "earningspersharediluted": 2.14,
        "commonstockdividendspersharedeclared": 0.2,
        "othercomprehensiveincomeforeigncurrencytransactionandtranslationgainlossarisingduringperiodnetoftax": -122000000,
        "othercomprehensiveincomelosspensionandotherpostretirementbenefitplansadjustmentnetoftax": -29000000,
        "othercomprehensiveincomelossnetoftax": -93000000,
        "comprehensiveincomenetoftax": -719000000,
        "othercomprehensiveincomelossforeigncurrencytranslationadjustmenttax": 14000000,
        "othercomprehensiveincomelosspensionandotherpostretirementbenefitplanstax": 17000000
    },
    {
        "date": "2014-08-30",
        "symbol": "FDX",
        "period": "Q1",
        "revenues": -89000000,
        "laborandrelatedexpense": 553000000,
        "purchasedtransportation": -43000000,
        "rentalsandlandingfees": -1000000,
        "depreciationdepletionandamortization": 56000000,
        "fuelcosts": 25000000,
        "costofpropertyrepairsandmaintenance": 34000000,
        "othercostandexpenseoperating": -45000000,
        "operatingexpenses": -89000000,
        "operatingincomeloss": 161000000,
        "interestincomeexpensenonoperatingnet": 1000000,
        "othernonoperatingincomeexpense": 2000000,
        "nonoperatingincomeexpense": -50000000,
        "incomelossfromcontinuingoperationsbeforeincometaxesminorityinterestandincomelossfromequitymethodinvestments": -704000000,
        "incometaxexpensebenefit": 62000000,
        "netincomeloss": 606000000,
        "earningspersharebasic": 2.13,
        "earningspersharediluted": 2.1,
        "commonstockdividendspersharedeclared": 0.4,
        "othercomprehensiveincomeforeigncurrencytransactionandtranslationgainlossarisingduringperiodnetoftax": -31000000,
        "othercomprehensiveincomelosspensionandotherpostretirementbenefitplansadjustmentnetoftax": -31000000,
        "comprehensiveincomenetoftax": 82000000,
        "othercomprehensiveincomelossforeigncurrencytranslationadjustmenttax": 9000000,
        "othercomprehensiveincomelosspensionandotherpostretirementbenefitplanstax": 18000000
    },
    {
        "date": "2014-02-27",
        "symbol": "FDX",
        "period": "Q3",
        "revenues": -84000000,
        "laborandrelatedexpense": 528000000,
        "purchasedtransportation": -43000000,
        "rentalsandlandingfees": -1000000,
        "depreciationdepletionandamortization": 51000000,
        "fuelcosts": 25000000,
        "costofpropertyrepairsandmaintenance": 1000000,
        "othercostandexpenseoperating": -40000000,
        "operatingexpenses": -84000000,
        "operatingincomeloss": 111000000,
        "interestincomeexpensenonoperatingnet": 3000000,
        "othernonoperatingincomeexpense": 1000000,
        "nonoperatingincomeexpense": -47000000,
        "incomelossfromcontinuingoperationsbeforeincometaxesminorityinterestandincomelossfromequitymethodinvestments": -458000000,
        "incometaxexpensebenefit": 51000000,
        "netincomeloss": -458000000,
        "earningspersharebasic": 1.24,
        "earningspersharediluted": 1.23,
        "commonstockdividendspersharedeclared": 0.15,
        "othercomprehensiveincomeforeigncurrencytransactionandtranslationgainlossarisingduringperiodnetoftax": -30000000,
        "othercomprehensiveincomelosspensionandotherpostretirementbenefitplansadjustmentnetoftax": -45000000,
        "othercomprehensiveincomelossnetoftax": 15000000,
        "comprehensiveincomenetoftax": -458000000,
        "othercomprehensiveincomelossforeigncurrencytranslationadjustmenttax": 3000000,
        "othercomprehensiveincomelosspensionandotherpostretirementbenefitplanstax": 25000000
    },
    {
        "date": "2013-11-29",
        "symbol": "FDX",
        "period": "Q2",
        "revenues": -86000000,
        "laborandrelatedexpense": 556000000,
        "purchasedtransportation": -39000000,
        "rentalsandlandingfees": -2000000,
        "depreciationdepletionandamortization": 1000000,
        "fuelcosts": 25000000,
        "costofpropertyrepairsandmaintenance": 32000000,
        "othercostandexpenseoperating": -45000000,
        "operatingexpenses": -86000000,
        "operatingincomeloss": 172000000,
        "interestincomeexpensenonoperatingnet": 5000000,
        "othernonoperatingincomeexpense": -1000000,
        "nonoperatingincomeexpense": -35000000,
        "incomelossfromcontinuingoperationsbeforeincometaxesminorityinterestandincomelossfromequitymethodinvestments": -633000000,
        "incometaxexpensebenefit": 41000000,
        "netincomeloss": -633000000,
        "earningspersharebasic": 1.58,
        "earningspersharediluted": 1.57,
        "commonstockdividendspersharedeclared": 0.15,
        "othercomprehensiveincomeforeigncurrencytransactionandtranslationgainlossarisingduringperiodnetoftax": 45000000,
        "othercomprehensiveincomelosspensionandotherpostretirementbenefitplansadjustmentnetoftax": -43000000,
        "othercomprehensiveincomelossnetoftax": 88000000,
        "comprehensiveincomenetoftax": -633000000,
        "othercomprehensiveincomelossforeigncurrencytranslationadjustmenttax": 6000000,
        "othercomprehensiveincomelosspensionandotherpostretirementbenefitplanstax": 25000000
    },
    {
        "date": "2013-08-30",
        "symbol": "FDX",
        "period": "Q1",
        "revenues": -82000000,
        "laborandrelatedexpense": 532000000,
        "purchasedtransportation": -36000000,
        "rentalsandlandingfees": -1000000,
        "depreciationdepletionandamortization": 50000000,
        "fuelcosts": 23000000,
        "costofpropertyrepairsandmaintenance": 31000000,
        "othercostandexpenseoperating": -45000000,
        "operatingexpenses": -82000000,
        "operatingincomeloss": 127000000,
        "interestincomeexpensenonoperatingnet": 2000000,
        "othernonoperatingincomeexpense": 1000000,
        "nonoperatingincomeexpense": -29000000,
        "incomelossfromcontinuingoperationsbeforeincometaxesminorityinterestandincomelossfromequitymethodinvestments": -599000000,
        "incometaxexpensebenefit": 45000000,
        "netincomeloss": 489000000,
        "earningspersharebasic": 1.54,
        "earningspersharediluted": 1.53,
        "commonstockdividendspersharedeclared": 0.3,
        "othercomprehensiveincomeforeigncurrencytransactionandtranslationgainlossarisingduringperiodnetoftax": -79000000,
        "othercomprehensiveincomelosspensionandotherpostretirementbenefitplansadjustmentnetoftax": -42000000,
        "othercomprehensiveincomelossnetoftax": -37000000,
        "comprehensiveincomenetoftax": 16000000,
        "othercomprehensiveincomelossforeigncurrencytranslationadjustmenttax": 10000000,
        "othercomprehensiveincomelosspensionandotherpostretirementbenefitplanstax": 25000000
    },
    {
        "date": "2013-02-27",
        "symbol": "FDX",
        "period": "Q3",
        "revenues": -80000000,
        "laborandrelatedexpense": 530000000,
        "purchasedtransportation": -39000000,
        "rentalsandlandingfees": -2000000,
        "depreciationdepletionandamortization": -43000000,
        "fuelcosts": 25000000,
        "costofpropertyrepairsandmaintenance": -27000000,
        "othercostandexpenseoperating": -39000000,
        "operatingexpenses": -80000000,
        "operatingincomeloss": 53000000,
        "interestincomeexpensenonoperatingnet": 2000000,
        "othernonoperatingincomeexpense": -1000000,
        "nonoperatingincomeexpense": -25000000,
        "incomelossfromcontinuingoperationsbeforeincometaxesminorityinterestandincomelossfromequitymethodinvestments": -414000000,
        "incometaxexpensebenefit": 48000000,
        "netincomeloss": -1361000000,
        "earningspersharebasic": 1.1400000000000006,
        "earningspersharediluted": 1.1300000000000001,
        "commonstockdividendspersharedeclared": 0.14,
        "othercomprehensiveincomelossforeigncurrencytransactionandtranslationadjustmentnetoftax": -3000000,
        "othercomprehensiveincomelosspensionandotherpostretirementbenefitplansadjustmentnetoftax": -63000000,
        "comprehensiveincomenetoftax": -1009000000,
        "othercomprehensiveincomelossforeigncurrencytranslationadjustmenttax": 0,
        "othercomprehensiveincomelosspensionandotherpostretirementbenefitplanstax": 37000000
    },
    {
        "date": "2012-11-29",
        "symbol": "FDX",
        "period": "Q2",
        "revenues": -83000000,
        "laborandrelatedexpense": 533000000,
        "purchasedtransportation": -35000000,
        "rentalsandlandingfees": -1000000,
        "depreciationdepletionandamortization": 1000000,
        "fuelcosts": 25000000,
        "costofpropertyrepairsandmaintenance": 1000000,
        "othercostandexpenseoperating": -47000000,
        "operatingexpenses": -83000000,
        "operatingincomeloss": 124000000,
        "interestincomeexpensenonoperatingnet": 1000000,
        "othernonoperatingincomeexpense": -3000000,
        "nonoperatingincomeexpense": -26000000,
        "incomelossfromcontinuingoperationsbeforeincometaxesminorityinterestandincomelossfromequitymethodinvestments": -508000000,
        "incometaxexpensebenefit": 64000000,
        "netincomeloss": -508000000,
        "earningspersharebasic": 1.39,
        "earningspersharediluted": 1.39,
        "commonstockdividendspersharedeclared": 0.14,
        "othercomprehensiveincomelossforeigncurrencytransactionandtranslationadjustmentnetoftax": 14000000,
        "othercomprehensiveincomelosspensionandotherpostretirementbenefitplansadjustmentnetoftax": -63000000,
        "comprehensiveincomenetoftax": -508000000,
        "othercomprehensiveincomelossforeigncurrencytranslationadjustmenttax": 2000000,
        "othercomprehensiveincomelosspensionandotherpostretirementbenefitplanstax": 38000000
    },
    {
        "date": "2012-08-30",
        "symbol": "FDX",
        "period": "Q1",
        "revenues": -80000000,
        "laborandrelatedexpense": 484000000,
        "purchasedtransportation": -33000000,
        "rentalsandlandingfees": -2000000,
        "depreciationdepletionandamortization": 43000000,
        "fuelcosts": 22000000,
        "costofpropertyrepairsandmaintenance": 27000000,
        "othercostandexpenseoperating": -45000000,
        "operatingexpenses": -80000000,
        "operatingincomeloss": 93000000,
        "interestincomeexpensenonoperatingnet": 2000000,
        "othernonoperatingincomeexpense": -2000000,
        "nonoperatingincomeexpense": -15000000,
        "incomelossfromcontinuingoperationsbeforeincometaxesminorityinterestandincomelossfromequitymethodinvestments": -488000000,
        "incometaxexpensebenefit": 32000000,
        "netincomeloss": 459000000,
        "earningspersharebasic": 1.46,
        "earningspersharediluted": 1.45,
        "commonstockdividendspersharedeclared": 0.28,
        "othercomprehensiveincomelossforeigncurrencytransactionandtranslationadjustmentnetoftax": 43000000,
        "othercomprehensiveincomelosspensionandotherpostretirementbenefitplansadjustmentnetoftax": -63000000,
        "comprehensiveincomenetoftax": 107000000,
        "othercomprehensiveincomelossforeigncurrencytranslationadjustmenttax": 4000000,
        "othercomprehensiveincomelosspensionandotherpostretirementbenefitplanstax": 37000000
    },
    {
        "date": "2012-02-28",
        "symbol": "FDX",
        "period": "Q3",
        "revenues": -74000000,
        "laborandrelatedexpense": 465000000,
        "purchasedtransportation": -31000000,
        "rentalsandlandingfees": -1000000,
        "depreciationdepletionandamortization": 39000000,
        "fuelcosts": 20000000,
        "costofpropertyrepairsandmaintenance": 1000000,
        "othercostandexpenseoperating": -42000000,
        "operatingcostsandexpenses": -74000000,
        "operatingincomeloss": 140000000,
        "interestnet": 1000000,
        "othernonoperatingincomeexpense": -4000000,
        "nonoperatingincomeexpense": -21000000,
        "incomelossfromcontinuingoperationsbeforeincometaxesminorityinterestandincomelossfromequitymethodinvestments": -622000000,
        "incometaxexpensebenefit": 52000000,
        "netincomeloss": -622000000,
        "earningspersharebasic": 1.66,
        "earningspersharediluted": 1.65,
        "commonstockdividendspersharedeclared": 0.13
    },
    {
        "date": "2011-11-29",
        "symbol": "FDX",
        "period": "Q2",
        "revenues": -74000000,
        "laborandrelatedexpense": 448000000,
        "purchasedtransportation": -28000000,
        "rentalsandlandingfees": -2000000,
        "depreciationdepletionandamortization": 1000000,
        "fuelcosts": 19000000,
        "costofpropertyrepairsandmaintenance": 25000000,
        "othercostandexpenseoperating": -44000000,
        "operatingcostsandexpenses": -74000000,
        "operatingincomeloss": 132000000,
        "interestnet": 1000000,
        "othernonoperatingincomeexpense": 7000000,
        "nonoperatingincomeexpense": -3000000,
        "incomelossfromcontinuingoperationsbeforeincometaxesminorityinterestandincomelossfromequitymethodinvestments": -577000000,
        "incometaxexpensebenefit": 78000000,
        "netincomeloss": -577000000,
        "earningspersharebasic": 1.57,
        "earningspersharediluted": 1.57,
        "commonstockdividendspersharedeclared": 0.13
    },
    {
        "date": "2011-08-30",
        "symbol": "FDX",
        "period": "Q1",
        "revenues": -70000000,
        "laborandrelatedexpense": 440000000,
        "purchasedtransportation": -26000000,
        "rentalsandlandingfees": -1000000,
        "depreciationdepletionandamortization": 38000000,
        "fuelcosts": 20000000,
        "costofpropertyrepairsandmaintenance": 23000000,
        "othercostandexpenseoperating": -43000000,
        "operatingcostsandexpenses": -70000000,
        "operatingincomeloss": 154000000,
        "interestnet": 1000000,
        "othernonoperatingincomeexpense": 1000000,
        "nonoperatingincomeexpense": -13000000,
        "incomelossfromcontinuingoperationsbeforeincometaxesminorityinterestandincomelossfromequitymethodinvestments": -535000000,
        "incometaxexpensebenefit": 45000000,
        "netincomeloss": 464000000,
        "earningspersharebasic": 1.46,
        "earningspersharediluted": 1.46,
        "commonstockdividendspersharedeclared": 0.26
    },
    {
        "date": "2011-02-27",
        "symbol": "FDX",
        "period": "Q3",
        "revenues": -80000000,
        "laborandrelatedexpense": 23000000,
        "purchasedtransportation": -28000000,
        "rentalsandlandingfees": -1000000,
        "depreciationdepletionandamortization": 1000000,
        "fuelcosts": 37000000,
        "costofpropertyrepairsandmaintenance": 1000000,
        "restructuringsettlementandimpairmentprovisions": 11000000,
        "othercostandexpenseoperating": -51000000,
        "operatingcostsandexpenses": -80000000,
        "operatingincomeloss": 33000000,
        "interestnet": -1000000,
        "othernonoperatingincomeexpense": -1000000,
        "nonoperatingincomeexpense": -33000000,
        "incomelossfromcontinuingoperationsbeforeincometaxesminorityinterestandincomelossfromequitymethodinvestments": -243000000,
        "incometaxexpensebenefit": 24000000,
        "netincomeloss": 231000000,
        "earningspersharebasic": 0.73,
        "earningspersharediluted": 0.73,
        "commonstockdividendspersharedeclared": 0.12
    },
    {
        "date": "2010-11-29",
        "symbol": "FDX",
        "period": "Q2",
        "interestnet": -1000000,
        "othernonoperatingincomeexpense": -1000000,
        "nonoperatingincomeexpense": -32000000,
        "earningspersharebasic": 0.9,
        "earningspersharediluted": 0.89,
        "laborandrelatedexpense": 26000000,
        "purchasedtransportation": -27000000,
        "rentalsandlandingfees": -1000000,
        "depreciationdepletionandamortization": 59000000,
        "fuelcosts": 47000000,
        "costofpropertyrepairsandmaintenance": 33000000,
        "restructuringsettlementandimpairmentprovisions": 50000000,
        "othercostandexpenseoperating": -60000000,
        "operatingcostsandexpenses": -88000000,
        "revenues": -88000000,
        "operatingincomeloss": 65000000,
        "incomelossfromcontinuingoperationsbeforeincometaxesminorityinterestandincomelossfromequitymethodinvestments": -306000000,
        "incometaxexpensebenefit": 16000000,
        "commonstockdividendspersharedeclared": 0.12
    },
    {
        "date": "2010-08-30",
        "symbol": "FDX",
        "period": "Q1",
        "interestnet": -2000000,
        "othernonoperatingincomeexpense": -4000000,
        "nonoperatingincomeexpense": -25000000,
        "earningspersharebasic": 1.21,
        "earningspersharediluted": 1.2,
        "laborandrelatedexpense": 516000000,
        "purchasedtransportation": -25000000,
        "rentalsandlandingfees": -1000000,
        "depreciationdepletionandamortization": 47000000,
        "fuelcosts": 46000000,
        "costofpropertyrepairsandmaintenance": 34000000,
        "othercostandexpenseoperating": -56000000,
        "operatingcostsandexpenses": -82000000,
        "revenues": -82000000,
        "operatingincomeloss": 91000000,
        "incomelossfromcontinuingoperationsbeforeincometaxesminorityinterestandincomelossfromequitymethodinvestments": -406000000,
        "incometaxexpensebenefit": 27000000,
        "netincomeloss": 380000000,
        "commonstockdividendspersharedeclared": 0.24
    },
    {
        "date": "2010-02-27",
        "symbol": "FDX",
        "period": "Q3",
        "interestnetincomestatement": -19000000,
        "othernonoperatingincomeexpense": -16000000,
        "nonoperatingincomeexpense": -35000000,
        "earningspersharebasic": 0.76,
        "earningspersharediluted": 0.76,
        "laborandrelatedexpense": 3549000000,
        "purchasedtransportation": 1220000000,
        "rentalsandlandingfees": 593000000,
        "depreciationandamortization": 488000000,
        "fuelcosts": 810000000,
        "costofpropertyrepairsandmaintenance": 404000000,
        "otheroperatingexpenses": 1221000000,
        "operatingcostsandexpenses": 8285000000,
        "revenues": 8701000000,
        "operatingincomeloss": 416000000,
        "incomelossfromcontinuingoperationsbeforeincometaxesminorityinterestandincomelossfromequitymethodinvestments": 381000000,
        "incometaxexpensebenefit": 142000000,
        "netincomeloss": 239000000,
        "commonstockdividendspersharedeclared": 0.11
    },
    {
        "date": "2009-11-29",
        "symbol": "FDX",
        "period": "Q2",
        "revenues": 8596000000,
        "laborandrelatedexpense": 3424000000,
        "purchasedtransportation": 1155000000,
        "rentalsandlandingfees": 593000000,
        "depreciationandamortization": 487000000,
        "fuelcosts": 744000000,
        "costofpropertyrepairsandmaintenance": 410000000,
        "otheroperatingexpenses": 1212000000,
        "operatingcostsandexpenses": 8025000000,
        "operatingincomeloss": 571000000,
        "interestnetincomestatement": -15000000,
        "othernonoperatingincomeexpense": -9000000,
        "nonoperatingincomeexpense": -24000000,
        "incomelossfromcontinuingoperationsbeforeincometaxesminorityinterestandincomelossfromequitymethodinvestments": 547000000,
        "incometaxexpensebenefit": 202000000,
        "netincomeloss": 345000000,
        "earningspersharebasic": 1.1,
        "earningspersharediluted": 1.1,
        "commonstockdividendspersharedeclared": 0.11
    }
]