[
    {
        "date": "2024-09-29",
        "symbol": "WAB",
        "period": "Q3",
        "revenuefromcontractwithcustomerexcludingassessedtax": -2022000000,
        "costofgoodsandservicessold": 2334000000,
        "grossprofit": 880000000,
        "sellinggeneralandadministrativeexpense": 318000000,
        "researchanddevelopmentexpense": 50000000,
        "amortizationofintangibleassets": 79000000,
        "operatingexpenses": 447000000,
        "operatingincomeloss": 433000000,
        "nonoperatingincomeexpense": -3000000,
        "incomelossfromcontinuingoperationsbeforeincometaxesextraordinaryitemsnoncontrollinginterest": 378000000,
        "incometaxexpensebenefit": 92000000,
        "profitloss": 286000000,
        "netincomelossattributabletononcontrollinginterest": 3000000,
        "netincomeloss": 283000000,
        "earningspersharebasic": 1.6299999999999994,
        "earningspersharediluted": 1.6300000000000001,
        "weightedaveragenumberofsharesoutstandingbasic": 175100000,
        "weightedaveragenumberofdilutedsharesoutstanding": 175700000,
        "othercomprehensiveincomelossforeigncurrencytransactionandtranslationadjustmentbeforetax": 114000000,
        "othercomprehensiveincomelosspensionandotherpostretirementbenefitplansadjustmentbeforetax": -1000000,
        "othercomprehensiveincomelossbeforetaxportionattributabletoparent": 113000000,
        "othercomprehensiveincomelosstaxportionattributabletoparent1": 0,
        "othercomprehensiveincomelossnetoftaxportionattributabletoparent": 113000000,
        "comprehensiveincomenetoftax": 396000000
    },
    {
        "date": "2024-06-29",
        "symbol": "WAB",
        "period": "Q2",
        "revenuefromcontractwithcustomerexcludingassessedtax": 2145000000,
        "costofgoodsandservicessold": 1490000000,
        "grossprofit": 874000000,
        "sellinggeneralandadministrativeexpense": 316000000,
        "researchanddevelopmentexpense": 57000000,
        "amortizationofintangibleassets": 71000000,
        "operatingexpenses": 444000000,
        "operatingincomeloss": 430000000,
        "nonoperatingincomeexpense": 4000000,
        "incomelossfromcontinuingoperationsbeforeincometaxesextraordinaryitemsnoncontrollinginterest": 385000000,
        "incometaxexpensebenefit": 94000000,
        "profitloss": 291000000,
        "netincomelossattributabletononcontrollinginterest": 2000000,
        "netincomeloss": 289000000,
        "earningspersharebasic": 1.6400000000000001,
        "earningspersharediluted": 1.64,
        "weightedaveragenumberofsharesoutstandingbasic": 176000000,
        "weightedaveragenumberofdilutedsharesoutstanding": 176600000,
        "othercomprehensiveincomelossforeigncurrencytransactionandtranslationadjustmentbeforetax": -49000000,
        "othercomprehensiveincomelosscashflowhedgegainlossafterreclassificationbeforetax": 0,
        "othercomprehensiveincomelosspensionandotherpostretirementbenefitplansadjustmentbeforetax": 5000000,
        "othercomprehensiveincomelossbeforetaxportionattributabletoparent": -54000000,
        "othercomprehensiveincomelosstaxportionattributabletoparent1": -1000000,
        "othercomprehensiveincomelossnetoftaxportionattributabletoparent": -53000000,
        "comprehensiveincomenetoftax": 236000000
    },
    {
        "date": "2024-03-30",
        "symbol": "WAB",
        "period": "Q1",
        "revenuefromcontractwithcustomerexcludingassessedtax": 2007000000,
        "costofgoodsandservicessold": 1411000000,
        "grossprofit": 815000000,
        "sellinggeneralandadministrativeexpense": 281000000,
        "researchanddevelopmentexpense": 48000000,
        "amortizationofintangibleassets": 74000000,
        "operatingexpenses": 403000000,
        "operatingincomeloss": 412000000,
        "interestincomeexpensenet": -47000000,
        "nonoperatingincomeexpense": -2000000,
        "incomelossfromcontinuingoperationsbeforeincometaxesextraordinaryitemsnoncontrollinginterest": 363000000,
        "incometaxexpensebenefit": 86000000,
        "profitloss": 277000000,
        "netincomelossattributabletononcontrollinginterest": 5000000,
        "netincomeloss": 272000000,
        "earningspersharebasic": 1.54,
        "earningspersharediluted": 1.53,
        "weightedaveragenumberofsharesoutstandingbasic": 176500000,
        "weightedaveragenumberofdilutedsharesoutstanding": 177200000,
        "othercomprehensiveincomelossforeigncurrencytransactionandtranslationadjustmentbeforetax": -88000000,
        "othercomprehensiveincomelosscashflowhedgegainlossafterreclassificationbeforetax": 13000000,
        "othercomprehensiveincomelosspensionandotherpostretirementbenefitplansadjustmentbeforetax": -1000000,
        "othercomprehensiveincomelossbeforetaxportionattributabletoparent": -74000000,
        "othercomprehensiveincomelosstaxportionattributabletoparent1": 3000000,
        "othercomprehensiveincomelossnetoftaxportionattributabletoparent": -77000000,
        "comprehensiveincomenetoftax": 195000000
    },
    {
        "date": "2023-12-30",
        "symbol": "WAB",
        "period": "Q4",
        "revenuefromcontractwithcustomerexcludingassessedtax": 4879000000,
        "costofgoodsandservicessold": 893000000,
        "grossprofit": 764000000,
        "sellinggeneralandadministrativeexpense": 296000000,
        "researchanddevelopmentexpense": 61000000,
        "amortizationofintangibleassets": 99000000,
        "operatingexpenses": 456000000,
        "operatingincomeloss": 941000000,
        "interestincomeexpensenet": -55000000,
        "nonoperatingincomeexpense": 27000000,
        "incomelossfromcontinuingoperationsbeforeincometaxesextraordinaryitemsnoncontrollinginterest": 913000000,
        "incometaxexpensebenefit": 63000000,
        "profitloss": 577000000,
        "netincomelossattributabletononcontrollinginterest": 2000000,
        "netincomeloss": 215000000,
        "earningspersharebasic": 1.2000000000000002,
        "earningspersharediluted": 1.21,
        "weightedaveragenumberofsharesoutstandingbasic": 178800000,
        "weightedaveragenumberofdilutedsharesoutstanding": 179500000,
        "othercomprehensiveincomelossforeigncurrencytransactionandtranslationadjustmentbeforetax": 137000000,
        "othercomprehensiveincomelosscashflowhedgegainlossafterreclassificationbeforetax": -17000000,
        "othercomprehensiveincomelossbeforetaxportionattributabletoparent": 119000000,
        "othercomprehensiveincomelosstaxportionattributabletoparent1": -4000000,
        "othercomprehensiveincomelossnetoftaxportionattributabletoparent": 123000000,
        "comprehensiveincomenetoftax": 338000000
    },
    {
        "date": "2023-09-29",
        "symbol": "WAB",
        "period": "Q3",
        "revenuefromcontractwithcustomerexcludingassessedtax": 2048000000,
        "costofgoodsandservicessold": 1475000000,
        "grossprofit": 792000000,
        "sellinggeneralandadministrativeexpense": 295000000,
        "researchanddevelopmentexpense": 53000000,
        "amortizationofintangibleassets": 74000000,
        "operatingexpenses": 422000000,
        "operatingincomeloss": 370000000,
        "interestincomeexpensenet": -60000000,
        "nonoperatingincomeexpense": 10000000,
        "incomelossfromcontinuingoperationsbeforeincometaxesextraordinaryitemsnoncontrollinginterest": 320000000,
        "incometaxexpensebenefit": 78000000,
        "profitloss": 242000000,
        "netincomelossattributabletononcontrollinginterest": 2000000,
        "netincomeloss": 240000000,
        "earningspersharebasic": 1.34,
        "earningspersharediluted": 1.33,
        "weightedaveragenumberofsharesoutstandingbasic": 178600000,
        "weightedaveragenumberofdilutedsharesoutstanding": 179200000,
        "othercomprehensiveincomelossforeigncurrencytransactionandtranslationadjustmentbeforetax": -106000000,
        "othercomprehensiveincomelosscashflowhedgegainlossafterreclassificationbeforetax": 21000000,
        "othercomprehensiveincomelosspensionandotherpostretirementbenefitplansadjustmentbeforetax": -3000000,
        "othercomprehensiveincomelossbeforetaxportionattributabletoparent": -82000000,
        "othercomprehensiveincomelosstaxportionattributabletoparent1": 7000000,
        "othercomprehensiveincomelossnetoftaxportionattributabletoparent": -89000000,
        "comprehensiveincomenetoftax": 151000000
    },
    {
        "date": "2023-06-29",
        "symbol": "WAB",
        "period": "Q2",
        "revenuefromcontractwithcustomerexcludingassessedtax": 374000000,
        "costofgoodsandservicessold": 1684000000,
        "grossprofit": 723000000,
        "sellinggeneralandadministrativeexpense": 285000000,
        "researchanddevelopmentexpense": 53000000,
        "amortizationofintangibleassets": 73000000,
        "operatingexpenses": 411000000,
        "operatingincomeloss": -25000000,
        "interestincomeexpensenet": -55000000,
        "nonoperatingincomeexpense": 2000000,
        "incomelossfromcontinuingoperationsbeforeincometaxesextraordinaryitemsnoncontrollinginterest": -78000000,
        "incometaxexpensebenefit": 66000000,
        "profitloss": 2000000,
        "netincomelossattributabletononcontrollinginterest": 2000000,
        "netincomeloss": 191000000,
        "earningspersharebasic": 1.06,
        "earningspersharediluted": 1.06,
        "weightedaveragenumberofsharesoutstandingbasic": 178900000,
        "weightedaveragenumberofdilutedsharesoutstanding": 179400000,
        "othercomprehensiveincomelossforeigncurrencytransactionandtranslationadjustmentbeforetax": -1000000,
        "othercomprehensiveincomelosscashflowhedgegainlossafterreclassificationbeforetax": 13000000,
        "othercomprehensiveincomelosspensionandotherpostretirementbenefitplansadjustmentbeforetax": 3000000,
        "othercomprehensiveincomelossbeforetaxportionattributabletoparent": 9000000,
        "othercomprehensiveincomelosstaxportionattributabletoparent1": 2000000,
        "othercomprehensiveincomelossnetoftaxportionattributabletoparent": 7000000,
        "comprehensiveincomenetoftax": 198000000
    },
    {
        "date": "2023-03-30",
        "symbol": "WAB",
        "period": "Q1",
        "revenuefromcontractwithcustomerexcludingassessedtax": 346000000,
        "costofgoodsandservicessold": 1529000000,
        "grossprofit": 665000000,
        "sellinggeneralandadministrativeexpense": 263000000,
        "researchanddevelopmentexpense": 51000000,
        "amortizationofintangibleassets": 75000000,
        "operatingexpenses": 389000000,
        "operatingincomeloss": -20000000,
        "interestincomeexpensenet": -48000000,
        "nonoperatingincomeexpense": 5000000,
        "incomelossfromcontinuingoperationsbeforeincometaxesextraordinaryitemsnoncontrollinginterest": -63000000,
        "incometaxexpensebenefit": 60000000,
        "profitloss": 4000000,
        "netincomelossattributabletononcontrollinginterest": 4000000,
        "netincomeloss": 169000000,
        "earningspersharebasic": 0.94,
        "earningspersharediluted": 0.93,
        "weightedaveragenumberofsharesoutstandingbasic": 179900000,
        "weightedaveragenumberofdilutedsharesoutstanding": 180600000,
        "othercomprehensiveincomelossforeigncurrencytransactionandtranslationadjustmentbeforetax": 25000000,
        "othercomprehensiveincomelosscashflowhedgegainlossafterreclassificationbeforetax": 5000000,
        "othercomprehensiveincomelosspensionandotherpostretirementbenefitplansadjustmentbeforetax": -1000000,
        "othercomprehensiveincomelossbeforetaxportionattributabletoparent": 31000000,
        "othercomprehensiveincomelosstaxportionattributabletoparent1": 1000000,
        "othercomprehensiveincomelossnetoftaxportionattributabletoparent": 30000000,
        "comprehensiveincomenetoftax": 199000000
    },
    {
        "date": "2022-12-30",
        "symbol": "WAB",
        "period": "Q4",
        "revenuefromcontractwithcustomerexcludingassessedtax": 357000000,
        "costofgoodsandservicessold": 1654000000,
        "grossprofit": 652000000,
        "sellinggeneralandadministrativeexpense": 272000000,
        "researchanddevelopmentexpense": 60000000,
        "amortizationofintangibleassets": 73000000,
        "operatingexpenses": 405000000,
        "operatingincomeloss": -25000000,
        "interestincomeexpensenet": -51000000,
        "nonoperatingincomeexpense": 14000000,
        "incomelossfromcontinuingoperationsbeforeincometaxesextraordinaryitemsnoncontrollinginterest": -62000000,
        "incometaxexpensebenefit": 51000000,
        "profitloss": -474000000,
        "netincomelossattributabletononcontrollinginterest": 1000000,
        "netincomeloss": 158000000,
        "earningspersharebasic": 0.8599999999999999,
        "earningspersharediluted": 0.8700000000000001,
        "weightedaveragenumberofsharesoutstandingbasic": -400000,
        "weightedaveragenumberofdilutedsharesoutstanding": -300000,
        "othercomprehensiveincomelossforeigncurrencytransactionandtranslationadjustmentbeforetax": 152000000,
        "othercomprehensiveincomelosspensionandotherpostretirementbenefitplansadjustmentbeforetax": 0,
        "othercomprehensiveincomelossbeforetaxportionattributabletoparent": 144000000,
        "othercomprehensiveincomelossnetoftaxportionattributabletoparent": 147000000,
        "comprehensiveincomenetoftax": 305000000
    },
    {
        "date": "2022-09-29",
        "symbol": "WAB",
        "period": "Q3",
        "revenuefromcontractwithcustomerexcludingassessedtax": 286000000,
        "costofgoodsandservicessold": 1433000000,
        "grossprofit": 648000000,
        "sellinggeneralandadministrativeexpense": 260000000,
        "researchanddevelopmentexpense": 54000000,
        "amortizationofintangibleassets": 73000000,
        "operatingexpenses": 387000000,
        "operatingincomeloss": -25000000,
        "interestincomeexpensenet": -48000000,
        "nonoperatingincomeexpense": 4000000,
        "incomelossfromcontinuingoperationsbeforeincometaxesextraordinaryitemsnoncontrollinginterest": -69000000,
        "incometaxexpensebenefit": 54000000,
        "profitloss": 163000000,
        "netincomelossattributabletononcontrollinginterest": 3000000,
        "netincomeloss": 160000000,
        "earningspersharebasic": 0.8900000000000001,
        "earningspersharediluted": 0.8799999999999999,
        "weightedaveragenumberofsharesoutstandingbasic": -600000,
        "weightedaveragenumberofdilutedsharesoutstanding": -600000,
        "othercomprehensiveincomelossforeigncurrencytransactionandtranslationadjustmentbeforetax": -170000000,
        "othercomprehensiveincomelosspensionandotherpostretirementbenefitplansadjustmentbeforetax": -6000000,
        "othercomprehensiveincomelossbeforetaxportionattributabletoparent": -164000000,
        "othercomprehensiveincomelossnetoftaxportionattributabletoparent": -167000000,
        "comprehensiveincomenetoftax": -7000000
    },
    {
        "date": "2022-06-29",
        "symbol": "WAB",
        "period": "Q2",
        "revenuefromcontractwithcustomerexcludingassessedtax": 299000000,
        "costofgoodsandservicessold": 1403000000,
        "grossprofit": 645000000,
        "sellinggeneralandadministrativeexpense": 259000000,
        "researchanddevelopmentexpense": 50000000,
        "amortizationofintangibleassets": 72000000,
        "operatingexpenses": 381000000,
        "operatingincomeloss": -19000000,
        "interestincomeexpensenet": -44000000,
        "nonoperatingincomeexpense": 7000000,
        "incomelossfromcontinuingoperationsbeforeincometaxesextraordinaryitemsnoncontrollinginterest": -56000000,
        "incometaxexpensebenefit": 58000000,
        "profitloss": 318000000,
        "netincomelossattributabletononcontrollinginterest": 3000000,
        "netincomeloss": 166000000,
        "earningspersharebasic": 0.9099999999999999,
        "earningspersharediluted": 0.9099999999999999,
        "weightedaveragenumberofsharesoutstandingbasic": -1300000,
        "weightedaveragenumberofdilutedsharesoutstanding": -1300000,
        "othercomprehensiveincomelossforeigncurrencytransactionandtranslationadjustmentbeforetax": -195000000,
        "othercomprehensiveincomelosscashflowhedgegainlossafterreclassificationbeforetax": 0,
        "othercomprehensiveincomelosspensionandotherpostretirementbenefitplansadjustmentbeforetax": -4000000,
        "othercomprehensiveincomelossbeforetaxportionattributabletoparent": -191000000,
        "othercomprehensiveincomelossnetoftaxportionattributabletoparent": -192000000,
        "comprehensiveincomenetoftax": -26000000
    },
    {
        "date": "2022-03-30",
        "symbol": "WAB",
        "period": "Q1",
        "revenuefromcontractwithcustomerexcludingassessedtax": 313000000,
        "costofgoodsandservicessold": 1332000000,
        "grossprofit": 595000000,
        "sellinggeneralandadministrativeexpense": 238000000,
        "researchanddevelopmentexpense": 45000000,
        "amortizationofintangibleassets": 73000000,
        "operatingexpenses": 356000000,
        "operatingincomeloss": -15000000,
        "interestincomeexpensenet": -43000000,
        "nonoperatingincomeexpense": 4000000,
        "incomelossfromcontinuingoperationsbeforeincometaxesextraordinaryitemsnoncontrollinginterest": -54000000,
        "incometaxexpensebenefit": 50000000,
        "profitloss": 1000000,
        "netincomelossattributabletononcontrollinginterest": 1000000,
        "netincomeloss": 149000000,
        "earningspersharebasic": 0.8,
        "earningspersharediluted": 0.8,
        "weightedaveragenumberofsharesoutstandingbasic": 184500000,
        "weightedaveragenumberofdilutedsharesoutstanding": 185000000,
        "othercomprehensiveincomelossforeigncurrencytransactionandtranslationadjustmentbeforetax": 13000000,
        "othercomprehensiveincomelosscashflowhedgegainlossafterreclassificationbeforetax": 3000000,
        "othercomprehensiveincomelosspensionandotherpostretirementbenefitplansadjustmentbeforetax": -1000000,
        "othercomprehensiveincomelossbeforetaxportionattributabletoparent": 17000000,
        "othercomprehensiveincomelossnetoftaxportionattributabletoparent": 17000000,
        "comprehensiveincomenetoftax": 166000000
    },
    {
        "date": "2021-12-30",
        "symbol": "WAB",
        "period": "Q4",
        "revenuefromcontractwithcustomerexcludingassessedtax": 348900000,
        "costofgoodsandservicessold": 1420200000,
        "grossprofit": 652400000,
        "sellinggeneralandadministrativeexpense": 263500000,
        "researchanddevelopmentexpense": 52500000,
        "amortizationofintangibleassets": 72300000,
        "operatingexpenses": 388300000,
        "operatingincomeloss": -21400000,
        "interestincomeexpensenet": -42300000,
        "nonoperatingincomeexpense": 13000000,
        "incomelossfromcontinuingoperationsbeforeincometaxesextraordinaryitemsnoncontrollinginterest": -50700000,
        "incometaxexpensebenefit": 41500000,
        "profitloss": -234100000,
        "netincomelossattributabletononcontrollinginterest": 3100000,
        "netincomeloss": 190200000,
        "earningspersharebasic": 1.02,
        "earningspersharediluted": 1.02,
        "othercomprehensiveincomelossforeigncurrencytransactionandtranslationadjustmentbeforetax": -48200000,
        "othercomprehensiveincomelosscashflowhedgegainlossafterreclassificationbeforetax": -2200000,
        "othercomprehensiveincomelosspensionandotherpostretirementbenefitplansadjustmentbeforetax": -21000000,
        "othercomprehensiveincomelossbeforetaxportionattributabletoparent": -29400000,
        "othercomprehensiveincomelossnetoftaxportionattributabletoparent": -33500000,
        "comprehensiveincomenetoftax": 156700000
    },
    {
        "date": "2021-09-29",
        "symbol": "WAB",
        "period": "Q3",
        "revenuefromcontractwithcustomerexcludingassessedtax": 325000000,
        "costofgoodsandservicessold": 1304600000,
        "grossprofit": 602300000,
        "sellinggeneralandadministrativeexpense": 269000000,
        "researchanddevelopmentexpense": 43800000,
        "amortizationofintangibleassets": 72500000,
        "operatingexpenses": 385300000,
        "operatingincomeloss": -22100000,
        "interestincomeexpensenet": -42200000,
        "nonoperatingincomeexpense": 500000,
        "incomelossfromcontinuingoperationsbeforeincometaxesextraordinaryitemsnoncontrollinginterest": -63800000,
        "incometaxexpensebenefit": 43500000,
        "profitloss": 1200000,
        "netincomelossattributabletononcontrollinginterest": 1200000,
        "netincomeloss": 130600000,
        "earningspersharebasic": 0.69,
        "earningspersharediluted": 0.69,
        "weightedaveragenumberofsharesoutstandingbasic": 187600000,
        "weightedaveragenumberofdilutedsharesoutstanding": 188000000,
        "othercomprehensiveincomelossforeigncurrencytransactionandtranslationadjustmentbeforetax": -59900000,
        "othercomprehensiveincomelosscashflowhedgegainlossafterreclassificationbeforetax": -400000,
        "othercomprehensiveincomelosspensionandotherpostretirementbenefitplansadjustmentbeforetax": -4400000,
        "othercomprehensiveincomelossbeforetaxportionattributabletoparent": -55900000,
        "othercomprehensiveincomelosstaxportionattributabletoparent1": 900000,
        "othercomprehensiveincomelossnetoftaxportionattributabletoparent": -56800000,
        "comprehensiveincomenetoftax": 73800000
    },
    {
        "date": "2021-06-29",
        "symbol": "WAB",
        "period": "Q2",
        "revenuefromcontractwithcustomerexcludingassessedtax": 356000000,
        "costofgoodsandservicessold": 1432200000,
        "grossprofit": 580100000,
        "sellinggeneralandadministrativeexpense": 262100000,
        "researchanddevelopmentexpense": 42000000,
        "amortizationofintangibleassets": 72700000,
        "operatingexpenses": 376800000,
        "operatingincomeloss": -15200000,
        "interestincomeexpensenet": -44900000,
        "nonoperatingincomeexpense": 10300000,
        "incomelossfromcontinuingoperationsbeforeincometaxesextraordinaryitemsnoncontrollinginterest": -49800000,
        "incometaxexpensebenefit": 43500000,
        "profitloss": 237600000,
        "netincomelossattributabletononcontrollinginterest": 400000,
        "netincomeloss": 124800000,
        "earningspersharebasic": 0.66,
        "earningspersharediluted": 0.66,
        "weightedaveragenumberofsharesoutstandingbasic": 0,
        "weightedaveragenumberofdilutedsharesoutstanding": 0,
        "othercomprehensiveincomelossforeigncurrencytransactionandtranslationadjustmentbeforetax": 33800000,
        "othercomprehensiveincomelosscashflowhedgegainlossafterreclassificationbeforetax": 500000,
        "othercomprehensiveincomelosspensionandotherpostretirementbenefitplansadjustmentbeforetax": 1100000,
        "othercomprehensiveincomelossbeforetaxportionattributabletoparent": 33200000,
        "othercomprehensiveincomelosstaxportionattributabletoparent1": 0,
        "othercomprehensiveincomelossnetoftaxportionattributabletoparent": 33200000,
        "comprehensiveincomenetoftax": 158000000
    },
    {
        "date": "2021-03-30",
        "symbol": "WAB",
        "period": "Q1",
        "revenuefromcontractwithcustomerexcludingassessedtax": 360100000,
        "costofgoodsandservicessold": 1296000000,
        "grossprofit": 534200000.00000006,
        "sellinggeneralandadministrativeexpense": 235400000,
        "researchanddevelopmentexpense": 37700000,
        "amortizationofintangibleassets": 69500000,
        "operatingexpenses": 342600000,
        "operatingincomeloss": -20300000,
        "interestincomeexpensenet": -47600000,
        "nonoperatingincomeexpense": 14200000,
        "incomelossfromcontinuingoperationsbeforeincometaxesextraordinaryitemsnoncontrollinginterest": -53700000,
        "incometaxexpensebenefit": 43500000,
        "profitloss": 2300000,
        "netincomelossattributabletononcontrollinginterest": 2300000,
        "netincomeloss": 112400000,
        "earningspersharebasic": 0.59,
        "earningspersharediluted": 0.59,
        "weightedaveragenumberofsharesoutstandingbasic": 188500000,
        "weightedaveragenumberofdilutedsharesoutstanding": 188900000,
        "othercomprehensiveincomelossforeigncurrencytransactionandtranslationadjustmentbeforetax": -61700000,
        "othercomprehensiveincomelosscashflowhedgegainlossafterreclassificationbeforetax": -7900000,
        "othercomprehensiveincomelosspensionandotherpostretirementbenefitplansadjustmentbeforetax": 3300000,
        "othercomprehensiveincomelossbeforetaxportionattributabletoparent": -72900000,
        "othercomprehensiveincomelosstaxportionattributabletoparent1": -3000000,
        "othercomprehensiveincomelossnetoftaxportionattributabletoparent": -69900000,
        "comprehensiveincomenetoftax": 42500000
    },
    {
        "date": "2020-12-30",
        "symbol": "WAB",
        "period": "Q4",
        "revenuefromcontractwithcustomerexcludingassessedtax": 1692800000,
        "costofgoodsandservicessold": 1302300000,
        "grossprofit": 505500000,
        "sellinggeneralandadministrativeexpense": 235200000,
        "researchanddevelopmentexpense": 38400000,
        "amortizationofintangibleassets": 70800000,
        "operatingexpenses": 344400000,
        "operatingincomeloss": 161100000,
        "interestincomeexpensenet": -48600000,
        "nonoperatingincomeexpense": 5800000,
        "incomelossfromcontinuingoperationsbeforeincometaxesextraordinaryitemsnoncontrollinginterest": 118300000,
        "incometaxexpensebenefit": 31500000,
        "profitloss": 86800000,
        "netincomelossattributabletononcontrollinginterest": -1100000,
        "netincomeloss": 87900000,
        "earningspersharebasic": 0.4700000000000003,
        "earningspersharediluted": 0.4600000000000001,
        "weightedaveragenumberofsharesoutstandingbasic": -380500000,
        "weightedaveragenumberofdilutedsharesoutstanding": -381400000,
        "othercomprehensiveincomelossforeigncurrencytransactionandtranslationadjustmentbeforetax": 146800000,
        "othercomprehensiveincomelosscashflowhedgegainlossafterreclassificationbeforetax": 6000000,
        "othercomprehensiveincomelosspensionandotherpostretirementbenefitplansadjustmentbeforetax": 10800000,
        "othercomprehensiveincomelossbeforetaxportionattributabletoparent": 142000000,
        "othercomprehensiveincomelosstaxportionattributabletoparent1": -1200000,
        "othercomprehensiveincomelossnetoftaxportionattributabletoparent": 143200000,
        "comprehensiveincomenetoftax": 231100000
    },
    {
        "date": "2020-09-29",
        "symbol": "WAB",
        "period": "Q3",
        "revenuefromcontractwithcustomerexcludingassessedtax": 1543600000,
        "costofgoodsandservicessold": 1109900000,
        "grossprofit": 566200000,
        "sellinggeneralandadministrativeexpense": 252700000,
        "researchanddevelopmentexpense": 36500000,
        "amortizationofintangibleassets": 70300000,
        "operatingexpenses": 359500000,
        "operatingincomeloss": 206700000,
        "interestincomeexpensenet": -45600000,
        "nonoperatingincomeexpense": 14300000,
        "incomelossfromcontinuingoperationsbeforeincometaxesextraordinaryitemsnoncontrollinginterest": 175400000,
        "incometaxexpensebenefit": 46900000,
        "profitloss": 128500000,
        "netincomelossattributabletononcontrollinginterest": 400000,
        "netincomeloss": 128100000,
        "earningspersharebasic": 0.67,
        "earningspersharediluted": 0.67,
        "weightedaveragenumberofsharesoutstandingbasic": 189800000,
        "weightedaveragenumberofdilutedsharesoutstanding": 190200000,
        "othercomprehensiveincomelossforeigncurrencytransactionandtranslationadjustmentbeforetax": 53800000,
        "othercomprehensiveincomelosscashflowhedgegainlossafterreclassificationbeforetax": 2800000,
        "othercomprehensiveincomelosspensionandotherpostretirementbenefitplansadjustmentbeforetax": 600000,
        "othercomprehensiveincomelossbeforetaxportionattributabletoparent": 56000000,
        "othercomprehensiveincomelosstaxportionattributabletoparent1": 500000,
        "othercomprehensiveincomelossnetoftaxportionattributabletoparent": 55500000,
        "comprehensiveincomenetoftax": 183600000
    },
    {
        "date": "2020-06-29",
        "symbol": "WAB",
        "period": "Q2",
        "revenuefromcontractwithcustomerexcludingassessedtax": 1406100000,
        "costofgoodsandservicessold": 1061300000,
        "grossprofit": 486700000,
        "sellinggeneralandadministrativeexpense": 216800000,
        "researchanddevelopmentexpense": 38200000,
        "amortizationofintangibleassets": 72300000,
        "operatingexpenses": 327300000,
        "operatingincomeloss": 159400000,
        "interestincomeexpensenet": -51400000,
        "nonoperatingincomeexpense": 6300000,
        "incomelossfromcontinuingoperationsbeforeincometaxesextraordinaryitemsnoncontrollinginterest": 114300000,
        "incometaxexpensebenefit": 28500000,
        "profitloss": 85800000,
        "netincomelossattributabletononcontrollinginterest": -1000000,
        "netincomeloss": 86800000,
        "earningspersharebasic": 0.46,
        "earningspersharediluted": 0.46,
        "weightedaveragenumberofsharesoutstandingbasic": 189800000,
        "weightedaveragenumberofdilutedsharesoutstanding": 190200000,
        "othercomprehensiveincomelossforeigncurrencytransactionandtranslationadjustmentbeforetax": 29200000,
        "othercomprehensiveincomelosscashflowhedgegainlossafterreclassificationbeforetax": -9100000,
        "othercomprehensiveincomelosspensionandotherpostretirementbenefitplansadjustmentbeforetax": -700000,
        "othercomprehensiveincomelossbeforetaxportionattributabletoparent": 20800000,
        "othercomprehensiveincomelosstaxportionattributabletoparent1": -2000000,
        "othercomprehensiveincomelossnetoftaxportionattributabletoparent": 22800000,
        "comprehensiveincomenetoftax": 109600000
    },
    {
        "date": "2020-03-30",
        "symbol": "WAB",
        "period": "Q1",
        "revenuefromcontractwithcustomerexcludingassessedtax": 1590800000,
        "costofgoodsandservicessold": 1155900000,
        "grossprofit": 578700000,
        "sellinggeneralandadministrativeexpense": 243400000,
        "researchanddevelopmentexpense": 49000000,
        "amortizationofintangibleassets": 69000000,
        "operatingexpenses": 361400000,
        "operatingincomeloss": 217300000,
        "interestincomeexpensenet": -53300000,
        "nonoperatingincomeexpense": -14800000,
        "incomelossfromcontinuingoperationsbeforeincometaxesextraordinaryitemsnoncontrollinginterest": 149200000,
        "incometaxexpensebenefit": 38000000,
        "profitloss": 111200000,
        "netincomelossattributabletononcontrollinginterest": -400000,
        "netincomeloss": 111600000,
        "earningspersharebasic": 0.58,
        "earningspersharediluted": 0.58,
        "weightedaveragenumberofsharesoutstandingbasic": 190800000,
        "weightedaveragenumberofdilutedsharesoutstanding": 191400000,
        "othercomprehensiveincomelossforeigncurrencytransactionandtranslationadjustmentbeforetax": -181400000,
        "othercomprehensiveincomelosscashflowhedgegainlossafterreclassificationbeforetax": 8100000,
        "othercomprehensiveincomelosspensionandotherpostretirementbenefitplansadjustmentbeforetax": 3600000,
        "othercomprehensiveincomelossbeforetaxportionattributabletoparent": -176900000,
        "othercomprehensiveincomelosstaxportionattributabletoparent1": 1100000,
        "othercomprehensiveincomelossnetoftaxportionattributabletoparent": -178000000,
        "comprehensiveincomenetoftax": -66400000
    },
    {
        "date": "2019-12-30",
        "symbol": "WAB",
        "period": "Q4",
        "revenuefromcontractwithcustomerexcludingassessedtax": 2692809000,
        "costofgoodsandservicessold": 2435513000,
        "grossprofit": 1086341000,
        "sellinggeneralandadministrativeexpense": 323718000,
        "researchanddevelopmentexpense": 59635000,
        "amortizationofintangibleassets": 65498000,
        "operatingexpenses": 673021000,
        "operatingincomeloss": 360199000,
        "interestincomeexpensenet": -61194000,
        "nonoperatingincomeexpense": -2369000,
        "incomelossfromcontinuingoperationsbeforeincometaxesextraordinaryitemsnoncontrollinginterest": 308879000,
        "incometaxexpensebenefit": 56026000,
        "profitloss": 137518000,
        "netincomelossattributabletononcontrollinginterest": 1222000,
        "netincomeloss": 325023000,
        "earningspersharebasic": 0.89,
        "earningspersharediluted": 0.8600000000000001,
        "weightedaveragenumberofsharesoutstandingbasic": -317674000,
        "weightedaveragenumberofdilutedsharesoutstanding": -326879000,
        "othercomprehensiveincomelossforeigncurrencytransactionandtranslationadjustmentbeforetax": 102421000,
        "othercomprehensiveincomeunrealizedgainlossonderivativesarisingduringperiodbeforetax": -385000,
        "othercomprehensiveincomelosspensionandotherpostretirementbenefitplansadjustmentbeforetax": 21406000,
        "othercomprehensiveincomelossbeforetaxportionattributabletoparent": 80630000,
        "othercomprehensiveincomelosstaxportionattributabletoparent1": -5367000,
        "othercomprehensiveincomelossnetoftaxportionattributabletoparent": 85997000,
        "comprehensiveincomenetoftax": 358603000
    },
    {
        "date": "2019-09-29",
        "symbol": "WAB",
        "period": "Q3",
        "netincomeloss": 91100000,
        "othercomprehensiveincomelossforeigncurrencytransactionandtranslationadjustmentbeforetax": -181100000,
        "othercomprehensiveincomeunrealizedgainlossonderivativesarisingduringperiodbeforetax": 200000,
        "othercomprehensiveincomelosspensionandotherpostretirementbenefitplansadjustmentbeforetax": -2200000,
        "othercomprehensiveincomelossbeforetaxportionattributabletoparent": -178700000,
        "othercomprehensiveincomelosstaxportionattributabletoparent1": 700000,
        "othercomprehensiveincomelossnetoftaxportionattributabletoparent": -179400000,
        "comprehensiveincomenetoftax": -88300000,
        "revenuefromcontractwithcustomerexcludingassessedtax": 1605400000,
        "costofgoodsandservicessold": 1184100000,
        "grossprofit": 599400000,
        "sellinggeneralandadministrativeexpense": 292200000,
        "researchanddevelopmentexpense": 58600000,
        "amortizationofintangibleassets": 79500000,
        "operatingexpenses": 430300000,
        "operatingincomeloss": 169100000,
        "interestincomeexpensenet": -57700000,
        "nonoperatingincomeexpense": 1900000,
        "incomelossfromcontinuingoperationsbeforeincometaxesextraordinaryitemsnoncontrollinginterest": 113300000,
        "incometaxexpensebenefit": 22700000,
        "profitloss": 90600000,
        "netincomelossattributabletononcontrollinginterest": -500000,
        "earningspersharebasic": 0.48,
        "earningspersharediluted": 0.48,
        "weightedaveragenumberofsharesoutstandingbasic": 189600000,
        "weightedaveragenumberofdilutedsharesoutstanding": 191500000
    },
    {
        "date": "2019-06-29",
        "symbol": "WAB",
        "period": "Q2",
        "netincomeloss": 104235000,
        "othercomprehensiveincomelossforeigncurrencytransactionandtranslationadjustmentbeforetax": 18832000,
        "othercomprehensiveincomeunrealizedgainlossonderivativesarisingduringperiodbeforetax": -22000,
        "othercomprehensiveincomelosspensionandotherpostretirementbenefitplansadjustmentbeforetax": -1328000,
        "othercomprehensiveincomelossbeforetaxportionattributabletoparent": 20138000,
        "othercomprehensiveincomelosstaxportionattributabletoparent1": 318000,
        "othercomprehensiveincomelossnetoftaxportionattributabletoparent": 19820000,
        "comprehensiveincomenetoftax": 124055000,
        "revenuefromcontractwithcustomerexcludingassessedtax": 1892508000,
        "costofgoodsandservicessold": 1377758000,
        "grossprofit": 614676000,
        "sellinggeneralandadministrativeexpense": 290959000,
        "researchanddevelopmentexpense": 57120000,
        "amortizationofintangibleassets": 65960000,
        "operatingexpenses": 414039000,
        "operatingincomeloss": 200637000,
        "interestincomeexpensenet": -58560000,
        "nonoperatingincomeexpense": 2177000,
        "incomelossfromcontinuingoperationsbeforeincometaxesextraordinaryitemsnoncontrollinginterest": 144254000,
        "incometaxexpensebenefit": 41400000,
        "profitloss": 102854000,
        "netincomelossattributabletononcontrollinginterest": -1381000,
        "earningspersharebasic": 0.58,
        "earningspersharediluted": 0.54,
        "weightedaveragenumberofsharesoutstandingbasic": 177348000,
        "weightedaveragenumberofdilutedsharesoutstanding": 191453000
    },
    {
        "date": "2019-03-30",
        "symbol": "WAB",
        "period": "Q1",
        "netincomeloss": -193658000,
        "othercomprehensiveincomelossforeigncurrencytransactionandtranslationadjustmentbeforetax": -46553000,
        "othercomprehensiveincomeunrealizedgainlossonderivativesarisingduringperiodbeforetax": -4093000,
        "othercomprehensiveincomelosspensionandotherpostretirementbenefitplansadjustmentbeforetax": 3622000,
        "othercomprehensiveincomelossbeforetaxportionattributabletoparent": -54268000,
        "othercomprehensiveincomelosstaxportionattributabletoparent1": -1851000,
        "othercomprehensiveincomelossnetoftaxportionattributabletoparent": -52417000,
        "comprehensiveincomenetoftax": -193658000,
        "revenuefromcontractwithcustomerexcludingassessedtax": 717183000,
        "costofgoodsandservicessold": 131029000,
        "grossprofit": -22417000,
        "sellinggeneralandadministrativeexpense": 259723000,
        "researchanddevelopmentexpense": 34545000,
        "amortizationofintangibleassets": 27442000,
        "operatingexpenses": 97540000,
        "operatingincomeloss": -66836000,
        "interestincomeexpensenet": -41646000,
        "nonoperatingincomeexpense": 1092000,
        "incomelossfromcontinuingoperationsbeforeincometaxesextraordinaryitemsnoncontrollinginterest": -119633000,
        "incometaxexpensebenefit": 174000,
        "profitloss": -4472000,
        "netincomelossattributabletononcontrollinginterest": 459000,
        "earningspersharebasic": -0.04,
        "earningspersharediluted": -0.04,
        "weightedaveragenumberofsharesoutstandingbasic": 121226000,
        "weightedaveragenumberofdilutedsharesoutstanding": 121226000
    },
    {
        "date": "2018-12-30",
        "symbol": "WAB",
        "period": "Q4",
        "netincomeloss": 143092000,
        "othercomprehensiveincomelossforeigncurrencytransactionandtranslationadjustmentbeforetax": -48203000,
        "othercomprehensiveincomeunrealizedgainlossonderivativesarisingduringperiodbeforetax": 276000,
        "othercomprehensiveincomelosspensionandotherpostretirementbenefitplansadjustmentbeforetax": 7137000,
        "othercomprehensiveincomelossbeforetaxportionattributabletoparent": -55064000,
        "othercomprehensiveincomelosstaxportionattributabletoparent1": -4214000,
        "othercomprehensiveincomelossnetoftaxportionattributabletoparent": -50850000,
        "comprehensiveincomenetoftax": -231727000,
        "costofgoodsandservicessold": -18572000,
        "grossprofit": -37226000,
        "sellinggeneralandadministrativeexpense": 168047000,
        "researchanddevelopmentexpense": 25881000,
        "amortizationofintangibleassets": 9641000,
        "operatingexpenses": 50481000,
        "operatingincomeloss": -246127000,
        "interestincomeexpensenet": -855000,
        "nonoperatingincomeexpense": 10173000,
        "incomelossfromcontinuingoperationsbeforeincometaxesextraordinaryitemsnoncontrollinginterest": -351982000,
        "incometaxexpensebenefit": -273000,
        "profitloss": 786388000,
        "netincomelossattributabletononcontrollinginterest": 268000,
        "earningspersharebasic": 0.35,
        "earningspersharediluted": 0.34999999999999953,
        "weightedaveragenumberofsharesoutstandingbasic": -192016000,
        "weightedaveragenumberofdilutedsharesoutstanding": -193119000
    },
    {
        "date": "2018-09-29",
        "symbol": "WAB",
        "period": "Q3",
        "netincomeloss": 3735000,
        "othercomprehensiveincomelossforeigncurrencytransactionandtranslationadjustmentbeforetax": -44253000,
        "othercomprehensiveincomeunrealizedgainlossonderivativesarisingduringperiodbeforetax": -82000,
        "othercomprehensiveincomelosspensionandotherpostretirementbenefitplansadjustmentbeforetax": 6872000,
        "othercomprehensiveincomelossbeforetaxportionattributabletoparent": -51207000,
        "othercomprehensiveincomelosstaxportionattributabletoparent1": -1675000,
        "othercomprehensiveincomelossnetoftaxportionattributabletoparent": -49532000,
        "comprehensiveincomenetoftax": -215045000,
        "revenuefromcontractwithcustomerexcludingassessedtax": 686237000,
        "costofgoodsandservicessold": -34238000,
        "grossprofit": -26159000,
        "sellinggeneralandadministrativeexpense": 146839000,
        "researchanddevelopmentexpense": 20132000,
        "amortizationofintangibleassets": 9862000,
        "operatingexpenses": 37090000,
        "operatingincomeloss": 60735000,
        "interestincomeexpensenet": 4915000,
        "nonoperatingincomeexpense": 1093000,
        "incomelossfromcontinuingoperationsbeforeincometaxesextraordinaryitemsnoncontrollinginterest": 60735000,
        "incometaxexpensebenefit": 1180000,
        "profitloss": -215045000,
        "netincomelossattributabletononcontrollinginterest": -1670000,
        "earningspersharebasic": 0.91,
        "earningspersharediluted": 0.91,
        "weightedaveragenumberofsharesoutstandingbasic": 96208000,
        "weightedaveragenumberofdilutedsharesoutstanding": 96637000
    },
    {
        "date": "2018-06-29",
        "symbol": "WAB",
        "period": "Q2",
        "netincomeloss": 134000,
        "othercomprehensiveincomelossforeigncurrencytransactionandtranslationadjustmentbeforetax": -192778000,
        "othercomprehensiveincomeunrealizedgainlossonderivativesarisingduringperiodbeforetax": -7567000,
        "othercomprehensiveincomelosspensionandotherpostretirementbenefitplansadjustmentbeforetax": -10665000,
        "othercomprehensiveincomelossbeforetaxportionattributabletoparent": -189680000,
        "othercomprehensiveincomelosstaxportionattributabletoparent1": 537000,
        "othercomprehensiveincomelossnetoftaxportionattributabletoparent": -190217000,
        "comprehensiveincomenetoftax": -276847000,
        "salesrevenuenet": 699422000,
        "costofgoodsandservicessold": -38755000,
        "grossprofit": -29332000,
        "sellinggeneralandadministrativeexpense": 171157000,
        "researchanddevelopmentexpense": 19388000,
        "amortizationofintangibleassets": 9899000,
        "operatingexpenses": 49780000,
        "operatingincomeloss": 57975000,
        "interestincomeexpensenet": 176000,
        "nonoperatingincomeexpense": 1093000,
        "incomelossfromcontinuingoperationsbeforeincometaxesextraordinaryitemsnoncontrollinginterest": 57975000,
        "incometaxexpensebenefit": 42000,
        "profitloss": -276847000,
        "netincomelossattributabletononcontrollinginterest": -1145000,
        "earningspersharebasic": 0.88,
        "earningspersharediluted": 0.87,
        "weightedaveragenumberofsharesoutstandingbasic": 95992000,
        "weightedaveragenumberofdilutedsharesoutstanding": 96575000
    },
    {
        "date": "2018-03-30",
        "symbol": "WAB",
        "period": "Q1",
        "netincomeloss": -143226000,
        "othercomprehensiveincomelossforeigncurrencytransactionandtranslationadjustmentbeforetax": 77967000,
        "othercomprehensiveincomeunrealizedgainlossonderivativesarisingduringperiodbeforetax": 2066000,
        "othercomprehensiveincomelosspensionandotherpostretirementbenefitplansadjustmentbeforetax": 430000,
        "othercomprehensiveincomelossbeforetaxportionattributabletoparent": 79603000,
        "othercomprehensiveincomelosstaxportionattributabletoparent1": 595000,
        "othercomprehensiveincomelossnetoftaxportionattributabletoparent": 79008000,
        "comprehensiveincomenetoftax": -143226000,
        "salesrevenuenet": 676623000,
        "costofgoodsandservicessold": -40685000,
        "grossprofit": -7808000,
        "sellinggeneralandadministrativeexpense": 147201000,
        "researchanddevelopmentexpense": 22049000,
        "amortizationofintangibleassets": 10352000,
        "operatingexpenses": 35627000,
        "operatingincomeloss": 68083000,
        "interestincomeexpensenet": 679000,
        "nonoperatingincomeexpense": 1093000,
        "incomelossfromcontinuingoperationsbeforeincometaxesextraordinaryitemsnoncontrollinginterest": 68083000,
        "incometaxexpensebenefit": 231000,
        "profitloss": 448000,
        "netincomelossattributabletononcontrollinginterest": -694000,
        "earningspersharebasic": 0.92,
        "earningspersharediluted": 0.92,
        "weightedaveragenumberofsharesoutstandingbasic": 95810000,
        "weightedaveragenumberofdilutedsharesoutstanding": 96371000
    },
    {
        "date": "2017-09-29",
        "symbol": "WAB",
        "period": "Q3",
        "netincomeloss": 366000,
        "othercomprehensiveincomelossforeigncurrencytransactionandtranslationadjustmentbeforetax": 82905000,
        "othercomprehensiveincomeunrealizedgainlossonderivativesarisingduringperiodbeforetax": 15021000,
        "othercomprehensiveincomelosspensionandotherpostretirementbenefitplansadjustmentbeforetax": -27000,
        "othercomprehensiveincomelossbeforetaxportionattributabletoparent": 97953000,
        "othercomprehensiveincomelosstaxportionattributabletoparent1": 5333000,
        "othercomprehensiveincomelossnetoftaxportionattributabletoparent": 92620000,
        "comprehensiveincomenetoftax": -107018000,
        "salesrevenuenet": 617746000,
        "costofgoodsandservicessold": 1240000,
        "grossprofit": -6338000,
        "sellinggeneralandadministrativeexpense": 117838000,
        "researchanddevelopmentexpense": 24709000,
        "amortizationofintangibleassets": 8600000,
        "operatingexpenses": 22714000,
        "operatingincomeloss": 47531000,
        "interestincomeexpensenet": 497000,
        "nonoperatingincomeexpense": 274000,
        "incomelossfromcontinuingoperationsbeforeincometaxesextraordinaryitemsnoncontrollinginterest": 47531000,
        "incometaxexpensebenefit": 131000,
        "profitloss": -107018000,
        "netincomelossattributabletononcontrollinginterest": 1195000,
        "earningspersharebasic": 0.7,
        "earningspersharediluted": 0.7,
        "weightedaveragenumberofsharesoutstandingbasic": 95709000,
        "weightedaveragenumberofdilutedsharesoutstanding": 96316000
    },
    {
        "date": "2017-03-30",
        "symbol": "WAB",
        "period": "Q1",
        "netincomeloss": 426000,
        "othercomprehensiveincomelossforeigncurrencytransactionandtranslationadjustmentbeforetax": 49395000,
        "othercomprehensiveincomeunrealizedgainlossonderivativesarisingduringperiodbeforetax": 1693000,
        "othercomprehensiveincomelosspensionandotherpostretirementbenefitplansadjustmentbeforetax": 3074000,
        "othercomprehensiveincomelossbeforetaxportionattributabletoparent": 48014000,
        "othercomprehensiveincomelosstaxportionattributabletoparent1": 61000,
        "othercomprehensiveincomelossnetoftaxportionattributabletoparent": 49395000,
        "comprehensiveincomenetoftax": -87641000,
        "salesrevenuenet": 573774000,
        "costofgoodsandservicessold": 1240000,
        "grossprofit": -7414000,
        "sellinggeneralandadministrativeexpense": 122341000,
        "researchanddevelopmentexpense": 23464000,
        "amortizationofintangibleassets": 9044000,
        "operatingexpenses": 24293000,
        "operatingincomeloss": -7414000,
        "interestincomeexpensenet": 589000,
        "nonoperatingincomeexpense": 13081000,
        "incomelossfromcontinuingoperationsbeforeincometaxesextraordinaryitemsnoncontrollinginterest": 49148000,
        "incometaxexpensebenefit": 163000,
        "profitloss": -87641000,
        "netincomelossattributabletononcontrollinginterest": -1885000,
        "earningspersharebasic": 0.77,
        "earningspersharediluted": 0.77,
        "weightedaveragenumberofsharesoutstandingbasic": 95243000,
        "weightedaveragenumberofdilutedsharesoutstanding": 95991000
    },
    {
        "date": "2016-12-30",
        "symbol": "WAB",
        "period": "Q4",
        "netincomeloss": -93412000,
        "othercomprehensiveincomelossforeigncurrencytransactionandtranslationadjustmentbeforetax": -86299000,
        "othercomprehensiveincomeunrealizedgainlossonderivativesarisingduringperiodbeforetax": 2045000,
        "othercomprehensiveincomelosspensionandotherpostretirementbenefitplansadjustmentbeforetax": 11369000,
        "othercomprehensiveincomelossbeforetaxportionattributabletoparent": -95623000,
        "othercomprehensiveincomelosstaxportionattributabletoparent1": -2073000,
        "othercomprehensiveincomelossnetoftaxportionattributabletoparent": -98139000,
        "comprehensiveincomenetoftax": -753762000,
        "salesrevenuenet": -594695000,
        "costofgoodsandservicessold": -514444000,
        "grossprofit": -747188000,
        "sellinggeneralandadministrativeexpense": 130687000,
        "researchanddevelopmentexpense": 19104000,
        "amortizationofintangibleassets": 6639000,
        "operatingexpenses": -167549000,
        "operatingincomeloss": 23126000,
        "interestincomeexpensenet": 5953000,
        "nonoperatingincomeexpense": 20396000,
        "incomelossfromcontinuingoperationsbeforeincometaxesextraordinaryitemsnoncontrollinginterest": 23126000,
        "incometaxexpensebenefit": -42970000,
        "earningspersharebasic": 0.42000000000000015,
        "earningspersharediluted": 0.4099999999999997,
        "weightedaveragenumberofsharesoutstandingbasic": -180334000,
        "weightedaveragenumberofdilutedsharesoutstanding": -181860000
    },
    {
        "date": "2016-09-29",
        "symbol": "WAB",
        "period": "Q3",
        "netincomeloss": 242000,
        "othercomprehensiveincomelossforeigncurrencytransactionandtranslationadjustmentbeforetax": 2734000,
        "othercomprehensiveincomeunrealizedgainlossonderivativesarisingduringperiodbeforetax": 1169000,
        "othercomprehensiveincomelosspensionandotherpostretirementbenefitplansadjustmentbeforetax": -982000,
        "othercomprehensiveincomelossbeforetaxportionattributabletoparent": 4885000,
        "othercomprehensiveincomelosstaxportionattributabletoparent1": 594000,
        "othercomprehensiveincomelossnetoftaxportionattributabletoparent": 4291000,
        "comprehensiveincomenetoftax": 86719000,
        "salesrevenuenet": 315399000,
        "costofgoodsandservicessold": 611000,
        "grossprofit": 212481000,
        "sellinggeneralandadministrativeexpense": 70757000,
        "researchanddevelopmentexpense": 16289000,
        "amortizationofintangibleassets": 5300000,
        "operatingexpenses": 92385000,
        "operatingincomeloss": 51164000,
        "interestincomeexpensenet": 338000,
        "nonoperatingincomeexpense": 1188000,
        "incomelossfromcontinuingoperationsbeforeincometaxesextraordinaryitemsnoncontrollinginterest": 51164000,
        "incometaxexpensebenefit": 96000,
        "earningspersharebasic": 0.92,
        "earningspersharediluted": 0.91,
        "weightedaveragenumberofsharesoutstandingbasic": 89589000,
        "weightedaveragenumberofdilutedsharesoutstanding": 90293000
    },
    {
        "date": "2016-06-29",
        "symbol": "WAB",
        "period": "Q2",
        "netincomeloss": 323000,
        "othercomprehensiveincomelossforeigncurrencytransactionandtranslationadjustmentbeforetax": -42330000,
        "othercomprehensiveincomeunrealizedgainlossonderivativesarisingduringperiodbeforetax": -716000,
        "othercomprehensiveincomelosspensionandotherpostretirementbenefitplansadjustmentbeforetax": -2149000,
        "othercomprehensiveincomelossbeforetaxportionattributabletoparent": -40897000,
        "othercomprehensiveincomelosstaxportionattributabletoparent1": 352000,
        "othercomprehensiveincomelossnetoftaxportionattributabletoparent": -41249000,
        "comprehensiveincomenetoftax": 49236000,
        "salesrevenuenet": 330640000,
        "costofgoodsandservicessold": 971000,
        "grossprofit": 237389000,
        "sellinggeneralandadministrativeexpense": 80610000,
        "researchanddevelopmentexpense": 18029000,
        "amortizationofintangibleassets": 5466000,
        "operatingexpenses": 104105000,
        "operatingincomeloss": 52146000,
        "interestincomeexpensenet": 453000,
        "nonoperatingincomeexpense": -1229000,
        "incomelossfromcontinuingoperationsbeforeincometaxesextraordinaryitemsnoncontrollinginterest": 52146000,
        "incometaxexpensebenefit": 130000,
        "earningspersharebasic": 1,
        "earningspersharediluted": 1,
        "weightedaveragenumberofsharesoutstandingbasic": 89846000,
        "weightedaveragenumberofdilutedsharesoutstanding": 90559000
    },
    {
        "date": "2016-03-30",
        "symbol": "WAB",
        "period": "Q1",
        "netincomeloss": 94163000,
        "othercomprehensiveincomelossforeigncurrencytransactionandtranslationadjustmentbeforetax": 32211000,
        "othercomprehensiveincomeunrealizedgainlossonderivativesarisingduringperiodbeforetax": -2193000,
        "othercomprehensiveincomelosspensionandotherpostretirementbenefitplansadjustmentbeforetax": 3783000,
        "othercomprehensiveincomelossbeforetaxportionattributabletoparent": 26235000,
        "othercomprehensiveincomelosstaxportionattributabletoparent1": -1387000,
        "othercomprehensiveincomelossnetoftaxportionattributabletoparent": 32211000,
        "comprehensiveincomenetoftax": 121785000,
        "salesrevenuenet": 329362000,
        "costofgoodsandservicessold": 516851000,
        "grossprofit": 255180000,
        "sellinggeneralandadministrativeexpense": 89751000,
        "researchanddevelopmentexpense": 17953000,
        "amortizationofintangibleassets": 5295000,
        "operatingexpenses": 112999000,
        "operatingincomeloss": 45010000,
        "interestincomeexpensenet": -4871000,
        "nonoperatingincomeexpense": 154000,
        "incomelossfromcontinuingoperationsbeforeincometaxesextraordinaryitemsnoncontrollinginterest": 45010000,
        "incometaxexpensebenefit": 43301000,
        "earningspersharebasic": 1.03,
        "earningspersharediluted": 1.02,
        "weightedaveragenumberofsharesoutstandingbasic": 91258000,
        "weightedaveragenumberofdilutedsharesoutstanding": 92149000
    },
    {
        "date": "2015-09-29",
        "symbol": "WAB",
        "period": "Q3",
        "netincomeloss": 320000,
        "othercomprehensiveincomelossforeigncurrencytransactionandtranslationadjustmentbeforetax": -48474000,
        "othercomprehensiveincomeunrealizedgainlossonderivativesarisingduringperiodbeforetax": -1788000,
        "othercomprehensiveincomelosspensionandotherpostretirementbenefitplansadjustmentbeforetax": -2586000,
        "othercomprehensiveincomelossbeforetaxportionattributabletoparent": -47676000,
        "othercomprehensiveincomelosstaxportionattributabletoparent1": -164000,
        "othercomprehensiveincomelossnetoftaxportionattributabletoparent": -47512000,
        "comprehensiveincomenetoftax": 51669000,
        "salesrevenuenet": 45547000,
        "costofgoodsandservicessold": -522000,
        "grossprofit": 257069000,
        "sellinggeneralandadministrativeexpense": 82206000,
        "researchanddevelopmentexpense": 17239000,
        "amortizationofintangibleassets": 5546000,
        "operatingexpenses": 104991000,
        "operatingincomeloss": 38772000,
        "interestincomeexpensenet": 467000,
        "nonoperatingincomeexpense": -2937000,
        "incomelossfromcontinuingoperationsbeforeincometaxesextraordinaryitemsnoncontrollinginterest": 669000,
        "incometaxexpensebenefit": 147000,
        "earningspersharebasic": 1.03,
        "earningspersharediluted": 1.02,
        "weightedaveragenumberofsharesoutstandingbasic": 96369000,
        "weightedaveragenumberofdilutedsharesoutstanding": 97368000
    },
    {
        "date": "2015-06-29",
        "symbol": "WAB",
        "period": "Q2",
        "salesrevenuenet": 36979000,
        "costofgoodsandservicessold": 1198000,
        "grossprofit": 267764000,
        "sellinggeneralandadministrativeexpense": 88992000,
        "researchanddevelopmentexpense": 17750000,
        "amortizationofintangibleassets": 5162000,
        "operatingexpenses": 111904000,
        "operatingincomeloss": -6886000,
        "interestincomeexpensenet": 460000,
        "nonoperatingincomeexpense": -1887000,
        "incomelossfromcontinuingoperationsbeforeincometaxesextraordinaryitemsnoncontrollinginterest": -12814000,
        "incometaxexpensebenefit": 149000,
        "netincomeloss": 311000,
        "earningspersharebasic": 1.05,
        "earningspersharediluted": 1.04,
        "weightedaveragenumberofsharesoutstandingbasic": 96338000,
        "weightedaveragenumberofdilutedsharesoutstanding": 97435000,
        "othercomprehensiveincomelossforeigncurrencytransactionandtranslationadjustmentbeforetax": 36082000,
        "othercomprehensiveincomeunrealizedgainlossonderivativesarisingduringperiodbeforetax": 949000,
        "othercomprehensiveincomelosspensionandotherpostretirementbenefitplansadjustmentbeforetax": 822000,
        "othercomprehensiveincomelossbeforetaxportionattributabletoparent": 36209000,
        "othercomprehensiveincomelosstaxportionattributabletoparent1": 320000,
        "othercomprehensiveincomelossnetoftaxportionattributabletoparent": 35889000,
        "comprehensiveincomenetoftax": 137393000
    },
    {
        "date": "2015-03-30",
        "symbol": "WAB",
        "period": "Q1",
        "salesrevenuenet": 42167000,
        "costofgoodsandservicessold": 1196000,
        "grossprofit": 255355000,
        "sellinggeneralandadministrativeexpense": 84771000,
        "researchanddevelopmentexpense": 16863000,
        "amortizationofintangibleassets": 5301000,
        "operatingexpenses": 106935000,
        "operatingincomeloss": -4572000,
        "interestincomeexpensenet": 463000,
        "nonoperatingincomeexpense": -2866000,
        "incomelossfromcontinuingoperationsbeforeincometaxesminorityinterestandincomelossfromequitymethodinvestments": -11744000,
        "incometaxexpensebenefit": 148000,
        "netincomeloss": 315000,
        "earningspersharebasic": 1,
        "earningspersharediluted": 0.99,
        "weightedaveragenumberofsharesoutstandingbasic": 96243000,
        "weightedaveragenumberofdilutedsharesoutstanding": 97385000,
        "othercomprehensiveincomelossforeigncurrencytransactionandtranslationadjustmentbeforetax": -87931000,
        "othercomprehensiveincomeunrealizedgainlossonderivativesarisingduringperiodbeforetax": -1705000,
        "othercomprehensiveincomelosspensionandotherpostretirementbenefitplansadjustmentbeforetax": -3822000,
        "othercomprehensiveincomelossbeforetaxportionattributabletoparent": -85814000,
        "othercomprehensiveincomelosstaxportionattributabletoparent1": 285000,
        "othercomprehensiveincomelossnetoftaxportionattributabletoparent": -86099000,
        "comprehensiveincomenetoftax": 10065000
    },
    {
        "date": "2014-09-29",
        "symbol": "WAB",
        "period": "Q3",
        "salesrevenuenet": 42180000,
        "costofgoodsandservicessold": 1368000,
        "grossprofit": 247458000,
        "sellinggeneralandadministrativeexpense": 88359000,
        "researchanddevelopmentexpense": 16391000,
        "amortizationofintangibleassets": 6731000,
        "operatingexpenses": 111481000,
        "operatingincomeloss": -6939000,
        "interestincomeexpensenet": 492000,
        "nonoperatingincomeexpense": -154000,
        "incomelossfromcontinuingoperationsbeforeincometaxesminorityinterestandincomelossfromequitymethodinvestments": -11687000,
        "incometaxexpensebenefit": 154000,
        "netincomeloss": 338000,
        "earningspersharebasic": 0.94,
        "earningspersharediluted": 0.93,
        "weightedaveragenumberofsharesoutstandingbasic": 95935000,
        "weightedaveragenumberofdilutedsharesoutstanding": 97004000,
        "othercomprehensiveincomelossforeigncurrencytransactionandtranslationadjustmentbeforetax": -60964000,
        "othercomprehensiveincomeunrealizedgainlossonderivativesarisingduringperiodbeforetax": 1153000,
        "othercomprehensiveincomelosspensionandotherpostretirementbenefitplansadjustmentbeforetax": -2553000,
        "othercomprehensiveincomelossbeforetaxportionattributabletoparent": -57258000,
        "othercomprehensiveincomelosstaxportionattributabletoparent1": 1067000,
        "othercomprehensiveincomelossnetoftaxportionattributabletoparent": -58325000,
        "comprehensiveincomenetoftax": 31830000
    },
    {
        "date": "2014-06-29",
        "symbol": "WAB",
        "period": "Q2",
        "salesrevenuenet": 45699000,
        "costofgoodsandservicessold": 506410000,
        "grossprofit": 224658000,
        "sellinggeneralandadministrativeexpense": 72982000,
        "researchanddevelopmentexpense": 14221000,
        "amortizationofdeferredcharges": 5132000,
        "operatingexpenses": 92335000,
        "operatingincomeloss": -4717000,
        "interestincomeexpensenet": -4525000,
        "othernonoperatingincomeexpense": 243000,
        "incomelossfromcontinuingoperationsbeforeincometaxesminorityinterestandincomelossfromequitymethodinvestments": -8999000,
        "incometaxexpensebenefit": 39336000,
        "netincomeloss": 88705000,
        "earningspersharebasic": 0.92,
        "earningspersharediluted": 0.91,
        "weightedaveragenumberofsharesoutstandingbasic": 96048000,
        "weightedaveragenumberofdilutedsharesoutstanding": 97058000,
        "othercomprehensiveincomelossforeigncurrencytransactionandtranslationadjustmentbeforetax": 8731000,
        "othercomprehensiveincomeunrealizedgainlossonderivativesarisingduringperiodbeforetax": -876000,
        "othercomprehensiveincomelosspensionandotherpostretirementbenefitplansadjustmentbeforetax": 26000,
        "othercomprehensiveincomelossbeforetaxportionattributabletoparent": 7829000,
        "othercomprehensiveincomelosstax": -274000,
        "othercomprehensiveincomelossnetoftax": 8103000,
        "comprehensiveincomenetoftax": 96808000
    },
    {
        "date": "2014-03-30",
        "symbol": "WAB",
        "period": "Q1",
        "salesrevenuenet": 38129000,
        "costofgoodsandservicessold": 485680000,
        "grossprofit": 209569000,
        "sellinggeneralandadministrativeexpense": 70081000,
        "researchanddevelopmentexpense": 12946000,
        "amortizationofdeferredcharges": 4696000,
        "operatingexpenses": 87723000,
        "operatingincomeloss": -4603000,
        "interestincomeexpensenet": -4450000,
        "othernonoperatingincomeexpense": -17000,
        "incomelossfromcontinuingoperationsbeforeincometaxesminorityinterestandincomelossfromequitymethodinvestments": -9070000,
        "incometaxexpensebenefit": 37245000,
        "netincomeloss": 80134000,
        "earningspersharebasic": 0.84,
        "earningspersharediluted": 0.83,
        "weightedaveragenumberofsharesoutstandingbasic": 95529000,
        "weightedaveragenumberofdilutedsharesoutstanding": 96805000,
        "othercomprehensiveincomelossforeigncurrencytransactionandtranslationadjustmentbeforetax": -643000,
        "othercomprehensiveincomeunrealizedgainlossonderivativesarisingduringperiodbeforetax": 283000,
        "othercomprehensiveincomelosspensionandotherpostretirementbenefitplansadjustmentbeforetax": -1808000,
        "othercomprehensiveincomelossbeforetaxportionattributabletoparent": 1448000,
        "othercomprehensiveincomelosstax": 655000,
        "othercomprehensiveincomelossnetoftax": 1294000,
        "comprehensiveincomenetoftax": 80927000
    },
    {
        "date": "2013-12-30",
        "symbol": "WAB",
        "period": "Q4",
        "salesrevenuenet": 241807000,
        "costofgoodsandservicessold": 1869737000,
        "grossprofit": 841073000,
        "sellinggeneralandadministrativeexpense": 71142000,
        "researchanddevelopmentexpense": 12754000,
        "amortizationofdeferredcharges": 5011000,
        "operatingexpenses": 246717000,
        "operatingincomeloss": 61589000,
        "interestincomeexpensenet": -15774000,
        "othernonoperatingincomeexpense": 17860000,
        "incomelossfromcontinuingoperationsbeforeincometaxesminorityinterestandincomelossfromequitymethodinvestments": 438192000,
        "incometaxexpensebenefit": 108936000,
        "netincomeloss": 762107000,
        "earningspersharebasic": 0.039999999999999813,
        "earningspersharediluted": 0.040000000000000036,
        "weightedaveragenumberofsharesoutstandingbasic": -143659000,
        "weightedaveragenumberofdilutedsharesoutstanding": -145730000,
        "othercomprehensiveincomelossforeigncurrencytransactionandtranslationadjustmentbeforetax": 8144000,
        "othercomprehensiveincomeunrealizedgainlossonderivativesarisingduringperiodbeforetax": 467000,
        "othercomprehensiveincomelosspensionandotherpostretirementbenefitplansadjustmentbeforetax": -14356000,
        "othercomprehensiveincomelossbeforetaxportionattributabletoparent": 22711000,
        "othercomprehensiveincomelosstax": 5488000,
        "othercomprehensiveincomelossnetoftax": -16544000,
        "comprehensiveincomenetoftax": 815105000
    },
    {
        "date": "2013-09-29",
        "symbol": "WAB",
        "period": "Q3",
        "salesrevenuenet": -46425000,
        "costofgoodsandservicessold": -22816000,
        "grossprofit": -23609000,
        "sellinggeneralandadministrativeexpense": 63402000,
        "researchanddevelopmentexpense": 10921000,
        "amortizationofdeferredcharges": 3939000,
        "operatingexpenses": 26034000,
        "operatingincomeloss": -23609000,
        "interestincomeexpensenet": 305000,
        "othernonoperatingincomeexpense": -8186000,
        "incomelossfromcontinuingoperationsbeforeincometaxesminorityinterestandincomelossfromequitymethodinvestments": -157996000,
        "incometaxexpensebenefit": 8596000,
        "netincomeloss": -157996000,
        "earningspersharebasic": 0.77,
        "earningspersharediluted": 0.76,
        "weightedaveragenumberofsharesoutstandingbasic": 95848000,
        "weightedaveragenumberofdilutedsharesoutstanding": 97174000,
        "othercomprehensiveincomelossforeigncurrencytransactionandtranslationadjustmentbeforetax": 34179000,
        "othercomprehensiveincomeunrealizedgainlossonderivativesarisingduringperiodbeforetax": -411000,
        "othercomprehensiveincomelosspensionandotherpostretirementbenefitplansadjustmentbeforetax": -1341000,
        "othercomprehensiveincomelossbeforetaxportionattributabletoparent": 35109000,
        "othercomprehensiveincomelosstax": 1075000,
        "othercomprehensiveincomelossnetoftax": 34034000,
        "comprehensiveincomenetoftax": -192286000
    },
    {
        "date": "2013-06-29",
        "symbol": "WAB",
        "period": "Q2",
        "salesrevenuenet": -58308000,
        "costofgoodsandservicessold": -24978000,
        "grossprofit": -33330000,
        "sellinggeneralandadministrativeexpense": 63874000,
        "researchanddevelopmentexpense": 11280000,
        "amortizationofdeferredcharges": 5173000,
        "operatingexpenses": 28238000,
        "operatingincomeloss": -33330000,
        "interestincomeexpensenet": 110000,
        "othernonoperatingincomeexpense": -2855000,
        "incomelossfromcontinuingoperationsbeforeincometaxesminorityinterestandincomelossfromequitymethodinvestments": -172654000,
        "incometaxexpensebenefit": 7982000,
        "netincomeloss": -172654000,
        "earningspersharebasic": 0.78,
        "earningspersharediluted": 0.77,
        "weightedaveragenumberofsharesoutstandingbasic": 95762000,
        "weightedaveragenumberofdilutedsharesoutstanding": 97102000,
        "othercomprehensiveincomelossforeigncurrencytransactionandtranslationadjustmentbeforetax": -9037000,
        "othercomprehensiveincomeunrealizedgainlossonderivativesarisingduringperiodbeforetax": 1067000,
        "othercomprehensiveincomelosspensionandotherpostretirementbenefitplansadjustmentbeforetax": -2303000,
        "othercomprehensiveincomelossbeforetaxportionattributabletoparent": -5667000,
        "othercomprehensiveincomelosstax": 1142000,
        "othercomprehensiveincomelossnetoftax": -6809000,
        "comprehensiveincomenetoftax": -172654000
    },
    {
        "date": "2013-03-30",
        "symbol": "WAB",
        "period": "Q1",
        "salesrevenuenet": -39685000,
        "costofgoodsandservicessold": -19578000,
        "grossprofit": -20107000,
        "sellinggeneralandadministrativeexpense": 64300000,
        "researchanddevelopmentexpense": 11334000,
        "amortizationofdeferredcharges": 3587000,
        "operatingexpenses": 25728000,
        "operatingincomeloss": -20107000,
        "interestincomeexpensenet": 18000,
        "othernonoperatingincomeexpense": -7701000,
        "incomelossfromcontinuingoperationsbeforeincometaxesminorityinterestandincomelossfromequitymethodinvestments": -139222000,
        "incometaxexpensebenefit": 3338000,
        "netincomeloss": -139222000,
        "earningspersharebasic": 1.46,
        "earningspersharediluted": 1.44,
        "weightedaveragenumberofsharesoutstandingbasic": 47512000,
        "weightedaveragenumberofdilutedsharesoutstanding": 48286000,
        "othercomprehensiveincomelossforeigncurrencytransactionandtranslationadjustmentbeforetax": -27941000,
        "othercomprehensiveincomeunrealizedgainlossonderivativesarisingduringperiodbeforetax": -57000,
        "othercomprehensiveincomelosspensionandotherpostretirementbenefitplansadjustmentbeforetax": -3102000,
        "othercomprehensiveincomelossbeforetaxportionattributabletoparent": -24896000,
        "othercomprehensiveincomelosstax": 844000,
        "othercomprehensiveincomelossnetoftax": 2233000,
        "comprehensiveincomenetoftax": -139222000
    },
    {
        "date": "2012-09-29",
        "symbol": "WAB",
        "period": "Q3",
        "salesrevenuenet": 129597000,
        "costofgoodsandservicessold": -17977000,
        "grossprofit": -19675000,
        "sellinggeneralandadministrativeexpense": 59743000,
        "researchanddevelopmentexpense": 10753000,
        "amortizationofdeferredcharges": 3941000,
        "operatingexpenses": 14584000,
        "operatingincomeloss": -3245000,
        "interestincomeexpensenet": -5459000,
        "othernonoperatingincomeexpense": 100000,
        "incomelossfromcontinuingoperationsbeforeincometaxesminorityinterestandincomelossfromequitymethodinvestments": -147270000,
        "incometaxexpensebenefit": 19259000,
        "netincomeloss": -147270000,
        "earningspersharebasic": 1.32,
        "earningspersharediluted": 1.3,
        "weightedaveragenumberofsharesoutstandingbasic": 47643000,
        "weightedaveragenumberofdilutedsharesoutstanding": 48271000,
        "othercomprehensiveincomeforeigncurrencytransactionandtranslationgainlossbeforereclassificationandtax": 11916000,
        "othercomprehensiveincomeunrealizedgainlossonderivativesarisingduringperiodbeforetax": -903000,
        "othercomprehensiveincomelosspensionandotherpostretirementbenefitplansadjustmentbeforetax": 128000,
        "othercomprehensiveincomelossbeforetaxportionattributabletoparent": 73879000,
        "othercomprehensiveincomelosstax": -333000,
        "comprehensiveincomenetoftax": 74212000
    },
    {
        "date": "2012-06-29",
        "symbol": "WAB",
        "period": "Q2",
        "salesrevenuenet": 128363000,
        "costofgoodsandservicessold": -16704000,
        "grossprofit": -28424000,
        "sellinggeneralandadministrativeexpense": 59163000,
        "researchanddevelopmentexpense": 10145000,
        "amortizationofdeferredcharges": 3254000,
        "operatingexpenses": 15571000,
        "operatingincomeloss": -4486000,
        "interestincomeexpensenet": -5370000,
        "othernonoperatingincomeexpense": 289000,
        "incomelossfromcontinuingoperationsbeforeincometaxesminorityinterestandincomelossfromequitymethodinvestments": -160938000,
        "incometaxexpensebenefit": 22284000,
        "netincomeloss": -160938000,
        "earningspersharebasic": 1.35,
        "earningspersharediluted": 1.33,
        "weightedaveragenumberofsharesoutstandingbasic": 47835000,
        "weightedaveragenumberofdilutedsharesoutstanding": 48422000,
        "othercomprehensiveincomeforeigncurrencytransactionandtranslationgainlossbeforereclassificationandtax": -16519000,
        "othercomprehensiveincomeunrealizedgainlossonderivativesarisingduringperiodbeforetax": -2378000,
        "othercomprehensiveincomelosspensionandotherpostretirementbenefitplansadjustmentbeforetax": -1920000,
        "othercomprehensiveincomelossbeforetaxportionattributabletoparent": 47735000,
        "othercomprehensiveincomelosstax": -351000,
        "comprehensiveincomenetoftax": 48086000
    },
    {
        "date": "2012-03-30",
        "symbol": "WAB",
        "period": "Q1",
        "salesrevenuenet": -41394000,
        "costofgoodsandservicessold": -16974000,
        "grossprofit": -24420000,
        "sellinggeneralandadministrativeexpense": 62029000,
        "researchanddevelopmentexpense": 10149000,
        "amortizationofdeferredcharges": 3093000,
        "operatingexpenses": 17201000,
        "operatingincomeloss": -24420000,
        "interestincomeexpensenet": -5462000,
        "othernonoperatingincomeexpense": 7832000,
        "incomelossfromcontinuingoperationsbeforeincometaxesminorityinterestandincomelossfromequitymethodinvestments": -130505000,
        "incometaxexpensebenefit": 19551000,
        "netincomeloss": -130505000,
        "earningspersharebasic": 1.24,
        "earningspersharediluted": 1.22,
        "weightedaveragenumberofsharesoutstandingbasic": 47707000,
        "weightedaveragenumberofdilutedsharesoutstanding": 48341000,
        "othercomprehensiveincomeforeigncurrencytransactionandtranslationgainlossbeforereclassificationandtax": 10901000,
        "othercomprehensiveincomeunrealizedgainlossonderivativesarisingduringperiodbeforetax": 217000,
        "othercomprehensiveincomedefinedbenefitplansadjustmentbeforetaxperiodincreasedecrease": 366000,
        "othercomprehensiveincomelossbeforetaxportionattributabletoparent": 70745000,
        "othercomprehensiveincomelosstax": 259000,
        "comprehensiveincomenetoftax": 70486000
    },
    {
        "date": "2011-09-29",
        "symbol": "WAB",
        "period": "Q3",
        "salesrevenuenet": -517133000,
        "costofgoodsandservicessold": -349944000,
        "grossprofit": -167189000,
        "sellinggeneralandadministrativeexpense": 57676000,
        "researchanddevelopmentexpense": 9894000,
        "amortizationofdeferredcharges": 4128000,
        "operatingexpenses": -36715000,
        "operatingincomeloss": -100371000,
        "interestincomeexpensenet": -7224000,
        "othernonoperatingincomeexpense": 6934000,
        "incomelossfromcontinuingoperationsbeforeincometaxesminorityinterestandincomelossfromequitymethodinvestments": -276238000,
        "incometaxexpensebenefit": 7073000,
        "netincomeloss": -254037000,
        "earningspersharebasic": 0.9800000000000001,
        "earningspersharediluted": 0.9600000000000001,
        "weightedaveragenumberofsharesoutstandingbasic": -47861000,
        "weightedaveragenumberofdilutedsharesoutstanding": -48387000
    },
    {
        "date": "2011-06-29",
        "symbol": "WAB",
        "period": "Q2",
        "salesrevenuenet": -38217000,
        "costofgoodsandservicessold": -15217000,
        "grossprofit": -23000000,
        "sellinggeneralandadministrativeexpense": 73943000,
        "researchanddevelopmentexpense": 9132000,
        "amortizationofdeferredcharges": 3307000,
        "operatingexpenses": 33899000,
        "operatingincomeloss": -23000000,
        "interestincomeexpensenet": -5593000,
        "othernonoperatingincomeexpense": 173000,
        "incomelossfromcontinuingoperationsbeforeincometaxesminorityinterestandincomelossfromequitymethodinvestments": -124671000,
        "incometaxexpensebenefit": 4014000,
        "netincomeloss": -124671000,
        "earningspersharebasic": 0.75,
        "earningspersharediluted": 0.75,
        "weightedaveragenumberofsharesoutstandingbasic": 47950000,
        "weightedaveragenumberofdilutedsharesoutstanding": 48463000
    },
    {
        "date": "2011-03-30",
        "symbol": "WAB",
        "period": "Q1",
        "salesrevenuenet": 455259000,
        "costofgoodsandservicessold": 322064000,
        "grossprofit": 133195000,
        "sellinggeneralandadministrativeexpense": 54816000,
        "researchanddevelopmentexpense": 8888000,
        "amortizationofdeferredcharges": 3114000,
        "operatingexpenses": 66818000,
        "operatingincomeloss": 66377000,
        "interestincomeexpensenet": -3684000,
        "othernonoperatingincomeexpense": 460000,
        "incomelossfromcontinuingoperationsbeforeincometaxesminorityinterestandincomelossfromequitymethodinvestments": 63153000,
        "incometaxexpensebenefit": 22201000,
        "netincomeloss": 40952000,
        "earningspersharebasic": 0.85,
        "earningspersharediluted": 0.85,
        "weightedaveragenumberofsharesoutstandingbasic": 47738000,
        "weightedaveragenumberofdilutedsharesoutstanding": 48251000
    },
    {
        "date": "2010-09-29",
        "symbol": "WAB",
        "period": "Q3",
        "salesrevenuenet": 375707000,
        "costofgoodsandservicessold": 266470000,
        "grossprofit": 109237000,
        "sellinggeneralandadministrativeexpense": 46604000,
        "researchanddevelopmentexpense": 9362000,
        "amortizationofdeferredcharges": 2638000,
        "operatingexpenses": 58604000,
        "operatingincomeloss": 50633000,
        "interestincomeexpensenet": -3996000,
        "othernonoperatingincomeexpense": -791000,
        "incomelossfromcontinuingoperationsbeforeincometaxesminorityinterestandincomelossfromequitymethodinvestments": 45846000,
        "incometaxexpensebenefit": 15302000,
        "netincomeloss": 30544000,
        "earningspersharebasic": 0.64,
        "earningspersharediluted": 0.63,
        "weightedaveragenumberofsharesoutstandingbasic": 47677000,
        "weightedaveragenumberofdilutedsharesoutstanding": 48064000
    },
    {
        "date": "2010-06-29",
        "symbol": "WAB",
        "period": "Q2",
        "salesrevenuenet": 374137000,
        "costofgoodsandservicessold": 260673000,
        "grossprofit": 113464000,
        "sellinggeneralandadministrativeexpense": 51243000,
        "researchanddevelopmentexpense": 10425000,
        "amortizationofdeferredcharges": 2144000,
        "operatingexpenses": 63812000,
        "operatingincomeloss": 49652000,
        "interestincomeexpensenet": -4092000,
        "othernonoperatingincomeexpense": 1086000,
        "incomelossfromcontinuingoperationsbeforeincometaxesminorityinterestandincomelossfromequitymethodinvestments": 46646000,
        "incometaxexpensebenefit": 15435000,
        "netincomeloss": 31211000,
        "earningspersharebasic": 0.65,
        "earningspersharediluted": 0.65,
        "weightedaveragenumberofsharesoutstandingbasic": 47725000,
        "weightedaveragenumberofdilutedsharesoutstanding": 48089000
    }
]