[
    {
        "date": "2024-09-29",
        "symbol": "WST",
        "period": "Q3",
        "revenuefromcontractwithcustomerexcludingassessedtax": 746900000,
        "costofgoodsandservicessold": 700000,
        "grossprofit": 264700000,
        "researchanddevelopmentexpense": 15500000,
        "sellinggeneralandadministrativeexpense": 83500000,
        "otherincomeexpense": -4400000,
        "operatingincomeloss": 161300000,
        "interestexpense": 700000,
        "investmentincomenet": 4600000,
        "othernonoperatingincomeexpense": -700000,
        "incomelossfromcontinuingoperationsbeforeincometaxesminorityinterestandincomelossfromequitymethodinvestments": 300000,
        "incometaxexpensebenefit": 32400000,
        "incomelossfromequitymethodinvestments": 3900000,
        "netincomeloss": 136000000,
        "earningspersharebasic": 1.87,
        "earningspersharediluted": 1.85,
        "weightedaveragenumberofsharesoutstandingbasic": 72800000,
        "weightedaveragenumberofdilutedsharesoutstanding": 73400000,
        "othercomprehensiveincomeforeigncurrencytransactionandtranslationadjustmentnetoftaxportionattributabletoparent": 74700000,
        "othercomprehensiveincomedefinedbenefitplansadjustmentnetoftaxportionattributabletoparent": 800000,
        "ociequitymethodinvestmentaftertaxparent": 200000,
        "othercomprehensiveincomelossderivativeexcludedcomponentincreasedecreaseafteradjustmentsandtax": 6500000,
        "othercomprehensiveincomelossnetoftaxportionattributabletoparent": 80600000,
        "comprehensiveincomenetoftax": 216600000,
        "othercomprehensiveincomeforeigncurrencytranslationadjustmenttaxportionattributabletoparent": -2500000,
        "othercomprehensiveincomedefinedbenefitplanstaxportionattributabletoparent": -200000,
        "othercomprehensiveincomelossderivativeexcludedcomponentincreasedecreaseadjustmentstax": 1100000
    },
    {
        "date": "2024-06-29",
        "symbol": "WST",
        "period": "Q2",
        "revenuefromcontractwithcustomerexcludingassessedtax": 702100000,
        "costofgoodsandservicessold": 472100000,
        "grossprofit": 230000000,
        "researchanddevelopmentexpense": 17500000,
        "sellinggeneralandadministrativeexpense": 83000000,
        "otherincomeexpense": -3300000,
        "operatingincomeloss": 126200000,
        "interestexpensenonoperating": 1500000,
        "investmentincomenet": 4000000,
        "incomelossfromcontinuingoperationsbeforeincometaxesminorityinterestandincomelossfromequitymethodinvestments": 128700000,
        "incometaxexpensebenefit": 21900000,
        "incomelossfromequitymethodinvestments": 4500000,
        "netincomeloss": 111300000,
        "earningspersharebasic": 1.52,
        "earningspersharediluted": 1.51,
        "weightedaveragenumberofsharesoutstandingbasic": 73000000,
        "weightedaveragenumberofdilutedsharesoutstanding": 73700000,
        "othercomprehensiveincomeforeigncurrencytransactionandtranslationadjustmentnetoftaxportionattributabletoparent": -21700000,
        "othercomprehensiveincomedefinedbenefitplansadjustmentnetoftaxportionattributabletoparent": 200000,
        "ociequitymethodinvestmentaftertaxparent": -100000,
        "othercomprehensiveincomelossderivativeexcludedcomponentincreasedecreaseafteradjustmentsandtax": -2600000,
        "othercomprehensiveincomelossnetoftaxportionattributabletoparent": -24600000,
        "comprehensiveincomenetoftax": 86700000,
        "othercomprehensiveincomeforeigncurrencytranslationadjustmenttaxportionattributabletoparent": 700000,
        "othercomprehensiveincomedefinedbenefitplanstaxportionattributabletoparent": 100000,
        "othercomprehensiveincomelossderivativeexcludedcomponentincreasedecreaseadjustmentstax": 300000
    },
    {
        "date": "2023-06-29",
        "symbol": "WST",
        "period": "Q2",
        "revenuefromcontractwithcustomerexcludingassessedtax": 753800000,
        "costofgoodsandservicessold": 462400000,
        "grossprofit": 291400000,
        "researchanddevelopmentexpense": 16500000,
        "sellinggeneralandadministrativeexpense": 88400000,
        "otherincomeexpense": -4000000,
        "operatingincomeloss": 182500000,
        "interestexpense": 2700000,
        "investmentincomenet": 5000000,
        "othernonoperatingincomeexpense": 100000,
        "incomelossfromcontinuingoperationsbeforeincometaxesminorityinterestandincomelossfromequitymethodinvestments": 184900000,
        "incometaxexpensebenefit": 34800000,
        "incomelossfromequitymethodinvestments": 5000000,
        "netincomeloss": 155100000,
        "earningspersharebasic": 2.08,
        "earningspersharediluted": 2.06,
        "weightedaveragenumberofsharesoutstandingbasic": 74300000,
        "weightedaveragenumberofdilutedsharesoutstanding": 75400000,
        "othercomprehensiveincomeforeigncurrencytransactionandtranslationadjustmentnetoftaxportionattributabletoparent": -11300000,
        "othercomprehensiveincomedefinedbenefitplansadjustmentnetoftaxportionattributabletoparent": 900000,
        "othercomprehensiveincomelossavailableforsalesecuritiesadjustmentnetoftax": -100000,
        "othercomprehensiveincomelossderivativeexcludedcomponentincreasedecreaseafteradjustmentsandtax": -2800000,
        "othercomprehensiveincomelossnetoftaxportionattributabletoparent": -15100000,
        "comprehensiveincomenetoftax": 140000000,
        "othercomprehensiveincomeforeigncurrencytranslationadjustmenttaxportionattributabletoparent": 1300000,
        "othercomprehensiveincomedefinedbenefitplanstaxportionattributabletoparent": 300000,
        "othercomprehensiveincomelossderivativeexcludedcomponentincreasedecreaseadjustmentstax": -1000000
    },
    {
        "date": "2023-03-30",
        "symbol": "WST",
        "period": "Q1",
        "revenuefromcontractwithcustomerexcludingassessedtax": 716600000,
        "costofgoodsandservicessold": 445300000,
        "grossprofit": 271300000,
        "researchanddevelopmentexpense": 17100000,
        "sellinggeneralandadministrativeexpense": 86000000,
        "otherincomeexpense": -12900000,
        "operatingincomeloss": 155300000,
        "interestexpense": 2200000,
        "investmentincomenet": 4800000,
        "incomelossfromcontinuingoperationsbeforeincometaxesminorityinterestandincomelossfromequitymethodinvestments": 157900000,
        "incometaxexpensebenefit": 23600000,
        "incomelossfromequitymethodinvestments": 5700000,
        "netincomeloss": 140000000,
        "earningspersharebasic": 1.88,
        "earningspersharediluted": 1.85,
        "weightedaveragenumberofsharesoutstandingbasic": 74500000,
        "weightedaveragenumberofdilutedsharesoutstanding": 75700000,
        "othercomprehensiveincomeforeigncurrencytransactionandtranslationadjustmentnetoftaxportionattributabletoparent": 15300000,
        "othercomprehensiveincomedefinedbenefitplansadjustmentnetoftaxportionattributabletoparent": 500000,
        "othercomprehensiveincomelosscashflowhedgegainlossafterreclassificationandtaxparent": -200000,
        "othercomprehensiveincomelossnetoftaxportionattributabletoparent": 14600000,
        "comprehensiveincomenetoftax": 154600000,
        "othercomprehensiveincomeforeigncurrencytranslationadjustmenttaxportionattributabletoparent": 200000,
        "othercomprehensiveincomedefinedbenefitplanstaxportionattributabletoparent": 200000,
        "othercomprehensiveincomelosscashflowhedgegainlossafterreclassificationtaxparent": -100000
    },
    {
        "date": "2022-12-30",
        "symbol": "WST",
        "period": "Q4",
        "revenuefromcontractwithcustomerexcludingassessedtax": 708700000,
        "costofgoodsandservicessold": 446600000,
        "grossprofit": 262100000,
        "researchanddevelopmentexpense": 15900000,
        "sellinggeneralandadministrativeexpense": 85700000,
        "otherincomeexpense": -30800000,
        "operatingincomeloss": 129700000,
        "interestexpense": 1700000,
        "investmentincomenet": 2900000,
        "incomelossfromcontinuingoperationsbeforeincometaxesminorityinterestandincomelossfromequitymethodinvestments": 128700000,
        "incometaxexpensebenefit": 28900000,
        "incomelossfromequitymethodinvestments": 3200000,
        "netincomeloss": 103000000,
        "earningspersharebasic": 1.38,
        "earningspersharediluted": 1.37,
        "othercomprehensiveincomeforeigncurrencytransactionandtranslationadjustmentnetoftaxportionattributabletoparent": 115200000,
        "othercomprehensiveincomelossnetoftaxportionattributabletoparent": 125500000,
        "comprehensiveincomenetoftax": 228500000
    },
    {
        "date": "2022-09-29",
        "symbol": "WST",
        "period": "Q3",
        "revenuefromcontractwithcustomerexcludingassessedtax": 686900000,
        "costofgoodsandservicessold": 418900000,
        "grossprofit": 268000000,
        "researchanddevelopmentexpense": 13600000,
        "sellinggeneralandadministrativeexpense": 66300000,
        "otherincomeexpense": -1900000,
        "operatingincomeloss": 186200000,
        "interestexpense": 2200000,
        "investmentincomenet": 1500000,
        "incomelossfromcontinuingoperationsbeforeincometaxesminorityinterestandincomelossfromequitymethodinvestments": 136200000,
        "incometaxexpensebenefit": 20400000,
        "incomelossfromequitymethodinvestments": 4800000,
        "netincomeloss": 120600000,
        "earningspersharebasic": 1.62,
        "earningspersharediluted": 1.5900000000000007,
        "weightedaveragenumberofdilutedsharesoutstanding": 0,
        "othercomprehensiveincomeforeigncurrencytransactionandtranslationadjustmentnetoftaxportionattributabletoparent": -76000000,
        "othercomprehensiveincomedefinedbenefitplansadjustmentnetoftaxportionattributabletoparent": -13600000,
        "othercomprehensiveincomelossnetoftaxportionattributabletoparent": -62600000,
        "comprehensiveincomenetoftax": 58000000,
        "othercomprehensiveincomedefinedbenefitplanstaxportionattributabletoparent": 14600000
    },
    {
        "date": "2022-06-29",
        "symbol": "WST",
        "period": "Q2",
        "revenuefromcontractwithcustomerexcludingassessedtax": 771300000,
        "costofgoodsandservicessold": 449800000,
        "grossprofit": 321500000,
        "researchanddevelopmentexpense": 14400000,
        "sellinggeneralandadministrativeexpense": 81500000,
        "otherincomeexpense": 2800000,
        "operatingincomeloss": 228400000,
        "interestexpense": 1800000,
        "investmentincomenet": 400000,
        "incomelossfromcontinuingoperationsbeforeincometaxesminorityinterestandincomelossfromequitymethodinvestments": 227200000,
        "incometaxexpensebenefit": 44200000,
        "incomelossfromequitymethodinvestments": 5500000,
        "netincomeloss": 188500000,
        "earningspersharebasic": 2.5300000000000002,
        "earningspersharediluted": 2.4799999999999995,
        "weightedaveragenumberofsharesoutstandingbasic": 0,
        "weightedaveragenumberofdilutedsharesoutstanding": -100000,
        "othercomprehensiveincomeforeigncurrencytransactionandtranslationadjustmentnetoftaxportionattributabletoparent": -64400000,
        "othercomprehensiveincomedefinedbenefitplansadjustmentnetoftaxportionattributabletoparent": -1900000,
        "othercomprehensiveincomelossnetoftaxportionattributabletoparent": -63500000,
        "comprehensiveincomenetoftax": 125000000,
        "othercomprehensiveincomedefinedbenefitplanstaxportionattributabletoparent": 1200000
    },
    {
        "date": "2022-03-30",
        "symbol": "WST",
        "period": "Q1",
        "revenuefromcontractwithcustomerexcludingassessedtax": 720000000,
        "costofgoodsandservicessold": 435400000,
        "grossprofit": 284600000,
        "researchanddevelopmentexpense": 14600000,
        "sellinggeneralandadministrativeexpense": 83400000,
        "otherincomeexpense": 3100000,
        "operatingincomeloss": 189700000,
        "interestexpense": 2200000,
        "investmentincomenet": 300000,
        "incomelossfromcontinuingoperationsbeforeincometaxesminorityinterestandincomelossfromequitymethodinvestments": 187800000,
        "incometaxexpensebenefit": 21200000,
        "incomelossfromequitymethodinvestments": 7200000,
        "netincomeloss": 173800000,
        "earningspersharebasic": 2.34,
        "earningspersharediluted": 2.29,
        "weightedaveragenumberofsharesoutstandingbasic": 74400000,
        "weightedaveragenumberofdilutedsharesoutstanding": 76000000,
        "othercomprehensiveincomeforeigncurrencytransactionandtranslationadjustmentnetoftaxportionattributabletoparent": -22100000,
        "othercomprehensiveincomedefinedbenefitplansadjustmentnetoftaxportionattributabletoparent": -900000,
        "othercomprehensiveincomelosscashflowhedgegainlossafterreclassificationandtaxparent": -1600000,
        "othercomprehensiveincomelossnetoftaxportionattributabletoparent": -22800000,
        "comprehensiveincomenetoftax": 151000000,
        "othercomprehensiveincomedefinedbenefitplanstaxportionattributabletoparent": -300000,
        "othercomprehensiveincomelosscashflowhedgegainlossafterreclassificationtaxparent": -800000
    },
    {
        "date": "2021-12-30",
        "symbol": "WST",
        "period": "Q4",
        "revenuefromcontractwithcustomerexcludingassessedtax": 730800000,
        "costofgoodsandservicessold": 430200000,
        "grossprofit": 300600000,
        "researchanddevelopmentexpense": 13700000,
        "sellinggeneralandadministrativeexpense": 98000000,
        "otherincomeexpense": -4900000,
        "operatingincomeloss": 184000000,
        "interestexpense": 2600000,
        "investmentincomenet": 300000,
        "othernonoperatingincomeexpense": 200000,
        "incomelossfromcontinuingoperationsbeforeincometaxesminorityinterestandincomelossfromequitymethodinvestments": 181900000,
        "incometaxexpensebenefit": 34200000,
        "incomelossfromequitymethodinvestments": 0,
        "netincomeloss": 147700000,
        "earningspersharebasic": 1.9500000000000006,
        "earningspersharediluted": 1.8999999999999992,
        "weightedaveragenumberofsharesoutstandingbasic": -147600000,
        "weightedaveragenumberofdilutedsharesoutstanding": -151200000,
        "othercomprehensiveincomeforeigncurrencytransactionandtranslationadjustmentnetoftaxportionattributabletoparent": -12400000,
        "othercomprehensiveincomelossnetoftaxportionattributabletoparent": -3900000,
        "comprehensiveincomenetoftax": 143800000
    },
    {
        "date": "2021-09-29",
        "symbol": "WST",
        "period": "Q3",
        "revenuefromcontractwithcustomerexcludingassessedtax": 706500000,
        "costofgoodsandservicessold": 418300000,
        "grossprofit": 288200000,
        "researchanddevelopmentexpense": 13100000,
        "sellinggeneralandadministrativeexpense": 91900000,
        "otherincomeexpense": -1800000,
        "operatingincomeloss": 181400000,
        "interestexpense": 1800000,
        "investmentincomenet": 400000,
        "othernonoperatingincomeexpense": 1100000,
        "incomelossfromcontinuingoperationsbeforeincometaxesminorityinterestandincomelossfromequitymethodinvestments": 181100000,
        "incometaxexpensebenefit": 12000000,
        "incomelossfromequitymethodinvestments": 6500000,
        "netincomeloss": 175600000,
        "earningspersharebasic": 2.37,
        "earningspersharediluted": 2.31,
        "weightedaveragenumberofsharesoutstandingbasic": 74100000,
        "weightedaveragenumberofdilutedsharesoutstanding": 76000000,
        "othercomprehensiveincomeforeigncurrencytransactionandtranslationadjustmentnetoftaxportionattributabletoparent": -24200000,
        "othercomprehensiveincomedefinedbenefitplansadjustmentnetoftaxportionattributabletoparent": -400000,
        "othercomprehensiveincomelossderivativeexcludedcomponentincreasedecreaseafteradjustmentsandtax": 1300000,
        "othercomprehensiveincomelossnetoftaxportionattributabletoparent": -22500000,
        "comprehensiveincomenetoftax": 153100000,
        "othercomprehensiveincomedefinedbenefitplanstaxportionattributabletoparent": 200000,
        "othercomprehensiveincomelossderivativeexcludedcomponentincreasedecreaseadjustmentstax": -400000
    },
    {
        "date": "2021-06-29",
        "symbol": "WST",
        "period": "Q2",
        "revenuefromcontractwithcustomerexcludingassessedtax": 723600000,
        "costofgoodsandservicessold": 408500000,
        "grossprofit": 315100000,
        "researchanddevelopmentexpense": 13800000,
        "sellinggeneralandadministrativeexpense": 92700000,
        "otherincomeexpense": 2700000,
        "operatingincomeloss": 211300000,
        "interestexpense": 1900000,
        "investmentincomenet": 200000,
        "othernonoperatingincomeexpense": 1400000,
        "incomelossfromcontinuingoperationsbeforeincometaxesminorityinterestandincomelossfromequitymethodinvestments": 211000000,
        "incometaxexpensebenefit": 32300000,
        "incomelossfromequitymethodinvestments": 8600000,
        "netincomeloss": 187300000,
        "earningspersharebasic": 2.53,
        "earningspersharediluted": 2.47,
        "weightedaveragenumberofsharesoutstandingbasic": 74000000,
        "weightedaveragenumberofdilutedsharesoutstanding": 75700000,
        "othercomprehensiveincomeforeigncurrencytransactionandtranslationadjustmentnetoftaxportionattributabletoparent": 5700000,
        "othercomprehensiveincomedefinedbenefitplansadjustmentnetoftaxportionattributabletoparent": -100000,
        "othercomprehensiveincomelossderivativeexcludedcomponentincreasedecreaseafteradjustmentsandtax": 1200000,
        "othercomprehensiveincomelossnetoftaxportionattributabletoparent": 7000000,
        "comprehensiveincomenetoftax": 194300000,
        "othercomprehensiveincomelossderivativeexcludedcomponentincreasedecreaseadjustmentstax": 800000
    },
    {
        "date": "2021-03-30",
        "symbol": "WST",
        "period": "Q1",
        "revenuefromcontractwithcustomerexcludingassessedtax": 670700000,
        "costofgoodsandservicessold": 398800000,
        "grossprofit": 271900000,
        "researchanddevelopmentexpense": 12200000,
        "sellinggeneralandadministrativeexpense": 80200000,
        "otherincomeexpense": -3900000,
        "operatingincomeloss": 175600000,
        "interestexpense": 1900000,
        "investmentincomenet": 100000,
        "othernonoperatingincomeexpense": 1100000,
        "incomelossfromcontinuingoperationsbeforeincometaxesminorityinterestandincomelossfromequitymethodinvestments": 174900000,
        "incometaxexpensebenefit": 28700000,
        "incomelossfromequitymethodinvestments": 5000000,
        "netincomeloss": 151200000,
        "earningspersharebasic": 2.04,
        "earningspersharediluted": 1.99,
        "weightedaveragenumberofsharesoutstandingbasic": 73900000,
        "weightedaveragenumberofdilutedsharesoutstanding": 75800000,
        "othercomprehensiveincomeforeigncurrencytransactionandtranslationadjustmentnetoftaxportionattributabletoparent": -28400000,
        "othercomprehensiveincomedefinedbenefitplansadjustmentnetoftaxportionattributabletoparent": -600000,
        "othercomprehensiveincomelosscashflowhedgegainlossafterreclassificationandtaxparent": -1800000,
        "othercomprehensiveincomelossnetoftaxportionattributabletoparent": -29600000,
        "comprehensiveincomenetoftax": 121600000,
        "othercomprehensiveincomedefinedbenefitplanstaxportionattributabletoparent": -200000,
        "othercomprehensiveincomelosscashflowhedgegainlossafterreclassificationtaxparent": -700000
    },
    {
        "date": "2020-12-30",
        "symbol": "WST",
        "period": "Q4",
        "costofgoodsandservicessold": 369100000,
        "grossprofit": 211100000,
        "researchanddevelopmentexpense": 12900000,
        "sellinggeneralandadministrativeexpense": 76300000,
        "otherincomeexpense": -5800000,
        "operatingincomeloss": 116100000,
        "interestexpense": 2100000,
        "investmentincomenet": 200000,
        "othernonoperatingincomeexpense": 300000,
        "incomelossfromcontinuingoperationsbeforeincometaxesminorityinterestandincomelossfromequitymethodinvestments": 115100000,
        "incometaxexpensebenefit": 20400000,
        "incomelossfromequitymethodinvestments": 3700000,
        "earningspersharebasic": 1.3199999999999992,
        "earningspersharediluted": 1.2800000000000005,
        "weightedaveragenumberofsharesoutstandingbasic": -147700000,
        "weightedaveragenumberofdilutedsharesoutstanding": -151000000
    },
    {
        "date": "2020-09-29",
        "symbol": "WST",
        "period": "Q3",
        "revenuefromcontractwithcustomerexcludingassessedtax": 548000000,
        "costofgoodsandservicessold": 353400000,
        "grossprofit": 194600000,
        "researchanddevelopmentexpense": 12500000,
        "sellinggeneralandadministrativeexpense": 76200000,
        "otherincomeexpense": -6700000,
        "operatingincomeloss": 99200000,
        "interestexpense": 2100000,
        "investmentincomenet": 200000,
        "othernonoperatingincomeexpense": 400000,
        "incomelossfromcontinuingoperationsbeforeincometaxesminorityinterestandincomelossfromequitymethodinvestments": 97700000,
        "incometaxexpensebenefit": 21100000,
        "incomelossfromequitymethodinvestments": 5700000,
        "netincomeloss": 82300000,
        "earningspersharebasic": 1.11,
        "earningspersharediluted": 1.09,
        "weightedaveragenumberofsharesoutstandingbasic": 73900000,
        "weightedaveragenumberofdilutedsharesoutstanding": 75800000,
        "othercomprehensiveincomeforeigncurrencytransactionandtranslationadjustmentnetoftaxportionattributabletoparent": 29400000,
        "othercomprehensiveincomedefinedbenefitplansadjustmentnetoftaxportionattributabletoparent": 200000,
        "othercomprehensiveincomelosscashflowhedgegainlossafterreclassificationandtaxparent": -900000,
        "othercomprehensiveincomelossnetoftaxportionattributabletoparent": 28300000,
        "comprehensiveincomenetoftax": 110600000,
        "othercomprehensiveincomedefinedbenefitplanstaxportionattributabletoparent": -100000,
        "othercomprehensiveincomelosscashflowhedgegainlossafterreclassificationtaxparent": 200000
    },
    {
        "date": "2020-06-29",
        "symbol": "WST",
        "period": "Q2",
        "revenuefromcontractwithcustomerexcludingassessedtax": 527200000,
        "costofgoodsandservicessold": 332100000,
        "grossprofit": 195100000,
        "researchanddevelopmentexpense": 10800000,
        "sellinggeneralandadministrativeexpense": 77700000,
        "otherincomeexpense": -3000000,
        "operatingincomeloss": 103600000,
        "interestexpense": 2000000,
        "investmentincomenet": 200000,
        "othernonoperatingincomeexpense": 200000,
        "incomelossfromcontinuingoperationsbeforeincometaxesminorityinterestandincomelossfromequitymethodinvestments": 102000000,
        "incometaxexpensebenefit": 16000000,
        "incomelossfromequitymethodinvestments": 5200000,
        "netincomeloss": 91200000,
        "earningspersharebasic": 1.24,
        "earningspersharediluted": 1.21,
        "weightedaveragenumberofsharesoutstandingbasic": 73800000,
        "weightedaveragenumberofdilutedsharesoutstanding": 75500000,
        "othercomprehensiveincomeforeigncurrencytransactionandtranslationadjustmentnetoftaxportionattributabletoparent": 13000000,
        "othercomprehensiveincomedefinedbenefitplansadjustmentnetoftaxportionattributabletoparent": 5800000,
        "othercomprehensiveincomelossderivativeexcludedcomponentincreasedecreaseafteradjustmentsandtax": -2700000,
        "othercomprehensiveincomelossnetoftaxportionattributabletoparent": 4500000,
        "comprehensiveincomenetoftax": 95700000,
        "othercomprehensiveincomedefinedbenefitplanstaxportionattributabletoparent": -1700000,
        "othercomprehensiveincomelossderivativeexcludedcomponentincreasedecreaseadjustmentstax": -1500000
    },
    {
        "date": "2020-03-30",
        "symbol": "WST",
        "period": "Q1",
        "revenues": 491500000,
        "costofgoodsandservicessold": 324500000,
        "grossprofit": 167000000,
        "researchanddevelopmentexpense": 10700000,
        "sellinggeneralandadministrativeexpense": 71800000,
        "otherincomeexpense": 3500000,
        "operatingincomeloss": 88000000,
        "interestexpense": 2000000,
        "investmentincomenet": 800000,
        "othernonoperatingincomeexpense": 300000,
        "incomelossfromcontinuingoperationsbeforeincometaxesminorityinterestandincomelossfromequitymethodinvestments": 86500000,
        "incometaxexpensebenefit": 15000000,
        "incomelossfromequitymethodinvestments": 2800000,
        "profitloss": 74300000,
        "earningspersharebasic": 1.01,
        "earningspersharediluted": 0.99,
        "weightedaveragenumberofsharesoutstandingbasic": 73900000,
        "weightedaveragenumberofdilutedsharesoutstanding": 75500000,
        "othercomprehensiveincomelossforeigncurrencytransactionandtranslationadjustmentnetoftax": -47300000,
        "othercomprehensiveincomelosspensionandotherpostretirementbenefitplansadjustmentnetoftax": -2000000,
        "othercomprehensiveincomelossderivativesqualifyingashedgesnetoftax": 2600000,
        "othercomprehensiveincomelossnetoftax": -42700000,
        "comprehensiveincomenetoftaxincludingportionattributabletononcontrollinginterest": 31600000,
        "othercomprehensiveincomelosspensionandotherpostretirementbenefitplanstax": 600000,
        "othercomprehensiveincomelossderivativesqualifyingashedgestax": 1300000
    },
    {
        "date": "2019-12-30",
        "symbol": "WST",
        "period": "Q4",
        "revenues": 470600000,
        "costofgoodsandservicessold": 317400000,
        "grossprofit": 153200000,
        "researchanddevelopmentexpense": 10200000,
        "sellinggeneralandadministrativeexpense": 69000000,
        "otherincomeexpense": 4100000,
        "operatingincomeloss": 78100000,
        "interestexpense": 2100000,
        "investmentincomenet": 1300000,
        "othernonoperatingincomeexpense": 100000,
        "incomelossfromcontinuingoperationsbeforeincometaxesminorityinterestandincomelossfromequitymethodinvestments": 77400000,
        "incometaxexpensebenefit": 16500000,
        "incomelossfromequitymethodinvestments": 3000000,
        "profitloss": 63900000,
        "earningspersharebasic": 0.8599999999999999,
        "earningspersharediluted": 0.8500000000000001,
        "weightedaveragenumberofsharesoutstandingbasic": -147800000,
        "weightedaveragenumberofdilutedsharesoutstanding": -150500000,
        "othercomprehensiveincomelossforeigncurrencytransactionandtranslationadjustmentnetoftax": 25000000,
        "othercomprehensiveincomelossderivativesqualifyingashedgesnetoftax": -2100000,
        "othercomprehensiveincomelossnetoftax": 17200000,
        "comprehensiveincomenetoftaxincludingportionattributabletononcontrollinginterest": 84700000,
        "othercomprehensiveincomelossderivativesqualifyingashedgestax": -4100000
    },
    {
        "date": "2019-09-29",
        "symbol": "WST",
        "period": "Q3",
        "profitloss": 56300000,
        "othercomprehensiveincomelossforeigncurrencytransactionandtranslationadjustmentnetoftax": -23800000,
        "othercomprehensiveincomelosspensionandotherpostretirementbenefitplansadjustmentnetoftax": -2400000,
        "othercomprehensiveincomelossderivativesqualifyingashedgesnetoftax": 3200000,
        "othercomprehensiveincomelossnetoftax": -18200000,
        "comprehensiveincomenetoftaxincludingportionattributabletononcontrollinginterest": 38100000,
        "othercomprehensiveincomelosspensionandotherpostretirementbenefitplanstax": 700000,
        "othercomprehensiveincomelossderivativesqualifyingashedgestax": 1500000,
        "revenues": 456100000,
        "costofgoodsandservicessold": 308300000,
        "grossprofit": 147800000,
        "researchanddevelopmentexpense": 9300000,
        "sellinggeneralandadministrativeexpense": 64800000,
        "otherincomeexpense": -6400000,
        "operatingincomeloss": 67300000,
        "interestexpense": 2100000,
        "investmentincomenet": 1000000,
        "othernonoperatingincomeexpense": -1300000,
        "incomelossfromcontinuingoperationsbeforeincometaxesminorityinterestandincomelossfromequitymethodinvestments": 64900000,
        "incometaxexpensebenefit": 10900000,
        "incomelossfromequitymethodinvestments": 2300000,
        "earningspersharebasic": 0.76,
        "earningspersharediluted": 0.75,
        "weightedaveragenumberofsharesoutstandingbasic": 74000000,
        "weightedaveragenumberofdilutedsharesoutstanding": 75500000
    },
    {
        "date": "2019-06-29",
        "symbol": "WST",
        "period": "Q2",
        "profitloss": 66100000,
        "othercomprehensiveincomelossforeigncurrencytransactionandtranslationadjustmentnetoftax": -700000,
        "othercomprehensiveincomelosspensionandotherpostretirementbenefitplansadjustmentnetoftax": -100000,
        "othercomprehensiveincomelossderivativesqualifyingashedgesnetoftax": 1800000,
        "othercomprehensiveincomelossnetoftax": 1200000,
        "comprehensiveincomenetoftaxincludingportionattributabletononcontrollinginterest": 67300000,
        "othercomprehensiveincomelossderivativesqualifyingashedgestax": 800000,
        "revenues": 469700000,
        "costofgoodsandservicessold": 311800000,
        "grossprofit": 157900000,
        "researchanddevelopmentexpense": 9600000,
        "sellinggeneralandadministrativeexpense": 70300000,
        "otherincomeexpense": 2500000,
        "operatingincomeloss": 80500000,
        "interestexpense": 2000000,
        "investmentincomenet": 600000,
        "othernonoperatingincomeexpense": 500000,
        "incomelossfromcontinuingoperationsbeforeincometaxesminorityinterestandincomelossfromequitymethodinvestments": 79600000,
        "incometaxexpensebenefit": 15500000,
        "incomelossfromequitymethodinvestments": 2000000,
        "earningspersharebasic": 0.9,
        "earningspersharediluted": 0.88,
        "weightedaveragenumberofsharesoutstandingbasic": 73700000,
        "weightedaveragenumberofdilutedsharesoutstanding": 75100000
    },
    {
        "date": "2019-03-30",
        "symbol": "WST",
        "period": "Q1",
        "profitloss": 55400000,
        "othercomprehensiveincomelossforeigncurrencytransactionandtranslationadjustmentnetoftax": 4400000,
        "othercomprehensiveincomelosspensionandotherpostretirementbenefitplansadjustmentnetoftax": 300000,
        "othercomprehensiveincomelossderivativesqualifyingashedgesnetoftax": -3300000,
        "othercomprehensiveincomelossnetoftax": 4400000,
        "comprehensiveincomenetoftaxincludingportionattributabletononcontrollinginterest": 56200000,
        "othercomprehensiveincomelossderivativesqualifyingashedgestax": 1600000,
        "revenues": 443500000,
        "costofgoodsandservicessold": 296700000,
        "grossprofit": 146800000,
        "researchanddevelopmentexpense": 9800000,
        "sellinggeneralandadministrativeexpense": 68600000,
        "otherincomeexpense": 2300000,
        "operatingincomeloss": 70700000,
        "interestexpense": 2300000,
        "investmentincomenet": 900000,
        "othernonoperatingincomeexpense": 600000,
        "incomelossfromcontinuingoperationsbeforeincometaxesminorityinterestandincomelossfromequitymethodinvestments": 69900000,
        "incometaxexpensebenefit": 16100000,
        "incomelossfromequitymethodinvestments": 1600000,
        "earningspersharebasic": 0.75,
        "earningspersharediluted": 0.73,
        "weightedaveragenumberofsharesoutstandingbasic": 74100000,
        "weightedaveragenumberofdilutedsharesoutstanding": 75300000
    },
    {
        "date": "2018-12-30",
        "symbol": "WST",
        "period": "Q4",
        "profitloss": 52000000,
        "othercomprehensiveincomelossforeigncurrencytransactionandtranslationadjustmentnetoftax": -100000,
        "othercomprehensiveincomelossderivativesqualifyingashedgesnetoftax": 1300000,
        "othercomprehensiveincomelossnetoftax": -100000,
        "comprehensiveincomenetoftaxincludingportionattributabletononcontrollinginterest": 51600000,
        "othercomprehensiveincomelossderivativesqualifyingashedgestax": 500000,
        "costofgoodsandservicessold": 293100000,
        "grossprofit": 133200000,
        "researchanddevelopmentexpense": 9800000,
        "sellinggeneralandadministrativeexpense": 59700000,
        "otherincomeexpense": 4700000,
        "operatingincomeloss": 63700000,
        "interestexpense": 8100000,
        "investmentincomenet": 700000,
        "othernonoperatingincomeexpense": 1600000,
        "incomelossfromcontinuingoperationsbeforeincometaxesminorityinterestandincomelossfromequitymethodinvestments": 268200000,
        "incometaxexpensebenefit": 0,
        "incomelossfromequitymethodinvestments": 1100000,
        "earningspersharebasic": 0.6999999999999998,
        "earningspersharediluted": 0.6900000000000005,
        "weightedaveragenumberofsharesoutstandingbasic": 0,
        "weightedaveragenumberofdilutedsharesoutstanding": 0,
        "commonstockdividendspersharedeclared": 0.14999999999999997
    },
    {
        "date": "2018-09-29",
        "symbol": "WST",
        "period": "Q3",
        "profitloss": 111700000,
        "othercomprehensiveincomelossforeigncurrencytransactionandtranslationadjustmentnetoftax": -9500000,
        "othercomprehensiveincomelosspensionandotherpostretirementbenefitplansadjustmentnetoftax": 200000,
        "othercomprehensiveincomelossderivativesqualifyingashedgesnetoftax": -400000,
        "othercomprehensiveincomelossnetoftax": -11200000,
        "comprehensiveincomenetoftaxincludingportionattributabletononcontrollinginterest": 45100000,
        "othercomprehensiveincomelosspensionandotherpostretirementbenefitplanstax": 0,
        "othercomprehensiveincomelossderivativesqualifyingashedgestax": -100000,
        "costofgoodsandservicessold": 291700000,
        "grossprofit": 135600000,
        "researchanddevelopmentexpense": 10000000,
        "sellinggeneralandadministrativeexpense": 64900000,
        "otherincomeexpense": 500000,
        "operatingincomeloss": 77600000,
        "interestexpense": -1700000,
        "investmentincomenet": 500000,
        "othernonoperatingincomeexpense": 1800000,
        "incomelossfromcontinuingoperationsbeforeincometaxesminorityinterestandincomelossfromequitymethodinvestments": -55000000,
        "incometaxexpensebenefit": -12800000,
        "incomelossfromequitymethodinvestments": 2100000,
        "earningspersharebasic": 0.7500000000000001,
        "earningspersharediluted": 0.7199999999999999,
        "weightedaveragenumberofsharesoutstandingbasic": -73600000,
        "weightedaveragenumberofdilutedsharesoutstanding": -75100000,
        "commonstockdividendspersharedeclared": 0.14999999999999997
    },
    {
        "date": "2018-06-29",
        "symbol": "WST",
        "period": "Q2",
        "profitloss": -400000,
        "othercomprehensiveincomelossforeigncurrencytransactionandtranslationadjustmentnetoftax": -49600000,
        "othercomprehensiveincomelosspensionandotherpostretirementbenefitplansadjustmentnetoftax": -1000000,
        "othercomprehensiveincomelossderivativesqualifyingashedgesnetoftax": 700000,
        "othercomprehensiveincomelossnetoftax": -47900000,
        "comprehensiveincomenetoftaxincludingportionattributabletononcontrollinginterest": 8200000,
        "othercomprehensiveincomelosspensionandotherpostretirementbenefitplanstax": 400000,
        "othercomprehensiveincomelossderivativesqualifyingashedgestax": 300000,
        "salesrevenuenet": 346000000,
        "costofgoodsandservicessold": 305900000,
        "grossprofit": 142200000,
        "researchanddevelopmentexpense": 10900000,
        "sellinggeneralandadministrativeexpense": 70000000,
        "otherincomeexpense": -900000,
        "operatingincomeloss": 71700000,
        "interestexpense": 100000,
        "investmentincomenet": 300000,
        "othernonoperatingincomeexpense": 1700000,
        "incomelossfromcontinuingoperationsbeforeincometaxesminorityinterestandincomelossfromequitymethodinvestments": -500000,
        "incometaxexpensebenefit": -100000,
        "incomelossfromequitymethodinvestments": 2000000,
        "earningspersharebasic": 0.76,
        "earningspersharediluted": 0.75,
        "weightedaveragenumberofsharesoutstandingbasic": 73600000,
        "weightedaveragenumberofdilutedsharesoutstanding": 75000000,
        "commonstockdividendspersharedeclared": 0.14
    },
    {
        "date": "2018-03-30",
        "symbol": "WST",
        "period": "Q1",
        "profitloss": 43600000,
        "othercomprehensiveincomelossforeigncurrencytransactionandtranslationadjustmentnetoftax": 20000000,
        "othercomprehensiveincomelosspensionandotherpostretirementbenefitplansadjustmentnetoftax": 700000,
        "othercomprehensiveincomelossderivativesqualifyingashedgesnetoftax": 2200000,
        "othercomprehensiveincomelossnetoftax": 20000000,
        "comprehensiveincomenetoftaxincludingportionattributabletononcontrollinginterest": 65100000,
        "othercomprehensiveincomelosspensionandotherpostretirementbenefitplanstax": -300000,
        "othercomprehensiveincomelossderivativesqualifyingashedgestax": 800000,
        "salesrevenuenet": 415700000,
        "costofgoodsandservicessold": 281300000,
        "grossprofit": 134400000,
        "researchanddevelopmentexpense": 9600000,
        "sellinggeneralandadministrativeexpense": 68300000,
        "otherincomeexpense": -3100000,
        "operatingincomeloss": 53400000,
        "interestexpense": 1900000,
        "investmentincomenet": 600000,
        "othernonoperatingincomeexpense": 1600000,
        "incomelossfromcontinuingoperationsbeforeincometaxesminorityinterestandincomelossfromequitymethodinvestments": 53700000,
        "incometaxexpensebenefit": 12500000,
        "incomelossfromequitymethodinvestments": 2400000,
        "earningspersharebasic": 0.59,
        "earningspersharediluted": 0.58,
        "weightedaveragenumberofsharesoutstandingbasic": 73900000,
        "weightedaveragenumberofdilutedsharesoutstanding": 75500000,
        "commonstockdividendspersharedeclared": 0.14
    },
    {
        "date": "2017-12-30",
        "symbol": "WST",
        "period": "Q4",
        "profitloss": 0,
        "othercomprehensiveincomelossforeigncurrencytransactionandtranslationadjustmentnetoftax": 4100000,
        "othercomprehensiveincomelossderivativesqualifyingashedgesnetoftax": 800000,
        "othercomprehensiveincomelossnetoftax": 4100000,
        "comprehensiveincomenetoftaxincludingportionattributabletononcontrollinginterest": 13300000,
        "othercomprehensiveincomelossderivativesqualifyingashedgestax": 400000,
        "salesrevenuenet": -612000000,
        "costofgoodsandservicessold": 600000,
        "grossprofit": 128500000,
        "researchanddevelopmentexpense": 9700000,
        "sellinggeneralandadministrativeexpense": 58900000,
        "otherincomeexpense": 1100000,
        "operatingincomeloss": 54000000,
        "interestexpense": 100000,
        "investmentincomenet": 400000,
        "incomelossfromcontinuingoperationsbeforeincometaxesminorityinterestandincomelossfromequitymethodinvestments": 244600000,
        "incometaxexpensebenefit": -400000,
        "incomelossfromequitymethodinvestments": 2500000,
        "earningspersharebasic": -1.1102230246251565e-16,
        "earningspersharediluted": 0,
        "weightedaveragenumberofsharesoutstandingbasic": 100000,
        "weightedaveragenumberofdilutedsharesoutstanding": 0,
        "commonstockdividendspersharedeclared": 0.14
    },
    {
        "date": "2017-09-29",
        "symbol": "WST",
        "period": "Q3",
        "profitloss": 90300000,
        "othercomprehensiveincomelossforeigncurrencytransactionandtranslationadjustmentnetoftax": 22500000,
        "othercomprehensiveincomelosspensionandotherpostretirementbenefitplansadjustmentnetoftax": 700000,
        "othercomprehensiveincomelossavailableforsalesecuritiesadjustmentnetoftax": 0,
        "othercomprehensiveincomelossderivativesqualifyingashedgesnetoftax": -600000,
        "othercomprehensiveincomelossnetoftax": 31600000,
        "comprehensiveincomenetoftaxincludingportionattributabletononcontrollinginterest": 72200000,
        "othercomprehensiveincomelosspensionandotherpostretirementbenefitplanstax": -300000,
        "othercomprehensiveincomelossavailableforsalesecuritiestax": 0,
        "othercomprehensiveincomelossderivativesqualifyingashedgestax": -200000,
        "salesrevenuenet": 230000000,
        "costofgoodsandservicessold": -253100000,
        "grossprofit": 125000000,
        "researchanddevelopmentexpense": 9100000,
        "sellinggeneralandadministrativeexpense": 61500000,
        "otherincomeexpense": 9500000,
        "operatingincomeloss": 70600000,
        "interestexpense": -1900000,
        "investmentincomenet": 300000,
        "incomelossfromcontinuingoperationsbeforeincometaxesminorityinterestandincomelossfromequitymethodinvestments": -61200000,
        "incometaxexpensebenefit": -2600000,
        "incomelossfromequitymethodinvestments": 2100000,
        "earningspersharebasic": 0.68,
        "earningspersharediluted": 0.6699999999999999,
        "weightedaveragenumberofsharesoutstandingbasic": -73400000,
        "weightedaveragenumberofdilutedsharesoutstanding": -74900000,
        "commonstockdividendspersharedeclared": 0.14
    },
    {
        "date": "2017-06-29",
        "symbol": "WST",
        "period": "Q2",
        "profitloss": -500000,
        "othercomprehensiveincomelossforeigncurrencytransactionandtranslationadjustmentnetoftax": 36300000,
        "othercomprehensiveincomelosspensionandotherpostretirementbenefitplansadjustmentnetoftax": 800000,
        "othercomprehensiveincomelossavailableforsalesecuritiesadjustmentnetoftax": -5400000,
        "othercomprehensiveincomelossderivativesqualifyingashedgesnetoftax": -2900000,
        "othercomprehensiveincomelossnetoftax": 27200000,
        "comprehensiveincomenetoftaxincludingportionattributabletononcontrollinginterest": 66000000,
        "othercomprehensiveincomelosspensionandotherpostretirementbenefitplanstax": -300000,
        "othercomprehensiveincomelossavailableforsalesecuritiestax": -3000000,
        "othercomprehensiveincomelossderivativesqualifyingashedgestax": -1100000,
        "salesrevenuenet": 312800000,
        "costofgoodsandservicessold": 100000,
        "grossprofit": 125000000,
        "researchanddevelopmentexpense": 10000000,
        "sellinggeneralandadministrativeexpense": 60600000,
        "otherincomeexpense": -11700000,
        "operatingincomeloss": 56300000,
        "interestexpense": 100000,
        "investmentincomenet": 300000,
        "incomelossfromcontinuingoperationsbeforeincometaxesminorityinterestandincomelossfromequitymethodinvestments": -700000,
        "incometaxexpensebenefit": -200000,
        "incomelossfromequitymethodinvestments": 1000000,
        "earningspersharebasic": 0.53,
        "earningspersharediluted": 0.51,
        "weightedaveragenumberofsharesoutstandingbasic": 73900000,
        "weightedaveragenumberofdilutedsharesoutstanding": 75800000,
        "commonstockdividendspersharedeclared": 0.13
    },
    {
        "date": "2017-03-30",
        "symbol": "WST",
        "period": "Q1",
        "profitloss": 60900000,
        "othercomprehensiveincomelossforeigncurrencytransactionandtranslationadjustmentnetoftax": 5900000,
        "othercomprehensiveincomelosspensionandotherpostretirementbenefitplansadjustmentnetoftax": 100000,
        "othercomprehensiveincomelossavailableforsalesecuritiesadjustmentnetoftax": 300000,
        "othercomprehensiveincomelossderivativesqualifyingashedgesnetoftax": 1700000,
        "othercomprehensiveincomelossnetoftax": 5900000,
        "comprehensiveincomenetoftaxincludingportionattributabletononcontrollinginterest": 68700000,
        "othercomprehensiveincomelosspensionandotherpostretirementbenefitplanstax": -100000,
        "othercomprehensiveincomelossavailableforsalesecuritiestax": 100000,
        "othercomprehensiveincomelossderivativesqualifyingashedgestax": 800000,
        "salesrevenuenet": 387700000,
        "costofgoodsandservicessold": 253600000,
        "grossprofit": 134100000,
        "researchanddevelopmentexpense": 10300000,
        "sellinggeneralandadministrativeexpense": 61600000,
        "otherincomeexpense": -900000,
        "operatingincomeloss": 61300000,
        "interestexpense": 2100000,
        "investmentincomenet": 300000,
        "incomelossfromcontinuingoperationsbeforeincometaxesminorityinterestandincomelossfromequitymethodinvestments": 59500000,
        "incometaxexpensebenefit": 2200000,
        "incomelossfromequitymethodinvestments": 3600000,
        "earningspersharebasic": 0.83,
        "earningspersharediluted": 0.81,
        "weightedaveragenumberofsharesoutstandingbasic": 73300000,
        "weightedaveragenumberofdilutedsharesoutstanding": 74900000,
        "commonstockdividendspersharedeclared": 0.13
    },
    {
        "date": "2016-12-30",
        "symbol": "WST",
        "period": "Q4",
        "profitloss": 39100000,
        "othercomprehensiveincomelossforeigncurrencytransactionandtranslationadjustmentnetoftax": -34000000,
        "othercomprehensiveincomelossnetoftax": -34000000,
        "comprehensiveincomenetoftaxincludingportionattributabletononcontrollinginterest": -3900000,
        "othercomprehensiveincomelossderivativesqualifyingashedgestax": -300000,
        "salesrevenuenet": -631600000,
        "costofgoodsandservicessold": 1007800000,
        "grossprofit": 123400000,
        "researchanddevelopmentexpense": 9600000,
        "sellinggeneralandadministrativeexpense": 60900000,
        "otherincomeexpense": 1400000,
        "operatingincomeloss": 56300000,
        "interestexpense": 200000,
        "investmentincomenet": 300000,
        "incomelossfromcontinuingoperationsbeforeincometaxesminorityinterestandincomelossfromequitymethodinvestments": 243300000,
        "incometaxexpensebenefit": -100000,
        "incomelossfromequitymethodinvestments": 2000000,
        "earningspersharebasic": 0.53,
        "earningspersharediluted": 0.51,
        "weightedaveragenumberofsharesoutstandingbasic": 300000,
        "weightedaveragenumberofdilutedsharesoutstanding": 300000,
        "commonstockdividendspersharedeclared": 0.13
    },
    {
        "date": "2016-09-29",
        "symbol": "WST",
        "period": "Q3",
        "profitloss": 82700000,
        "othercomprehensiveincomelossforeigncurrencytransactionandtranslationadjustmentnetoftax": 5900000,
        "othercomprehensiveincomelosspensionandotherpostretirementbenefitplansadjustmentnetoftax": -600000,
        "othercomprehensiveincomelossderivativesqualifyingashedgesnetoftax": 0,
        "othercomprehensiveincomelossnetoftax": 3300000,
        "comprehensiveincomenetoftaxincludingportionattributabletononcontrollinginterest": 44200000,
        "othercomprehensiveincomelosspensionandotherpostretirementbenefitplanstax": 300000,
        "othercomprehensiveincomelossderivativesqualifyingashedgestax": -100000,
        "salesrevenuenet": 226800000,
        "costofgoodsandservicessold": -238700000,
        "grossprofit": 121100000,
        "researchanddevelopmentexpense": 9000000,
        "sellinggeneralandadministrativeexpense": 58300000,
        "otherincomeexpense": -2500000,
        "operatingincomeloss": 89400000,
        "interestexpense": -2400000,
        "investmentincomenet": 200000,
        "incomelossfromcontinuingoperationsbeforeincometaxesminorityinterestandincomelossfromequitymethodinvestments": -28700000,
        "incometaxexpensebenefit": -7200000,
        "incomelossfromequitymethodinvestments": 2800000,
        "earningspersharebasic": 0.51,
        "earningspersharediluted": 0.49999999999999994,
        "weightedaveragenumberofsharesoutstandingbasic": -72800000,
        "weightedaveragenumberofdilutedsharesoutstanding": -74200000,
        "commonstockdividendspersharedeclared": 0.13
    },
    {
        "date": "2016-06-29",
        "symbol": "WST",
        "period": "Q2",
        "profitloss": -300000,
        "othercomprehensiveincomelossforeigncurrencytransactionandtranslationadjustmentnetoftax": -4900000,
        "othercomprehensiveincomelosspensionandotherpostretirementbenefitplansadjustmentnetoftax": -1200000,
        "othercomprehensiveincomelossderivativesqualifyingashedgesnetoftax": 1400000,
        "othercomprehensiveincomelossnetoftax": -2300000,
        "comprehensiveincomenetoftaxincludingportionattributabletononcontrollinginterest": 42400000,
        "othercomprehensiveincomelosspensionandotherpostretirementbenefitplanstax": 400000,
        "othercomprehensiveincomelossderivativesqualifyingashedgestax": 700000,
        "salesrevenuenet": 311000000,
        "costofgoodsandservicessold": 100000,
        "grossprofit": 133300000,
        "researchanddevelopmentexpense": 8800000,
        "sellinggeneralandadministrativeexpense": 62500000,
        "otherincomeexpense": -800000,
        "operatingincomeloss": 66200000,
        "interestexpense": 100000,
        "investmentincomenet": 300000,
        "incomelossfromcontinuingoperationsbeforeincometaxesminorityinterestandincomelossfromequitymethodinvestments": -500000,
        "incometaxexpensebenefit": -200000,
        "incomelossfromequitymethodinvestments": 2200000,
        "earningspersharebasic": 0.61,
        "earningspersharediluted": 0.6,
        "weightedaveragenumberofsharesoutstandingbasic": 73300000,
        "weightedaveragenumberofdilutedsharesoutstanding": 74800000,
        "commonstockdividendspersharedeclared": 0.12
    },
    {
        "date": "2016-03-30",
        "symbol": "WST",
        "period": "Q1",
        "profitloss": 22100000,
        "othercomprehensiveincomelossforeigncurrencytransactionandtranslationadjustmentnetoftax": 14900000,
        "othercomprehensiveincomelosspensionandotherpostretirementbenefitplansadjustmentnetoftax": -400000,
        "othercomprehensiveincomelossderivativesqualifyingashedgesnetoftax": -700000,
        "othercomprehensiveincomelossnetoftax": 14900000,
        "comprehensiveincomenetoftaxincludingportionattributabletononcontrollinginterest": 36700000,
        "othercomprehensiveincomelosspensionandotherpostretirementbenefitplanstax": 200000,
        "othercomprehensiveincomelossderivativesqualifyingashedgestax": -200000,
        "salesrevenuenet": 362100000,
        "costofgoodsandservicessold": 238800000,
        "grossprofit": 123300000,
        "researchanddevelopmentexpense": 9400000,
        "sellinggeneralandadministrativeexpense": 58100000,
        "otherincomeexpense": -25800000,
        "operatingincomeloss": 30000000,
        "interestexpense": 2500000,
        "investmentincomenet": 300000,
        "incomelossfromcontinuingoperationsbeforeincometaxesminorityinterestandincomelossfromequitymethodinvestments": 27800000,
        "incometaxexpensebenefit": 6900000,
        "incomelossfromequitymethodinvestments": 1200000,
        "earningspersharebasic": 0.31,
        "earningspersharediluted": 0.3,
        "weightedaveragenumberofsharesoutstandingbasic": 72500000,
        "weightedaveragenumberofdilutedsharesoutstanding": 74100000,
        "commonstockdividendspersharedeclared": 0.12
    },
    {
        "date": "2015-12-30",
        "symbol": "WST",
        "period": "Q4",
        "profitloss": 94700000,
        "othercomprehensiveincomelossforeigncurrencytransactionandtranslationadjustmentnetoftax": -12300000,
        "othercomprehensiveincomelossderivativesqualifyingashedgesnetoftax": -300000,
        "othercomprehensiveincomelossnetoftax": -29900000,
        "comprehensiveincomenetoftaxincludingportionattributabletononcontrollinginterest": 25200000,
        "othercomprehensiveincomelossderivativesqualifyingashedgestax": 100000,
        "salesrevenuenet": -497300000,
        "costofgoodsandservicessold": 942700000,
        "grossprofit": 119600000,
        "researchanddevelopmentexpense": 10000000,
        "sellinggeneralandadministrativeexpense": 62400000,
        "otherincomeexpense": -2000000,
        "operatingincomeloss": 56500000,
        "interestexpense": 200000,
        "investmentincomenet": 300000,
        "incomelossfromcontinuingoperationsbeforeincometaxesminorityinterestandincomelossfromequitymethodinvestments": 236300000,
        "incometaxexpensebenefit": -200000,
        "incomelossfromequitymethodinvestments": 2000000,
        "earningspersharebasic": 0.46,
        "earningspersharediluted": 0.45,
        "weightedaveragenumberofsharesoutstandingbasic": -143900000,
        "weightedaveragenumberofdilutedsharesoutstanding": -147100000,
        "commonstockdividendspersharedeclared": 0.12000000000000004
    },
    {
        "date": "2015-09-29",
        "symbol": "WST",
        "period": "Q3",
        "profitloss": -31400000,
        "othercomprehensiveincomelossforeigncurrencytransactionandtranslationadjustmentnetoftax": -13500000,
        "othercomprehensiveincomelosspensionandotherpostretirementbenefitplansadjustmentnetoftax": -19700000,
        "othercomprehensiveincomelossderivativesqualifyingashedgesnetoftax": -400000,
        "othercomprehensiveincomelossnetoftax": 5800000,
        "comprehensiveincomenetoftaxincludingportionattributabletononcontrollinginterest": 7300000,
        "othercomprehensiveincomelosspensionandotherpostretirementbenefitplanstax": 11400000,
        "othercomprehensiveincomelossderivativesqualifyingashedgestax": -100000,
        "salesrevenuenet": 247200000,
        "costofgoodsandservicessold": 400000,
        "grossprofit": 108300000,
        "researchanddevelopmentexpense": 8500000,
        "sellinggeneralandadministrativeexpense": 54600000,
        "otherincomeexpense": -48700000,
        "operatingincomeloss": 56500000,
        "interestexpense": 100000,
        "investmentincomenet": 500000,
        "incomelossfromcontinuingoperationsbeforeincometaxesminorityinterestandincomelossfromequitymethodinvestments": -100000,
        "incometaxexpensebenefit": -100000,
        "incomelossfromequitymethodinvestments": 1600000,
        "earningspersharebasic": 0.02,
        "earningspersharediluted": 0.02,
        "weightedaveragenumberofsharesoutstandingbasic": 72200000,
        "weightedaveragenumberofdilutedsharesoutstanding": 73900000,
        "commonstockdividendspersharedeclared": 0.12
    },
    {
        "date": "2015-06-29",
        "symbol": "WST",
        "period": "Q2",
        "profitloss": -600000,
        "othercomprehensiveincomelossforeigncurrencytransactionandtranslationadjustmentnetoftax": 11800000,
        "othercomprehensiveincomelosspensionandotherpostretirementbenefitplansadjustmentnetoftax": 200000,
        "othercomprehensiveincomelossderivativesqualifyingashedgesnetoftax": -1500000,
        "othercomprehensiveincomelossnetoftax": 10100000,
        "comprehensiveincomenetoftaxincludingportionattributabletononcontrollinginterest": 37900000,
        "othercomprehensiveincomelosspensionandotherpostretirementbenefitplanstax": 100000,
        "othercomprehensiveincomelossderivativesqualifyingashedgestax": -400000,
        "salesrevenuenet": 259600000,
        "costofgoodsandservicessold": 500000,
        "grossprofit": 118200000,
        "researchanddevelopmentexpense": 8100000,
        "sellinggeneralandadministrativeexpense": 60800000,
        "otherincomeexpense": -10200000,
        "operatingincomeloss": 61800000,
        "interestexpense": 100000,
        "investmentincomenet": 400000,
        "incomelossfromcontinuingoperationsbeforeincometaxesminorityinterestandincomelossfromequitymethodinvestments": -200000,
        "incometaxexpensebenefit": -200000,
        "incomelossfromequitymethodinvestments": 900000,
        "earningspersharebasic": 0.39,
        "earningspersharediluted": 0.38,
        "weightedaveragenumberofsharesoutstandingbasic": 72000000,
        "weightedaveragenumberofdilutedsharesoutstanding": 73700000,
        "commonstockdividendspersharedeclared": 0.11
    },
    {
        "date": "2015-03-30",
        "symbol": "WST",
        "period": "Q1",
        "profitloss": 32900000,
        "othercomprehensiveincomelossforeigncurrencytransactionandtranslationadjustmentnetoftax": -56300000,
        "othercomprehensiveincomelosspensionandotherpostretirementbenefitplansadjustmentnetoftax": -1800000,
        "othercomprehensiveincomelossderivativesqualifyingashedgesnetoftax": 3400000,
        "othercomprehensiveincomelossnetoftax": -56300000,
        "comprehensiveincomenetoftaxincludingportionattributabletononcontrollinginterest": -18200000,
        "othercomprehensiveincomelosspensionandotherpostretirementbenefitplanstax": 800000,
        "othercomprehensiveincomelossderivativesqualifyingashedgestax": 1200000,
        "salesrevenuenet": 242500000,
        "costofgoodsandservicessold": 400000,
        "grossprofit": 109700000,
        "researchanddevelopmentexpense": 7500000,
        "sellinggeneralandadministrativeexpense": 55200000,
        "otherincomeexpense": 800000,
        "operatingincomeloss": 60900000,
        "interestexpense": -100000,
        "investmentincomenet": 400000,
        "incomelossfromcontinuingoperationsbeforeincometaxesminorityinterestandincomelossfromequitymethodinvestments": -300000,
        "incometaxexpensebenefit": -200000,
        "incomelossfromequitymethodinvestments": 1300000,
        "earningspersharebasic": 0.46,
        "earningspersharediluted": 0.45,
        "weightedaveragenumberofsharesoutstandingbasic": 71700000,
        "weightedaveragenumberofdilutedsharesoutstanding": 73300000,
        "commonstockdividendspersharedeclared": 0.11
    },
    {
        "date": "2014-12-30",
        "symbol": "WST",
        "period": "Q4",
        "profitloss": 128100000,
        "othercomprehensiveincomelossforeigncurrencytransactionandtranslationadjustmentnetoftax": -29100000,
        "othercomprehensiveincomelossderivativesqualifyingashedgesnetoftax": -100000,
        "othercomprehensiveincomelossnetoftax": -35400000,
        "comprehensiveincomenetoftaxincludingportionattributabletononcontrollinginterest": -16500000,
        "othercomprehensiveincomelossderivativesqualifyingashedgestax": 100000,
        "salesrevenuenet": -487600000,
        "costofgoodsandservicessold": -487400000,
        "grossprofit": 109700000,
        "researchanddevelopmentexpense": 7800000,
        "sellinggeneralandadministrativeexpense": 58800000,
        "otherincomeexpense": 1500000,
        "operatingincomeloss": 214700000,
        "interestexpense": 700000,
        "investmentincomenet": 800000,
        "incomelossfromcontinuingoperationsbeforeincometaxesminorityinterestandincomelossfromequitymethodinvestments": 225100000,
        "incometaxexpensebenefit": -300000,
        "incomelossfromequitymethodinvestments": 1500000,
        "earningspersharebasic": 0.43000000000000005,
        "earningspersharediluted": 0.43000000000000005,
        "weightedaveragenumberofsharesoutstandingbasic": -70800000,
        "weightedaveragenumberofdilutedsharesoutstanding": -72200000,
        "commonstockdividendspersharedeclared": 0.09999999999999998
    },
    {
        "date": "2014-09-29",
        "symbol": "WST",
        "period": "Q3",
        "profitloss": -300000,
        "othercomprehensiveincomelossforeigncurrencytransactionandtranslationadjustmentnetoftax": -38900000,
        "othercomprehensiveincomelosspensionandotherpostretirementbenefitplansadjustmentnetoftax": -1200000,
        "othercomprehensiveincomelossderivativesqualifyingashedgesnetoftax": 1100000,
        "othercomprehensiveincomelossnetoftax": -36600000,
        "comprehensiveincomenetoftaxincludingportionattributabletononcontrollinginterest": -5600000,
        "othercomprehensiveincomelosspensionandotherpostretirementbenefitplanstax": 500000,
        "othercomprehensiveincomelossderivativesqualifyingashedgestax": 400000,
        "salesrevenuenet": 251700000,
        "costofgoodsandservicessold": 200000,
        "grossprofit": 109900000,
        "researchanddevelopmentexpense": 9600000,
        "sellinggeneralandadministrativeexpense": 56000000,
        "otherincomeexpense": -300000,
        "operatingincomeloss": 4800000,
        "interestexpense": -100000,
        "investmentincomenet": 1800000,
        "incomelossfromcontinuingoperationsbeforeincometaxesminorityinterestandincomelossfromequitymethodinvestments": -600000,
        "incometaxexpensebenefit": -300000,
        "incomelossfromequitymethodinvestments": 1400000,
        "earningspersharebasic": 0.44,
        "earningspersharediluted": 0.43,
        "weightedaveragenumberofsharesoutstandingbasic": 71000000,
        "weightedaveragenumberofdilutedsharesoutstanding": 72600000,
        "commonstockdividendspersharedeclared": 0.11
    },
    {
        "date": "2014-06-29",
        "symbol": "WST",
        "period": "Q2",
        "profitloss": -200000,
        "othercomprehensiveincomelossforeigncurrencytransactionandtranslationadjustmentnetoftax": -1500000,
        "othercomprehensiveincomelosspensionandotherpostretirementbenefitplansadjustmentnetoftax": -100000,
        "othercomprehensiveincomelossderivativesqualifyingashedgesnetoftax": 500000,
        "othercomprehensiveincomelossnetoftax": 500000,
        "comprehensiveincomenetoftaxincludingportionattributabletononcontrollinginterest": 36700000,
        "othercomprehensiveincomelosspensionandotherpostretirementbenefitplanstax": 0,
        "othercomprehensiveincomelossderivativesqualifyingashedgestax": 200000,
        "salesrevenuenet": 268000000,
        "costofgoodsandservicessold": 247100000,
        "grossprofit": 121800000,
        "researchanddevelopmentexpense": 9900000,
        "sellinggeneralandadministrativeexpense": 57500000,
        "otherincomeexpense": -300000,
        "operatingincomeloss": -47900000,
        "interestexpense": -900000,
        "investmentincomenet": 500000,
        "incomelossfromcontinuingoperationsbeforeincometaxesminorityinterestandincomelossfromequitymethodinvestments": -700000,
        "incometaxexpensebenefit": -400000,
        "incomelossfromequitymethodinvestments": 1200000,
        "earningspersharebasic": 0.54,
        "earningspersharediluted": 0.51,
        "weightedaveragenumberofsharesoutstandingbasic": 100000,
        "weightedaveragenumberofdilutedsharesoutstanding": 100000,
        "commonstockdividendspersharedeclared": 0.1
    },
    {
        "date": "2014-03-30",
        "symbol": "WST",
        "period": "Q1",
        "profitloss": -500000,
        "othercomprehensiveincomelossforeigncurrencytransactionandtranslationadjustmentnetoftax": -1800000,
        "othercomprehensiveincomelosspensionandotherpostretirementbenefitplansadjustmentnetoftax": -200000,
        "othercomprehensiveincomelossderivativesqualifyingashedgesnetoftax": 200000,
        "othercomprehensiveincomelossnetoftax": 200000,
        "comprehensiveincomenetoftaxincludingportionattributabletononcontrollinginterest": 25700000,
        "othercomprehensiveincomelosspensionandotherpostretirementbenefitplanstax": 200000,
        "othercomprehensiveincomelossderivativesqualifyingashedgestax": 200000,
        "salesrevenuenet": 252900000,
        "costofgoodsandservicessold": 240400000,
        "grossprofit": 106400000,
        "researchanddevelopmentexpense": 10000000,
        "sellinggeneralandadministrativeexpense": 56400000,
        "otherincomeexpense": -700000,
        "operatingincomeloss": 51400000,
        "interestexpense": 700000,
        "investmentincomenet": 400000,
        "incomelossfromcontinuingoperationsbeforeincometaxesminorityinterestandincomelossfromequitymethodinvestments": -800000,
        "incometaxexpensebenefit": -200000,
        "incomelossfromequitymethodinvestments": 1200000,
        "earningspersharebasic": 0.38,
        "earningspersharediluted": 0.38,
        "weightedaveragenumberofsharesoutstandingbasic": 70600000,
        "weightedaveragenumberofdilutedsharesoutstanding": 72300000,
        "commonstockdividendspersharedeclared": 0.1
    },
    {
        "date": "2013-12-30",
        "symbol": "WST",
        "period": "Q4",
        "profitloss": 3000000,
        "othercomprehensiveincomelossforeigncurrencytransactionandtranslationadjustmentnetoftax": 3700000,
        "othercomprehensiveincomelossderivativesqualifyingashedgesnetoftax": 1600000,
        "othercomprehensiveincomelossnetoftax": 36500000,
        "comprehensiveincomenetoftaxincludingportionattributabletononcontrollinginterest": 60700000,
        "othercomprehensiveincomelossderivativesqualifyingashedgestax": 900000,
        "salesrevenuenet": 113700000,
        "costofgoodsandservicessold": 1300000,
        "grossprofit": 106600000,
        "researchanddevelopmentexpense": 9700000,
        "sellinggeneralandadministrativeexpense": 60000000,
        "restructuringandotheritems": 0,
        "operatingincomeloss": 6000000,
        "interestexpense": 0,
        "investmentincomenet": 500000,
        "incomelossfromcontinuingoperationsbeforeincometaxesminorityinterestandincomelossfromequitymethodinvestments": -1800000,
        "incometaxexpensebenefit": -800000,
        "incomelossfromequitymethodinvestments": 800000,
        "earningspersharebasic": 0.32999999999999996,
        "earningspersharediluted": 0.3200000000000002,
        "weightedaveragenumberofsharesoutstandingbasic": 200000,
        "weightedaveragenumberofdilutedsharesoutstanding": 500000
    },
    {
        "date": "2013-09-29",
        "symbol": "WST",
        "period": "Q3",
        "profitloss": -4600000,
        "othercomprehensiveincomelossforeigncurrencytransactionandtranslationadjustmentnetoftax": 14500000,
        "othercomprehensiveincomelosspensionandotherpostretirementbenefitplansadjustmentnetoftax": -6400000,
        "othercomprehensiveincomelossderivativesqualifyingashedgesnetoftax": 1000000,
        "othercomprehensiveincomelossnetoftax": 1000000,
        "comprehensiveincomenetoftaxincludingportionattributabletononcontrollinginterest": 48700000,
        "othercomprehensiveincomelosspensionandotherpostretirementbenefitplanstax": 4000000,
        "othercomprehensiveincomelossderivativesqualifyingashedgestax": 800000,
        "salesrevenuenet": -500000,
        "costofgoodsandservicessold": 1400000,
        "grossprofit": 105500000,
        "researchanddevelopmentexpense": 9600000,
        "sellinggeneralandadministrativeexpense": 56200000,
        "restructuringandotheritems": 100000,
        "operatingincomeloss": -100000,
        "interestexpense": 100000,
        "investmentincomenet": 400000,
        "incomelossfromcontinuingoperationsbeforeincometaxesminorityinterestandincomelossfromequitymethodinvestments": -1600000,
        "incometaxexpensebenefit": -800000,
        "incomelossfromequitymethodinvestments": 1800000,
        "earningspersharebasic": 0.3850000000000001,
        "earningspersharediluted": 0.37,
        "weightedaveragenumberofsharesoutstandingbasic": 34800000,
        "weightedaveragenumberofdilutedsharesoutstanding": 35600000
    },
    {
        "date": "2013-06-29",
        "symbol": "WST",
        "period": "Q2",
        "profitloss": -1300000,
        "othercomprehensiveincomelossforeigncurrencytransactionandtranslationadjustmentnetoftax": -700000,
        "othercomprehensiveincomelosspensionandotherpostretirementbenefitplansadjustmentnetoftax": -1100000,
        "othercomprehensiveincomelossderivativesqualifyingashedgesnetoftax": 700000,
        "othercomprehensiveincomelossnetoftax": 700000,
        "comprehensiveincomenetoftaxincludingportionattributabletononcontrollinginterest": 31300000,
        "othercomprehensiveincomelosspensionandotherpostretirementbenefitplanstax": 700000,
        "othercomprehensiveincomelossderivativesqualifyingashedgestax": 500000,
        "salesrevenuenet": -252100000,
        "costofgoodsandservicessold": 1400000,
        "grossprofit": 110900000,
        "researchanddevelopmentexpense": 9500000,
        "sellinggeneralandadministrativeexpense": 59600000,
        "restructuringandotheritems": -800000,
        "operatingincomeloss": 20000000,
        "gainslossesonextinguishmentofdebt": 0,
        "interestexpense": -400000,
        "investmentincomenet": 400000,
        "incomelossfromcontinuingoperationsbeforeincometaxesminorityinterestandincomelossfromequitymethodinvestments": -1900000,
        "incometaxexpensebenefit": -800000,
        "incomelossfromequitymethodinvestments": 1600000,
        "earningspersharebasic": -0.025000000000000022,
        "earningspersharediluted": -0.020000000000000018,
        "weightedaveragenumberofsharesoutstandingbasic": 100000,
        "weightedaveragenumberofdilutedsharesoutstanding": 200000,
        "commonstockdividendspersharedeclared": 0
    },
    {
        "date": "2013-03-30",
        "symbol": "WST",
        "period": "Q1",
        "profitloss": -1300000,
        "othercomprehensiveincomelossforeigncurrencytransactionandtranslationadjustmentnetoftax": -18400000,
        "othercomprehensiveincomelosspensionandotherpostretirementbenefitplansadjustmentnetoftax": -2100000,
        "othercomprehensiveincomelossderivativesqualifyingashedgesnetoftax": -300000,
        "othercomprehensiveincomelossnetoftax": -300000,
        "comprehensiveincomenetoftaxincludingportionattributabletononcontrollinginterest": 15100000,
        "othercomprehensiveincomelosspensionandotherpostretirementbenefitplanstax": 1100000,
        "othercomprehensiveincomelossderivativesqualifyingashedgestax": -400000,
        "salesrevenuenet": 251500000,
        "costofgoodsandservicessold": 1000000,
        "grossprofit": 111700000,
        "researchanddevelopmentexpense": 9100000,
        "sellinggeneralandadministrativeexpense": 59100000,
        "restructuringandotheritems": 200000,
        "operatingincomeloss": -16500000,
        "gainslossesonextinguishmentofdebt": -200000,
        "interestexpense": 600000,
        "investmentincomenet": 600000,
        "incomelossfromcontinuingoperationsbeforeincometaxesminorityinterestandincomelossfromequitymethodinvestments": -2000000,
        "incometaxexpensebenefit": -700000,
        "incomelossfromequitymethodinvestments": 1200000,
        "earningspersharebasic": 0.92,
        "earningspersharediluted": 0.9,
        "weightedaveragenumberofsharesoutstandingbasic": 34500000,
        "weightedaveragenumberofdilutedsharesoutstanding": 35100000,
        "commonstockdividendspersharedeclared": 0.19
    },
    {
        "date": "2012-12-30",
        "symbol": "WST",
        "period": "Q4",
        "profitloss": 21100000,
        "comprehensiveincomenetoftaxincludingportionattributabletononcontrollinginterest": 17000000,
        "salesrevenuenet": -688200000,
        "costofgoodsandservicessold": 224000000,
        "grossprofit": 97500000,
        "researchanddevelopmentexpense": 8600000,
        "sellinggeneralandadministrativeexpense": 58600000,
        "restructuringandotheritems": -1200000,
        "operatingincomeloss": 175000000,
        "interestexpense": 3500000,
        "investmentincomenet": 300000,
        "incomelossfromcontinuingoperationsbeforeincometaxesminorityinterestandincomelossfromequitymethodinvestments": 107200000,
        "incometaxexpensebenefit": 7200000,
        "incomelossfromequitymethodinvestments": 0,
        "earningspersharebasic": 0.62,
        "earningspersharediluted": 0.5999999999999999,
        "weightedaveragenumberofsharesoutstandingbasic": 0,
        "weightedaveragenumberofdilutedsharesoutstanding": -300000
    },
    {
        "date": "2012-09-29",
        "symbol": "WST",
        "period": "Q3",
        "profitloss": 14800000,
        "comprehensiveincomenetoftaxincludingportionattributabletononcontrollinginterest": 31800000,
        "salesrevenuenet": 687700000,
        "costofgoodsandservicessold": 213400000,
        "grossprofit": 90400000,
        "researchanddevelopmentexpense": 8100000,
        "sellinggeneralandadministrativeexpense": 53800000,
        "restructuringandotheritems": 2200000,
        "operatingincomeloss": 17000000,
        "interestexpense": 4300000,
        "investmentincomenet": 500000,
        "incomelossfromcontinuingoperationsbeforeincometaxesminorityinterestandincomelossfromequitymethodinvestments": 22500000,
        "incometaxexpensebenefit": 9200000,
        "incomelossfromequitymethodinvestments": 1500000,
        "earningspersharebasic": 0.43000000000000005,
        "earningspersharediluted": 0.43999999999999995,
        "weightedaveragenumberofsharesoutstandingbasic": -33900000,
        "weightedaveragenumberofdilutedsharesoutstanding": -37500000,
        "commonstockdividendspersharedeclared": 0
    },
    {
        "date": "2012-06-29",
        "symbol": "WST",
        "period": "Q2",
        "salesrevenuenet": -200000,
        "costofgoodsandservicessold": 226100000,
        "grossprofit": 98700000,
        "researchanddevelopmentexpense": 8200000,
        "sellinggeneralandadministrativeexpense": 54400000,
        "restructuringandotheritems": 500000,
        "operatingincomeloss": -3900000,
        "gainslossesonextinguishmentofdebt": -11600000,
        "interestexpense": 4600000,
        "investmentincomenet": 600000,
        "incomelossfromcontinuingoperationsbeforeincometaxesminorityinterestandincomelossfromequitymethodinvestments": 20000000,
        "incometaxexpensebenefit": 6500000,
        "incomelossfromequitymethodinvestments": 2100000,
        "profitloss": 15600000,
        "earningspersharebasic": 0.46,
        "earningspersharediluted": 0.45,
        "weightedaveragenumberofsharesoutstandingbasic": 34000000,
        "weightedaveragenumberofdilutedsharesoutstanding": 36600000,
        "commonstockdividendspersharedeclared": 0.18,
        "othercomprehensiveincomelossforeigncurrencytransactionandtranslationadjustmentnetoftax": -29400000,
        "othercomprehensiveincomelosspensionandotherpostretirementbenefitplansadjustmentnetoftax": -1500000,
        "othercomprehensiveincomelossderivativesqualifyingashedgesnetoftax": -2400000,
        "othercomprehensiveincomelossnetoftax": -30300000,
        "comprehensiveincomenetoftaxincludingportionattributabletononcontrollinginterest": -14700000,
        "othercomprehensiveincomelosspensionandotherpostretirementbenefitplanstax": 800000,
        "othercomprehensiveincomelossderivativesqualifyingashedgestax": 1500000
    },
    {
        "date": "2012-03-30",
        "symbol": "WST",
        "period": "Q1",
        "salesrevenuenet": -100000,
        "costofgoodsandservicessold": 215200000,
        "grossprofit": 101100000,
        "researchanddevelopmentexpense": 8300000,
        "sellinggeneralandadministrativeexpense": 51300000,
        "restructuringandotheritems": -200000,
        "operatingincomeloss": -600000,
        "interestexpense": 4300000,
        "investmentincomenet": 400000,
        "incomelossfromcontinuingoperationsbeforeincometaxesminorityinterestandincomelossfromequitymethodinvestments": 37800000,
        "incometaxexpensebenefit": 9800000,
        "incomelossfromequitymethodinvestments": 1200000,
        "profitloss": 29200000,
        "earningspersharebasic": 0.86,
        "earningspersharediluted": 0.81,
        "weightedaveragenumberofsharesoutstandingbasic": 33900000,
        "weightedaveragenumberofdilutedsharesoutstanding": 37100000,
        "commonstockdividendspersharedeclared": 0.18,
        "othercomprehensiveincomeforeigncurrencytransactionandtranslationadjustmentnetoftaxperiodincreasedecrease": 12200000,
        "othercomprehensiveincomedefinedbenefitplansnetunamortizedgainlossarisingduringperiodnetoftax": -300000,
        "othercomprehensiveincomereclassificationofdefinedbenefitplansnetgainlossrecognizedinnetperiodicbenefitcostnetoftax": 1300000,
        "othercomprehensiveincomeamortizationofdefinedbenefitplannetpriorservicecostrecognizedinnetperiodicpensioncostnetoftax": -200000,
        "othercomprehensiveincomelossnetoftaxperiodincreasedecrease": 13000000,
        "comprehensiveincomenetoftaxincludingportionattributabletononcontrollinginterest": 42200000,
        "othercomprehensiveincomedefinedbenefitplansnetunamortizedgainlossarisingduringperiodtax": 100000,
        "othercomprehensiveincomereclassificationofdefinedbenefitplansnetgainlossrecognizedinnetperiodicbenefitcosttax": 800000,
        "amortizationofpriorservicecredittax": 200000
    },
    {
        "date": "2011-03-30",
        "symbol": "WST",
        "period": "Q1",
        "salesrevenuenet": 295400000,
        "costofgoodsandservicessold": 207400000,
        "grossprofit": 88000000,
        "researchanddevelopmentexpense": 6900000,
        "sellinggeneralandadministrativeexpense": 50600000,
        "restructuringandotheritems": 1700000,
        "operatingincomeloss": 28800000,
        "interestexpense": 4700000,
        "investmentincomenet": 200000,
        "incomelossfromcontinuingoperationsbeforeincometaxesminorityinterestandincomelossfromequitymethodinvestments": 24300000,
        "incometaxexpensebenefit": 6100000,
        "incomelossfromequitymethodinvestments": 1400000,
        "profitloss": 19600000,
        "earningspersharebasic": 0.59,
        "earningspersharediluted": 0.56,
        "weightedaveragenumberofsharesoutstandingbasic": 33400000,
        "weightedaveragenumberofdilutedsharesoutstanding": 36800000,
        "commonstockdividendspersharedeclared": 0.17
    },
    {
        "date": "2010-06-29",
        "symbol": "WST",
        "period": "Q2",
        "salesrevenuenet": 281800000,
        "costofgoodsandservicessold": 198600000,
        "grossprofit": 83200000,
        "researchanddevelopmentexpense": 5700000,
        "sellinggeneralandadministrativeexpense": 45800000,
        "restructuringandotheritems": 1200000,
        "operatingincomeloss": 30500000,
        "interestexpense": 3900000,
        "investmentincomenet": 100000,
        "incomelossfromcontinuingoperationsbeforeincometaxesminorityinterestandincomelossfromequitymethodinvestments": 26700000,
        "incometaxexpensebenefit": 6600000,
        "incomelossfromequitymethodinvestments": 1600000,
        "profitloss": 21700000,
        "earningspersharebasic": 0.65,
        "earningspersharediluted": 0.62,
        "weightedaveragenumberofsharesoutstandingbasic": 33300000,
        "weightedaveragenumberofdilutedsharesoutstanding": 36700000,
        "commonstockdividendspersharedeclared": 0.16
    }
]