[
    {
        "date": "2024-09-28",
        "symbol": "TDY",
        "period": "Q3",
        "revenuefromcontractwithcustomerexcludingassessedtax": 1443500000,
        "costofgoodsandservicessold": 823900000,
        "sellinggeneralandadministrativeexpense": 299100000,
        "amortizationofintangibleassets": 49800000,
        "costsandexpenses": -2234800000,
        "operatingincomeloss": 270700000,
        "netperiodicdefinedbenefitsexpensereversalofexpenseexcludingservicecostcomponent": -2800000,
        "othernonoperatingincomeexpense": -2700000,
        "incomelossfromcontinuingoperationsbeforeincometaxesextraordinaryitemsnoncontrollinginterest": -465000000,
        "incometaxexpensebenefit": -99900000,
        "profitloss": 262200000,
        "netincomelossattributabletononcontrollinginterest": 200000,
        "netincomeloss": -364400000,
        "earningspersharebasic": 5.59,
        "weightedaveragenumberofsharesoutstandingbasic": 47100000,
        "earningspersharediluted": 5.52,
        "weightedaveragenumberofdilutedsharesoutstanding": 47700000,
        "othercomprehensiveincomeforeigncurrencytransactionandtranslationadjustmentnetoftaxportionattributabletoparent": 136200000,
        "othercomprehensiveincomelosscashflowhedgegainlossafterreclassificationandtax": 0,
        "othercomprehensiveincomedefinedbenefitplansadjustmentnetoftaxportionattributabletoparent": -1500000,
        "othercomprehensiveincomelossnetoftax": 137700000,
        "comprehensiveincomenetoftaxincludingportionattributabletononcontrollinginterest": 399900000,
        "comprehensiveincomenetoftaxattributabletononcontrollinginterest": 200000,
        "comprehensiveincomenetoftax": 399700000
    },
    {
        "date": "2024-06-29",
        "symbol": "TDY",
        "period": "Q2",
        "revenuefromcontractwithcustomerexcludingassessedtax": 1374100000,
        "costofgoodsandservicessold": 781500000,
        "sellinggeneralandadministrativeexpense": 296500000,
        "amortizationofintangibleassets": 49100000,
        "costsandexpenses": 1127100000,
        "operatingincomeloss": 247000000,
        "interestexpensenonoperating": 15800000,
        "netperiodicdefinedbenefitsexpensereversalofexpenseexcludingservicecostcomponent": -2700000,
        "othernonoperatingincomeexpense": -2200000,
        "incomelossfromcontinuingoperationsbeforeincometaxesextraordinaryitemsnoncontrollinginterest": 231700000,
        "incometaxexpensebenefit": 51400000,
        "profitloss": 180300000,
        "netincomelossattributabletononcontrollinginterest": 100000,
        "netincomeloss": 180200000,
        "earningspersharebasic": 3.82,
        "weightedaveragenumberofsharesoutstandingbasic": 47200000,
        "earningspersharediluted": 3.77,
        "weightedaveragenumberofdilutedsharesoutstanding": 47800000,
        "othercomprehensiveincomeforeigncurrencytransactionandtranslationadjustmentnetoftaxportionattributabletoparent": -5800000,
        "othercomprehensiveincomelosscashflowhedgegainlossafterreclassificationandtax": -2300000,
        "othercomprehensiveincomedefinedbenefitplansadjustmentnetoftaxportionattributabletoparent": -2100000,
        "othercomprehensiveincomelossnetoftax": -6000000,
        "comprehensiveincomenetoftaxincludingportionattributabletononcontrollinginterest": 174300000,
        "comprehensiveincomenetoftaxattributabletononcontrollinginterest": 100000,
        "comprehensiveincomenetoftax": 174200000
    },
    {
        "date": "2024-03-30",
        "symbol": "TDY",
        "period": "Q1",
        "revenuefromcontractwithcustomerexcludingassessedtax": 1350100000,
        "costofgoodsandservicessold": 770200000,
        "sellinggeneralandadministrativeexpense": 296200000,
        "amortizationofintangibleassets": 49400000,
        "costsandexpenses": 1115800000,
        "operatingincomeloss": 234300000,
        "interestexpense": 12700000,
        "netperiodicdefinedbenefitsexpensereversalofexpenseexcludingservicecostcomponent": -2700000,
        "othernonoperatingincomeexpense": 1200000,
        "incomelossfromcontinuingoperationsbeforeincometaxesextraordinaryitemsnoncontrollinginterest": 225500000,
        "incometaxexpensebenefit": 46400000,
        "profitloss": 179100000,
        "netincomelossattributabletononcontrollinginterest": 600000,
        "netincomeloss": 178500000,
        "earningspersharebasic": 3.77,
        "weightedaveragenumberofsharesoutstandingbasic": 47300000,
        "earningspersharediluted": 3.72,
        "weightedaveragenumberofdilutedsharesoutstanding": 48000000,
        "othercomprehensiveincomeforeigncurrencytransactionandtranslationadjustmentnetoftaxportionattributabletoparent": -88800000,
        "othercomprehensiveincomelosscashflowhedgegainlossafterreclassificationandtax": -4200000,
        "othercomprehensiveincomedefinedbenefitplansadjustmentnetoftaxportionattributabletoparent": -2100000,
        "othercomprehensiveincomelossnetoftax": -90900000,
        "comprehensiveincomenetoftaxincludingportionattributabletononcontrollinginterest": 88200000,
        "comprehensiveincomenetoftaxattributabletononcontrollinginterest": 600000,
        "comprehensiveincomenetoftax": 87600000
    },
    {
        "date": "2023-09-30",
        "symbol": "TDY",
        "period": "Q3",
        "revenuefromcontractwithcustomerexcludingassessedtax": 3973200000,
        "costofgoodsandservicessold": 797200000,
        "sellinggeneralandadministrativeexpense": 291900000,
        "amortizationofintangibleassets": 49100000,
        "costsandexpenses": 3451800000,
        "operatingincomeloss": 794900000,
        "interestexpense": 18400000,
        "netperiodicdefinedbenefitsexpensereversalofexpenseexcludingservicecostcomponent": -3100000,
        "othernonoperatingincomeexpense": -2900000,
        "incomelossfromcontinuingoperationsbeforeincometaxesextraordinaryitemsnoncontrollinginterest": 701300000,
        "incometaxexpensebenefit": 140600000,
        "profitloss": 198800000,
        "netincomelossattributabletononcontrollinginterest": 200000,
        "netincomeloss": 560200000,
        "earningspersharebasic": 4.220000000000001,
        "weightedaveragenumberofsharesoutstandingbasic": -46900000,
        "earningspersharediluted": 4.15,
        "weightedaveragenumberofdilutedsharesoutstanding": -47900000,
        "othercomprehensiveincomeforeigncurrencytransactionandtranslationadjustmentnetoftaxportionattributabletoparent": -76600000,
        "othercomprehensiveincomelosscashflowhedgegainlossafterreclassificationandtax": -1100000,
        "othercomprehensiveincomedefinedbenefitplansadjustmentnetoftaxportionattributabletoparent": -1800000,
        "othercomprehensiveincomelossnetoftax": -75900000,
        "comprehensiveincomenetoftaxincludingportionattributabletononcontrollinginterest": 122900000,
        "comprehensiveincomenetoftaxattributabletononcontrollinginterest": 200000,
        "comprehensiveincomenetoftax": 122700000
    },
    {
        "date": "2023-07-01",
        "symbol": "TDY",
        "period": "Q2",
        "revenuefromcontractwithcustomerexcludingassessedtax": 116900000,
        "costofgoodsandservicessold": 806300000,
        "sellinggeneralandadministrativeexpense": 313000000,
        "amortizationofintangibleassets": 49300000,
        "costsandexpenses": -1800000,
        "operatingincomeloss": -14600000,
        "interestexpense": 22300000,
        "gainslossesonextinguishmentofdebt": 1600000,
        "netperiodicdefinedbenefitsexpensereversalofexpenseexcludingservicecostcomponent": -2900000,
        "othernonoperatingincomeexpense": -3400000,
        "incomelossfromcontinuingoperationsbeforeincometaxesextraordinaryitemsnoncontrollinginterest": 1400000,
        "incometaxexpensebenefit": 500000,
        "profitloss": 185500000,
        "netincomelossattributabletononcontrollinginterest": 200000,
        "netincomeloss": 900000,
        "earningspersharebasic": 3.94,
        "weightedaveragenumberofsharesoutstandingbasic": 47000000,
        "earningspersharediluted": 3.87,
        "weightedaveragenumberofdilutedsharesoutstanding": 47900000,
        "othercomprehensiveincomeforeigncurrencytransactionandtranslationadjustmentnetoftaxportionattributabletoparent": 12300000,
        "othercomprehensiveincomelosscashflowhedgegainlossafterreclassificationandtax": 1600000,
        "othercomprehensiveincomedefinedbenefitplansadjustmentnetoftaxportionattributabletoparent": -900000,
        "othercomprehensiveincomelossnetoftax": 14800000,
        "comprehensiveincomenetoftaxincludingportionattributabletononcontrollinginterest": 200300000,
        "comprehensiveincomenetoftaxattributabletononcontrollinginterest": 200000,
        "comprehensiveincomenetoftax": 200100000
    },
    {
        "date": "2023-04-01",
        "symbol": "TDY",
        "period": "Q1",
        "revenuefromcontractwithcustomerexcludingassessedtax": 120400000,
        "costofgoodsandservicessold": 790700000,
        "sellinggeneralandadministrativeexpense": 300400000,
        "amortizationofintangibleassets": 49700000,
        "costsandexpenses": -2400000,
        "operatingincomeloss": -17400000,
        "interestexpense": 21000000,
        "netperiodicdefinedbenefitsexpensereversalofexpenseexcludingservicecostcomponent": -3300000,
        "othernonoperatingincomeexpense": -1100000,
        "incomelossfromcontinuingoperationsbeforeincometaxesextraordinaryitemsnoncontrollinginterest": 2000000,
        "incometaxexpensebenefit": 500000,
        "profitloss": 178800000,
        "netincomelossattributabletononcontrollinginterest": 100000,
        "netincomeloss": 1500000,
        "earningspersharebasic": 3.81,
        "weightedaveragenumberofsharesoutstandingbasic": 46900000,
        "earningspersharediluted": 3.73,
        "weightedaveragenumberofdilutedsharesoutstanding": 47900000,
        "othercomprehensiveincomeforeigncurrencytransactionandtranslationadjustmentnetoftaxportionattributabletoparent": -4300000,
        "othercomprehensiveincomelosscashflowhedgegainlossafterreclassificationandtax": 2500000,
        "othercomprehensiveincomedefinedbenefitplansadjustmentnetoftaxportionattributabletoparent": -1500000,
        "othercomprehensiveincomelossnetoftax": -300000,
        "comprehensiveincomenetoftaxincludingportionattributabletononcontrollinginterest": 178500000,
        "comprehensiveincomenetoftaxattributabletononcontrollinginterest": 100000,
        "comprehensiveincomenetoftax": 178400000
    },
    {
        "date": "2022-12-31",
        "symbol": "TDY",
        "period": "Q4",
        "revenuefromcontractwithcustomerexcludingassessedtax": -176100000,
        "costofgoodsandservicessold": -2342700000,
        "sellinggeneralandadministrativeexpense": 295200000,
        "amortizationofintangibleassets": 13800000,
        "costsandexpenses": 1144400000,
        "operatingincomeloss": 71900000,
        "interestexpense": 22500000,
        "netperiodicdefinedbenefitsexpensereversalofexpenseexcludingservicecostcomponent": -2800000,
        "othernonoperatingincomeexpense": -1800000,
        "incomelossfromcontinuingoperationsbeforeincometaxesextraordinaryitemsnoncontrollinginterest": 891900000,
        "incometaxexpensebenefit": 20100000,
        "netincomeloss": 18700000,
        "earningspersharebasic": 4.830000000000001,
        "weightedaveragenumberofsharesoutstandingbasic": -93500000,
        "earningspersharediluted": 4.740000000000001,
        "weightedaveragenumberofdilutedsharesoutstanding": -95400000,
        "othercomprehensiveincomelosscashflowhedgegainlossafterreclassificationandtax": 6700000,
        "comprehensiveincomenetoftax": 464100000
    },
    {
        "date": "2022-10-01",
        "symbol": "TDY",
        "period": "Q3",
        "revenuefromcontractwithcustomerexcludingassessedtax": 213000000,
        "costofgoodsandservicessold": 785800000,
        "sellinggeneralandadministrativeexpense": 283700000,
        "amortizationofintangibleassets": 48900000,
        "costsandexpenses": 1118400000,
        "operatingincomeloss": -15800000,
        "interestexpense": 22000000,
        "gainslossesonextinguishmentofdebt": 10600000,
        "netperiodicdefinedbenefitsexpensereversalofexpenseexcludingservicecostcomponent": -2900000,
        "othernonoperatingincomeexpense": 5200000,
        "incomelossfromcontinuingoperationsbeforeincometaxesextraordinaryitemsnoncontrollinginterest": 5400000,
        "incometaxexpensebenefit": 1300000,
        "profitloss": 178200000,
        "netincomelossattributabletononcontrollinginterest": -100000,
        "netincomeloss": -13900000,
        "earningspersharebasic": 3.81,
        "weightedaveragenumberofsharesoutstandingbasic": 46800000,
        "earningspersharediluted": 3.74,
        "weightedaveragenumberofdilutedsharesoutstanding": 47700000,
        "othercomprehensiveincomeforeigncurrencytransactionandtranslationadjustmentnetoftaxportionattributabletoparent": -357100000,
        "othercomprehensiveincomelosscashflowhedgegainlossafterreclassificationandtax": -6200000,
        "othercomprehensiveincomedefinedbenefitplansadjustmentnetoftaxportionattributabletoparent": -4099999.9999999995,
        "othercomprehensiveincomelossnetoftax": -359200000,
        "comprehensiveincomenetoftaxincludingportionattributabletononcontrollinginterest": -181000000,
        "comprehensiveincomenetoftaxattributabletononcontrollinginterest": -100000,
        "comprehensiveincomenetoftax": -180900000
    },
    {
        "date": "2022-07-02",
        "symbol": "TDY",
        "period": "Q2",
        "revenuefromcontractwithcustomerexcludingassessedtax": 209400000,
        "costofgoodsandservicessold": 788600000,
        "sellinggeneralandadministrativeexpense": 286400000,
        "amortizationofintangibleassets": 51300000,
        "costsandexpenses": 1126300000,
        "operatingincomeloss": -14700000,
        "interestexpense": 22500000,
        "gainslossesonextinguishmentofdebt": 10600000,
        "netperiodicdefinedbenefitsexpensereversalofexpenseexcludingservicecostcomponent": -2900000,
        "othernonoperatingincomeexpense": 1000000,
        "incomelossfromcontinuingoperationsbeforeincometaxesextraordinaryitemsnoncontrollinginterest": 5300000,
        "incometaxexpensebenefit": 1300000,
        "netincomeloss": -11700000,
        "earningspersharebasic": 3.66,
        "weightedaveragenumberofsharesoutstandingbasic": 46800000,
        "earningspersharediluted": 3.59,
        "weightedaveragenumberofdilutedsharesoutstanding": 47700000,
        "othercomprehensiveincomeforeigncurrencytransactionandtranslationadjustmentnetoftaxportionattributabletoparent": -154800000,
        "othercomprehensiveincomelosscashflowhedgegainlossafterreclassificationandtax": -2300000,
        "othercomprehensiveincomedefinedbenefitplansadjustmentnetoftaxportionattributabletoparent": -4000000,
        "othercomprehensiveincomelossnetoftaxportionattributabletoparent": 4000000,
        "comprehensiveincomenetoftax": 18200000
    },
    {
        "date": "2022-04-02",
        "symbol": "TDY",
        "period": "Q1",
        "revenuefromcontractwithcustomerexcludingassessedtax": 210900000,
        "costofgoodsandservicessold": 752600000,
        "sellinggeneralandadministrativeexpense": 291300000,
        "amortizationofintangibleassets": 53600000,
        "costsandexpenses": 1097500000,
        "operatingincomeloss": -16100000.000000002,
        "interestexpense": 22300000,
        "netperiodicdefinedbenefitsexpensereversalofexpenseexcludingservicecostcomponent": -2800000,
        "othernonoperatingincomeexpense": -1000000,
        "incomelossfromcontinuingoperationsbeforeincometaxesextraordinaryitemsnoncontrollinginterest": 5500000,
        "incometaxexpensebenefit": 1300000,
        "netincomeloss": -4800000,
        "earningspersharebasic": 4.55,
        "weightedaveragenumberofsharesoutstandingbasic": 46700000,
        "earningspersharediluted": 4.46,
        "weightedaveragenumberofdilutedsharesoutstanding": 47700000,
        "othercomprehensiveincomeforeigncurrencytransactionandtranslationadjustmentnetoftaxportionattributabletoparent": -32600000,
        "othercomprehensiveincomelosscashflowhedgegainlossafterreclassificationandtax": 6500000,
        "othercomprehensiveincomedefinedbenefitplansadjustmentnetoftaxportionattributabletoparent": -4200000,
        "othercomprehensiveincomelossnetoftaxportionattributabletoparent": 4200000,
        "comprehensiveincomenetoftax": 190700000
    },
    {
        "date": "2022-01-01",
        "symbol": "TDY",
        "period": "Q4",
        "revenuefromcontractwithcustomerexcludingassessedtax": 203200000,
        "costofgoodsandservicessold": -834500000,
        "sellinggeneralandadministrativeexpense": 289800000,
        "costsandexpenses": 1180600000,
        "operatingincomeloss": -17500000,
        "interestexpense": 23500000,
        "netperiodicdefinedbenefitsexpensereversalofexpenseexcludingservicecostcomponent": -2800000,
        "othernonoperatingincomeexpense": -1900000,
        "incometaxexpensebenefit": 5500000,
        "netincomeloss": -5900000,
        "earningspersharebasic": 3.62,
        "weightedaveragenumberofsharesoutstandingbasic": -82900000,
        "earningspersharediluted": 3.53,
        "weightedaveragenumberofdilutedsharesoutstanding": -85000000,
        "othercomprehensiveincomeforeigncurrencytransactionandtranslationadjustmentnetoftaxportionattributabletoparent": -4600000,
        "othercomprehensiveincomelosscashflowhedgegainlossafterreclassificationandtax": -1600000,
        "othercomprehensiveincomedefinedbenefitplansadjustmentnetoftaxportionattributabletoparent": -37000000,
        "othercomprehensiveincomelossnetoftaxportionattributabletoparent": 37000000,
        "comprehensiveincomenetoftax": 192600000
    },
    {
        "date": "2021-10-02",
        "symbol": "TDY",
        "period": "Q3",
        "revenuefromcontractwithcustomerexcludingassessedtax": 194700000,
        "costofgoodsandservicessold": 787700000,
        "sellinggeneralandadministrativeexpense": 279300000,
        "amortizationofintangibleassets": 55300000,
        "costsandexpenses": 1122300000,
        "operatingincomeloss": -15700000,
        "interestexpense": 23800000,
        "netperiodicdefinedbenefitsexpensereversalofexpenseexcludingservicecostcomponent": -2800000,
        "othernonoperatingincomeexpense": -700000,
        "incomelossfromcontinuingoperationsbeforeincometaxesextraordinaryitemsnoncontrollinginterest": 5800000,
        "incometaxexpensebenefit": 1400000,
        "netincomeloss": -6500000,
        "earningspersharebasic": 2.88,
        "weightedaveragenumberofsharesoutstandingbasic": 46600000,
        "earningspersharediluted": 2.81,
        "weightedaveragenumberofdilutedsharesoutstanding": 47700000,
        "othercomprehensiveincomeforeigncurrencytransactionandtranslationadjustmentnetoftaxportionattributabletoparent": -44000000,
        "othercomprehensiveincomelosscashflowhedgegainlossafterreclassificationandtax": -4500000,
        "othercomprehensiveincomedefinedbenefitplansadjustmentnetoftaxportionattributabletoparent": -4400000,
        "othercomprehensiveincomelossnetoftaxportionattributabletoparent": 4400000,
        "comprehensiveincomenetoftax": 90000000
    },
    {
        "date": "2021-07-03",
        "symbol": "TDY",
        "period": "Q2",
        "revenuefromcontractwithcustomerexcludingassessedtax": 1121000000,
        "costofgoodsandservicessold": 663100000,
        "sellinggeneralandadministrativeexpense": 320700000,
        "amortizationofintangibleassets": 32800000,
        "costsandexpenses": 1016600000,
        "operatingincomeloss": 104400000,
        "interestexpense": 21200000,
        "netperiodicdefinedbenefitsexpensereversalofexpenseexcludingservicecostcomponent": -2800000,
        "othernonoperatingincomeexpense": 6100000,
        "incomelossfromcontinuingoperationsbeforeincometaxesminorityinterestandincomelossfromequitymethodinvestments": 92100000,
        "incometaxexpensebenefit": 27400000,
        "netincomeloss": 64700000,
        "earningspersharebasic": 1.52,
        "weightedaveragenumberofsharesoutstandingbasic": 42500000,
        "earningspersharediluted": 1.48,
        "weightedaveragenumberofdilutedsharesoutstanding": 43600000,
        "othercomprehensiveincomeforeigncurrencytransactionandtranslationadjustmentnetoftaxportionattributabletoparent": 3200000,
        "othercomprehensiveincomelosscashflowhedgegainlossafterreclassificationandtax": 500000,
        "othercomprehensiveincomedefinedbenefitplansadjustmentnetoftaxportionattributabletoparent": -4500000,
        "othercomprehensiveincomelossnetoftaxportionattributabletoparent": 8200000,
        "comprehensiveincomenetoftax": 72900000
    },
    {
        "date": "2021-04-03",
        "symbol": "TDY",
        "period": "Q1",
        "revenuefromcontractwithcustomerexcludingassessedtax": 805700000,
        "costofgoodsandservicessold": 492500000,
        "sellinggeneralandadministrativeexpense": 178000000,
        "costsandexpenses": 670500000,
        "operatingincomeloss": 135200000,
        "interestexpense": 35700000,
        "netperiodicdefinedbenefitsexpensereversalofexpenseexcludingservicecostcomponent": -2800000,
        "othernonoperatingincomeexpense": -1000000,
        "incomelossfromcontinuingoperationsbeforeincometaxesminorityinterestandincomelossfromequitymethodinvestments": 101300000,
        "incometaxexpensebenefit": 16600000,
        "netincomeloss": 84700000,
        "earningspersharebasic": 2.29,
        "weightedaveragenumberofsharesoutstandingbasic": 37000000,
        "earningspersharediluted": 2.23,
        "weightedaveragenumberofdilutedsharesoutstanding": 38000000,
        "othercomprehensiveincomeforeigncurrencytransactionandtranslationadjustmentnetoftaxportionattributabletoparent": 1000000,
        "othercomprehensiveincomelosscashflowhedgegainlossafterreclassificationandtax": -100000,
        "othercomprehensiveincomedefinedbenefitplansadjustmentnetoftaxportionattributabletoparent": -4300000,
        "othercomprehensiveincomelossnetoftaxportionattributabletoparent": 5200000,
        "comprehensiveincomenetoftax": 89900000
    },
    {
        "date": "2021-01-02",
        "symbol": "TDY",
        "period": "Q4",
        "revenuefromcontractwithcustomerexcludingassessedtax": 809300000,
        "costofgoodsandservicessold": 493600000,
        "sellinggeneralandadministrativeexpense": 171900000,
        "costsandexpenses": 665500000,
        "operatingincomeloss": 143800000,
        "netperiodicdefinedbenefitsexpensereversalofexpenseexcludingservicecostcomponent": -3200000,
        "othernonoperatingincomeexpense": -2500000,
        "incomelossfromcontinuingoperationsbeforeincometaxesminorityinterestandincomelossfromequitymethodinvestments": 141100000,
        "incometaxexpensebenefit": 9000000,
        "netincomeloss": 132100000,
        "earningspersharebasic": 3.5999999999999988,
        "weightedaveragenumberofsharesoutstandingbasic": -73400000,
        "earningspersharediluted": 3.4899999999999984,
        "weightedaveragenumberofdilutedsharesoutstanding": -75500000,
        "othercomprehensiveincomeforeigncurrencytransactionandtranslationadjustmentnetoftaxportionattributabletoparent": 87000000,
        "othercomprehensiveincomelosscashflowhedgegainlossafterreclassificationandtax": 4000000,
        "othercomprehensiveincomedefinedbenefitplansadjustmentnetoftaxportionattributabletoparent": 34300000,
        "othercomprehensiveincomelossnetoftaxportionattributabletoparent": 56700000,
        "comprehensiveincomenetoftax": 188800000
    },
    {
        "date": "2020-09-26",
        "symbol": "TDY",
        "period": "Q3",
        "revenuefromcontractwithcustomerexcludingassessedtax": 749000000,
        "costofgoodsandservicessold": 458500000,
        "sellinggeneralandadministrativeexpense": 168000000,
        "costsandexpenses": 626500000,
        "operatingincomeloss": 122500000,
        "interestexpense": 4100000,
        "netperiodicdefinedbenefitsexpensereversalofexpenseexcludingservicecostcomponent": -3200000,
        "othernonoperatingincomeexpense": -1900000,
        "incomelossfromcontinuingoperationsbeforeincometaxesminorityinterestandincomelossfromequitymethodinvestments": 119700000,
        "incometaxexpensebenefit": 25800000,
        "netincomeloss": 93900000,
        "earningspersharebasic": 2.55,
        "weightedaveragenumberofsharesoutstandingbasic": 36800000,
        "earningspersharediluted": 2.48,
        "weightedaveragenumberofdilutedsharesoutstanding": 37800000,
        "othercomprehensiveincomeforeigncurrencytransactionandtranslationadjustmentnetoftaxportionattributabletoparent": 38700000,
        "othercomprehensiveincomelosscashflowhedgegainlossafterreclassificationandtax": 2600000,
        "othercomprehensiveincomedefinedbenefitplansadjustmentnetoftaxportionattributabletoparent": -2900000,
        "othercomprehensiveincomelossnetoftaxportionattributabletoparent": 44200000,
        "comprehensiveincomenetoftax": 138100000
    },
    {
        "date": "2020-06-27",
        "symbol": "TDY",
        "period": "Q2",
        "revenuefromcontractwithcustomerexcludingassessedtax": 743300000,
        "costofgoodsandservicessold": 460600000,
        "sellinggeneralandadministrativeexpense": 172900000,
        "costsandexpenses": 633500000,
        "operatingincomeloss": 109800000,
        "interestexpense": 3700000,
        "netperiodicdefinedbenefitsexpensereversalofexpenseexcludingservicecostcomponent": -3200000,
        "othernonoperatingincomeexpense": -1400000,
        "incomelossfromcontinuingoperationsbeforeincometaxesminorityinterestandincomelossfromequitymethodinvestments": 107900000,
        "incometaxexpensebenefit": 14200000,
        "netincomeloss": 93700000,
        "earningspersharebasic": 2.55,
        "weightedaveragenumberofsharesoutstandingbasic": 36700000,
        "earningspersharediluted": 2.48,
        "weightedaveragenumberofdilutedsharesoutstanding": 37800000,
        "othercomprehensiveincomeforeigncurrencytransactionandtranslationadjustmentnetoftaxportionattributabletoparent": 1400000,
        "othercomprehensiveincomelosscashflowhedgegainlossafterreclassificationandtax": 3900000,
        "othercomprehensiveincomedefinedbenefitplansadjustmentnetoftaxportionattributabletoparent": -3200000,
        "othercomprehensiveincomelossnetoftaxportionattributabletoparent": 8500000,
        "comprehensiveincomenetoftax": 102200000
    },
    {
        "date": "2020-03-28",
        "symbol": "TDY",
        "period": "Q1",
        "revenuefromcontractwithcustomerexcludingassessedtax": 784600000,
        "costofgoodsandservicessold": 492600000,
        "sellinggeneralandadministrativeexpense": 188000000,
        "costsandexpenses": 680600000,
        "operatingincomeloss": 104000000,
        "interestexpense": 4100000,
        "netperiodicdefinedbenefitsexpensereversalofexpenseexcludingservicecostcomponent": -2500000,
        "othernonoperatingincomeexpense": -1400000,
        "incomelossfromcontinuingoperationsbeforeincometaxesminorityinterestandincomelossfromequitymethodinvestments": 101000000,
        "incometaxexpensebenefit": 18800000,
        "netincomeloss": 82200000,
        "earningspersharebasic": 2.25,
        "weightedaveragenumberofsharesoutstandingbasic": 36600000,
        "earningspersharediluted": 2.17,
        "weightedaveragenumberofdilutedsharesoutstanding": 37800000,
        "othercomprehensiveincomeforeigncurrencytransactionandtranslationadjustmentnetoftaxportionattributabletoparent": -61300000,
        "othercomprehensiveincomelosscashflowhedgegainlossafterreclassificationandtax": -5900000,
        "othercomprehensiveincomedefinedbenefitplansadjustmentnetoftaxportionattributabletoparent": -3500000,
        "othercomprehensiveincomelossnetoftaxportionattributabletoparent": -63700000,
        "comprehensiveincomenetoftax": 18500000
    },
    {
        "date": "2019-12-28",
        "symbol": "TDY",
        "period": "Q4",
        "revenuefromcontractwithcustomerexcludingassessedtax": 1612200000,
        "costofgoodsandservicessold": 505100000,
        "sellinggeneralandadministrativeexpense": 195300000,
        "costsandexpenses": 700400000,
        "operatingincomeloss": 133800000,
        "netperiodicdefinedbenefitsexpensereversalofexpenseexcludingservicecostcomponent": -1900000,
        "othernonoperatingincomeexpense": -1500000,
        "incomelossfromcontinuingoperationsbeforeincometaxesminorityinterestandincomelossfromequitymethodinvestments": 129500000,
        "incometaxexpensebenefit": 13800000,
        "netincomeloss": 115700000,
        "earningspersharebasic": 3.17,
        "weightedaveragenumberofsharesoutstandingbasic": -72400000,
        "earningspersharediluted": 3.0700000000000007,
        "weightedaveragenumberofdilutedsharesoutstanding": -74700000,
        "othercomprehensiveincomeforeigncurrencytransactionandtranslationadjustmentnetoftaxportionattributabletoparent": 46100000,
        "othercomprehensiveincomedefinedbenefitplansadjustmentnetoftaxportionattributabletoparent": 30700000,
        "othercomprehensiveincomelossnetoftaxportionattributabletoparent": 16000000,
        "comprehensiveincomenetoftax": 131700000
    },
    {
        "date": "2019-09-28",
        "symbol": "TDY",
        "period": "Q3",
        "revenuefromcontractwithcustomerexcludingassessedtax": 802200000,
        "costofgoodsandservicessold": 487700000,
        "sellinggeneralandadministrativeexpense": 185800000,
        "costsandexpenses": 673500000,
        "operatingincomeloss": 128700000,
        "interestexpense": 5500000,
        "netperiodicdefinedbenefitsexpensereversalofexpenseexcludingservicecostcomponent": -1900000,
        "othernonoperatingincomeexpense": -1700000,
        "incomelossfromcontinuingoperationsbeforeincometaxesminorityinterestandincomelossfromequitymethodinvestments": 123400000,
        "incometaxexpensebenefit": 16700000,
        "netincomeloss": 106700000,
        "earningspersharebasic": 2.93,
        "weightedaveragenumberofsharesoutstandingbasic": 36400000,
        "earningspersharediluted": 2.84,
        "weightedaveragenumberofdilutedsharesoutstanding": 37600000,
        "othercomprehensiveincomeforeigncurrencytransactionandtranslationadjustmentnetoftaxportionattributabletoparent": -27400000,
        "othercomprehensiveincomelosscashflowhedgegainlossafterreclassificationandtax": -1100000,
        "othercomprehensiveincomedefinedbenefitplansadjustmentnetoftaxportionattributabletoparent": -4900000,
        "othercomprehensiveincomelossnetoftaxportionattributabletoparent": -23600000,
        "comprehensiveincomenetoftax": 83100000
    },
    {
        "date": "2019-06-29",
        "symbol": "TDY",
        "period": "Q2",
        "netincomeloss": 104600000,
        "othercomprehensiveincomeforeigncurrencytransactionandtranslationadjustmentnetoftaxportionattributabletoparent": -4600000,
        "othercomprehensiveincomelosscashflowhedgegainlossafterreclassificationandtax": 1300000,
        "othercomprehensiveincomedefinedbenefitplansadjustmentnetoftaxportionattributabletoparent": -4900000,
        "othercomprehensiveincomelossnetoftaxportionattributabletoparent": 1600000,
        "comprehensiveincomenetoftax": 106200000,
        "revenuefromcontractwithcustomerexcludingassessedtax": 4000000,
        "costofgoodsandservicessold": 463600000,
        "sellinggeneralandadministrativeexpense": 186500000,
        "costsandexpenses": 650100000,
        "operatingincomeloss": 131900000,
        "interestexpense": 5400000,
        "netperiodicdefinedbenefitsexpensereversalofexpenseexcludingservicecostcomponent": -2000000,
        "othernonoperatingincomeexpense": -600000,
        "incomelossfromcontinuingoperationsbeforeincometaxesminorityinterestandincomelossfromequitymethodinvestments": 127900000,
        "incometaxexpensebenefit": 23300000,
        "earningspersharebasic": 2.89,
        "weightedaveragenumberofsharesoutstandingbasic": 36200000,
        "earningspersharediluted": 2.8,
        "weightedaveragenumberofdilutedsharesoutstanding": 37400000
    },
    {
        "date": "2019-03-30",
        "symbol": "TDY",
        "period": "Q1",
        "netincomeloss": 75300000,
        "othercomprehensiveincomeforeigncurrencytransactionandtranslationadjustmentnetoftaxportionattributabletoparent": 17000000,
        "othercomprehensiveincomederivativesqualifyingashedgesnetoftaxportionattributabletoparent": 1800000,
        "othercomprehensiveincomedefinedbenefitplansadjustmentnetoftaxportionattributabletoparent": -4600000,
        "othercomprehensiveincomelossnetoftaxportionattributabletoparent": 23400000,
        "comprehensiveincomenetoftax": 98700000,
        "revenuefromcontractwithcustomerexcludingassessedtax": 745200000,
        "costofgoodsandservicessold": 463900000,
        "sellinggeneralandadministrativeexpense": 184000000,
        "costsandexpenses": 647900000,
        "operatingincomeloss": 97300000,
        "interestexpense": 5400000,
        "netperiodicdefinedbenefitsexpensereversalofexpenseexcludingservicecostcomponent": -2200000,
        "othernonoperatingincomeexpense": -1200000,
        "incomelossfromcontinuingoperationsbeforeincometaxesminorityinterestandincomelossfromequitymethodinvestments": 92900000,
        "incometaxexpensebenefit": 17600000,
        "earningspersharebasic": 2.09,
        "weightedaveragenumberofsharesoutstandingbasic": 36100000,
        "earningspersharediluted": 2.02,
        "weightedaveragenumberofdilutedsharesoutstanding": 37200000
    },
    {
        "date": "2018-12-29",
        "symbol": "TDY",
        "period": "Q4",
        "netincomeloss": 172400000,
        "othercomprehensiveincomeforeigncurrencytransactionandtranslationadjustmentnetoftaxportionattributabletoparent": -36600000,
        "othercomprehensiveincomederivativesqualifyingashedgesnetoftaxportionattributabletoparent": -3400000,
        "othercomprehensiveincomedefinedbenefitplansadjustmentnetoftaxportionattributabletoparent": 45600000,
        "othercomprehensiveincomelossnetoftaxportionattributabletoparent": -39300000,
        "comprehensiveincomenetoftax": 5500000,
        "costofgoodsandservicessold": -885900000,
        "sellinggeneralandadministrativeexpense": 177600000,
        "costsandexpenses": 637200000,
        "operatingincomeloss": -17600000,
        "netperiodicdefinedbenefitsexpensereversalofexpenseexcludingservicecostcomponent": -3400000,
        "othernonoperatingincomeexpense": -1800000,
        "incomelossfromcontinuingoperationsbeforeincometaxesminorityinterestandincomelossfromequitymethodinvestments": -255300000,
        "incometaxexpensebenefit": -24800000,
        "earningspersharebasic": 2.5300000000000002,
        "weightedaveragenumberofsharesoutstandingbasic": -71500000,
        "earningspersharediluted": 2.4499999999999997,
        "weightedaveragenumberofdilutedsharesoutstanding": -74000000
    },
    {
        "date": "2018-09-29",
        "symbol": "TDY",
        "period": "Q3",
        "netincomeloss": 89400000,
        "othercomprehensiveincomeforeigncurrencytransactionandtranslationadjustmentnetoftaxportionattributabletoparent": -800000,
        "othercomprehensiveincomederivativesqualifyingashedgesnetoftaxportionattributabletoparent": 2500000,
        "othercomprehensiveincomedefinedbenefitplansadjustmentnetoftaxportionattributabletoparent": -4800000,
        "othercomprehensiveincomelossnetoftaxportionattributabletoparent": -800000,
        "comprehensiveincomenetoftax": 96800000,
        "revenuefromcontractwithcustomerexcludingassessedtax": 256200000,
        "costofgoodsandservicessold": 446400000,
        "sellinggeneralandadministrativeexpense": 173600000,
        "costsandexpenses": 619800000,
        "operatingincomeloss": 35700000,
        "interestexpense": 6000000,
        "netperiodicdefinedbenefitsexpensereversalofexpenseexcludingservicecostcomponent": -3400000,
        "othernonoperatingincomeexpense": -2700000,
        "incomelossfromcontinuingoperationsbeforeincometaxesminorityinterestandincomelossfromequitymethodinvestments": 100200000,
        "incometaxexpensebenefit": 9500000,
        "earningspersharebasic": 2.52,
        "weightedaveragenumberofsharesoutstandingbasic": 35900000,
        "earningspersharediluted": 2.43,
        "weightedaveragenumberofdilutedsharesoutstanding": 37200000
    },
    {
        "date": "2018-06-30",
        "symbol": "TDY",
        "period": "Q2",
        "netincomeloss": 5500000,
        "othercomprehensiveincomeforeigncurrencytransactionandtranslationadjustmentnetoftaxportionattributabletoparent": -59300000,
        "othercomprehensiveincomederivativesqualifyingashedgesnetoftaxportionattributabletoparent": -2900000,
        "othercomprehensiveincomedefinedbenefitplansadjustmentnetoftaxportionattributabletoparent": -5100000,
        "othercomprehensiveincomelossnetoftaxportionattributabletoparent": -59300000,
        "comprehensiveincomenetoftax": 28800000,
        "revenuefromcontractwithcustomerexcludingassessedtax": 262600000,
        "costofgoodsandservicessold": -7400000,
        "sellinggeneralandadministrativeexpense": 174000000,
        "costsandexpenses": 621000000,
        "operatingincomeloss": 40900000,
        "interestexpense": 6700000,
        "netperiodicdefinedbenefitsexpensereversalofexpenseexcludingservicecostcomponent": -3300000,
        "othernonoperatingincomeexpense": -3700000,
        "incomelossfromcontinuingoperationsbeforeincometaxesminorityinterestandincomelossfromequitymethodinvestments": 104400000,
        "incometaxexpensebenefit": 1900000,
        "earningspersharebasic": 2.4,
        "weightedaveragenumberofsharesoutstandingbasic": 35800000,
        "earningspersharediluted": 2.32,
        "weightedaveragenumberofdilutedsharesoutstanding": 37000000
    },
    {
        "date": "2018-03-31",
        "symbol": "TDY",
        "period": "Q1",
        "netincomeloss": 66500000,
        "othercomprehensiveincomeforeigncurrencytransactionandtranslationadjustmentnetoftaxportionattributabletoparent": 17200000,
        "othercomprehensiveincomederivativesqualifyingashedgesnetoftaxportionattributabletoparent": -1600000,
        "othercomprehensiveincomedefinedbenefitplansadjustmentnetoftaxportionattributabletoparent": -4300000,
        "othercomprehensiveincomelossnetoftaxportionattributabletoparent": 19900000,
        "comprehensiveincomenetoftax": 86400000,
        "salesrevenuenet": 695600000,
        "costofgoodsandservicessold": 438200000,
        "sellinggeneralandadministrativeexpense": 169000000,
        "costsandexpenses": 607200000,
        "operatingincomeloss": 88400000,
        "interestexpense": 7100000,
        "netperiodicdefinedbenefitsexpensereversalofexpenseexcludingservicecostcomponent": -3400000,
        "othernonoperatingincomeexpense": -2500000,
        "incomelossfromcontinuingoperationsbeforeincometaxesminorityinterestandincomelossfromequitymethodinvestments": 82200000,
        "incometaxexpensebenefit": 15700000,
        "earningspersharebasic": 1.87,
        "weightedaveragenumberofsharesoutstandingbasic": 35600000,
        "earningspersharediluted": 1.81,
        "weightedaveragenumberofdilutedsharesoutstanding": 36800000
    },
    {
        "date": "2017-12-30",
        "symbol": "TDY",
        "period": "Q4",
        "comprehensiveincomenetoftax": 83100000,
        "salesrevenuenet": -200700000,
        "costofgoodsandservicessold": -354700000,
        "sellinggeneralandadministrativeexpense": 172100000,
        "costsandexpenses": 606000000,
        "operatingincomeloss": 64300000,
        "othernonoperatingincomeexpense": 26900000,
        "incomelossfromcontinuingoperationsbeforeincometaxesminorityinterestandincomelossfromequitymethodinvestments": 88300000,
        "incometaxexpensebenefit": -10000000,
        "netincomeloss": 222400000,
        "earningspersharebasic": 1.92,
        "weightedaveragenumberofsharesoutstandingbasic": -70400000,
        "earningspersharediluted": 1.8599999999999994,
        "weightedaveragenumberofdilutedsharesoutstanding": -72400000
    },
    {
        "date": "2017-09-30",
        "symbol": "TDY",
        "period": "Q3",
        "netincomeloss": -1300000,
        "othercomprehensiveincomeforeigncurrencytransactionandtranslationadjustmentnetoftaxportionattributabletoparent": 36800000,
        "othercomprehensiveincomederivativesqualifyingashedgesnetoftaxportionattributabletoparent": 1900000,
        "othercomprehensiveincomedefinedbenefitplansadjustmentnetoftaxportionattributabletoparent": -3200000,
        "othercomprehensiveincomelossnetoftaxportionattributabletoparent": 36800000,
        "comprehensiveincomenetoftax": 110900000,
        "salesrevenuenet": 232500000,
        "costofgoodsandservicessold": 1800000,
        "sellinggeneralandadministrativeexpense": 163500000,
        "costsandexpenses": 569300000,
        "operatingincomeloss": 34800000,
        "interestexpense": 8200000,
        "othernonoperatingincomeexpense": -3000000,
        "incomelossfromcontinuingoperationsbeforeincometaxesminorityinterestandincomelossfromequitymethodinvestments": 81700000,
        "incometaxexpensebenefit": -500000,
        "earningspersharebasic": 1.95,
        "weightedaveragenumberofsharesoutstandingbasic": 35300000,
        "earningspersharediluted": 1.9,
        "weightedaveragenumberofdilutedsharesoutstanding": 36400000
    },
    {
        "date": "2017-07-01",
        "symbol": "TDY",
        "period": "Q2",
        "netincomeloss": -5400000,
        "othercomprehensiveincomeforeigncurrencytransactionandtranslationadjustmentnetoftaxportionattributabletoparent": 50800000,
        "othercomprehensiveincomederivativesqualifyingashedgesnetoftaxportionattributabletoparent": 3100000,
        "othercomprehensiveincomedefinedbenefitplansadjustmentnetoftaxportionattributabletoparent": -3300000,
        "othercomprehensiveincomelossnetoftaxportionattributabletoparent": 50800000,
        "comprehensiveincomenetoftax": 117300000,
        "salesrevenuenet": 233800000,
        "costofgoodsandservicessold": 7200000,
        "sellinggeneralandadministrativeexpense": 166600000,
        "costsandexpenses": 584900000,
        "operatingincomeloss": 30800000,
        "interestexpense": 9100000,
        "othernonoperatingincomeexpense": -700000,
        "incomelossfromcontinuingoperationsbeforeincometaxesminorityinterestandincomelossfromequitymethodinvestments": 76400000,
        "incometaxexpensebenefit": -1800000,
        "earningspersharebasic": 1.71,
        "weightedaveragenumberofsharesoutstandingbasic": 35200000,
        "earningspersharediluted": 1.66,
        "weightedaveragenumberofdilutedsharesoutstanding": 36200000
    },
    {
        "date": "2017-04-01",
        "symbol": "TDY",
        "period": "Q1",
        "netincomeloss": 11500000,
        "othercomprehensiveincomeforeigncurrencytransactionandtranslationadjustmentnetoftaxportionattributabletoparent": 4000000,
        "othercomprehensiveincomederivativesqualifyingashedgesnetoftaxportionattributabletoparent": -200000,
        "othercomprehensiveincomedefinedbenefitplansadjustmentnetoftaxportionattributabletoparent": -3500000,
        "othercomprehensiveincomelossnetoftaxportionattributabletoparent": 7300000,
        "comprehensiveincomenetoftax": 37800000,
        "salesrevenuenet": 3900000,
        "costofgoodsandservicessold": 354200000,
        "sellinggeneralandadministrativeexpense": 153800000,
        "costsandexpenses": 508000000,
        "operatingincomeloss": -2500000,
        "interestexpense": 8200000,
        "othernonoperatingincomeexpense": -9300000,
        "incomelossfromcontinuingoperationsbeforeincometaxesminorityinterestandincomelossfromequitymethodinvestments": 40600000,
        "incometaxexpensebenefit": 10100000,
        "earningspersharebasic": 0.87,
        "weightedaveragenumberofsharesoutstandingbasic": 35100000,
        "earningspersharediluted": 0.84,
        "weightedaveragenumberofdilutedsharesoutstanding": 36100000
    },
    {
        "date": "2016-12-31",
        "symbol": "TDY",
        "period": "Q4",
        "profitloss": 54800000,
        "othercomprehensiveincomeforeigncurrencytransactionandtranslationgainlossarisingduringperiodnetoftax": -28200000,
        "othercomprehensiveincomelossnetoftax": -49800000,
        "comprehensiveincomenetoftax": -2200000,
        "salesrevenuenet": -781400000,
        "costofgoodsandservicessold": -322700000,
        "sellinggeneralandadministrativeexpense": 145300000,
        "costsandexpenses": 489700000,
        "operatingincomeloss": 600000,
        "othernonoperatingincomeexpense": -4500000,
        "incomelossfromcontinuingoperationsbeforeincometaxesminorityinterestandincomelossfromequitymethodinvestments": 57500000,
        "incometaxexpensebenefit": -27600000,
        "netincomeloss": 153000000,
        "earningspersharebasic": 1.5699999999999994,
        "weightedaveragenumberofsharesoutstandingbasic": -68900000,
        "earningspersharediluted": 1.5,
        "weightedaveragenumberofdilutedsharesoutstanding": -70000000
    },
    {
        "date": "2016-10-01",
        "symbol": "TDY",
        "period": "Q3",
        "profitloss": 52000000,
        "othercomprehensiveincomeforeigncurrencytransactionandtranslationgainlossarisingduringperiodnetoftax": -7700000,
        "othercomprehensiveincomeunrealizedgainlossonderivativesarisingduringperiodnetoftax": -900000,
        "othercomprehensiveincomeminimumpensionliabilitynetadjustmentsnetoftax": -3300000,
        "othercomprehensiveincomelossnetoftax": -7700000,
        "comprehensiveincomenetoftaxincludingportionattributabletononcontrollinginterest": 46700000,
        "comprehensiveincomenetoftax": 46700000,
        "salesrevenuenet": 208300000,
        "costofgoodsandservicessold": -100000,
        "sellinggeneralandadministrativeexpense": 139300000,
        "costsandexpenses": 456300000,
        "operatingincomeloss": 28100000,
        "interestexpense": 5600000,
        "othernonoperatingincomeexpense": -700000,
        "incomelossfromcontinuingoperationsbeforeincometaxesminorityinterestandincomelossfromequitymethodinvestments": 64200000,
        "incometaxexpensebenefit": 11100000,
        "incomelossfromcontinuingoperationsincludingportionattributabletononcontrollinginterest": 53100000,
        "incomelossfromdiscontinuedoperationsnetoftax": -1100000,
        "netincomeloss": 100000,
        "incomelossfromcontinuingoperations": 53100000,
        "discontinuedoperationincomelossfromdiscontinuedoperationduringphaseoutperiodnetoftax": -1100000,
        "incomelossfromcontinuingoperationsperbasicshare": 1.53,
        "discontinuedoperationincomelossfromdiscontinuedoperationnetoftaxperbasicshare": -0.03,
        "earningspersharebasic": 1.5,
        "weightedaveragenumberofsharesoutstandingbasic": 34700000,
        "incomelossfromcontinuingoperationsperdilutedshare": 1.49,
        "discontinuedoperationincomelossfromdiscontinuedoperationnetoftaxperdilutedshare": -0.03,
        "earningspersharediluted": 1.46,
        "weightedaveragenumberofdilutedsharesoutstanding": 35600000
    },
    {
        "date": "2016-07-02",
        "symbol": "TDY",
        "period": "Q2",
        "profitloss": 45700000,
        "othercomprehensiveincomeforeigncurrencytransactionandtranslationgainlossarisingduringperiodnetoftax": -11800000,
        "othercomprehensiveincomeunrealizedgainlossonderivativesarisingduringperiodnetoftax": 900000,
        "othercomprehensiveincomeminimumpensionliabilitynetadjustmentsnetoftax": -3900000,
        "othercomprehensiveincomelossnetoftax": -11800000,
        "comprehensiveincomenetoftaxincludingportionattributabletononcontrollinginterest": 38700000,
        "comprehensiveincomenetoftax": 38700000,
        "salesrevenuenet": 220100000,
        "costofgoodsandservicessold": 800000,
        "sellinggeneralandadministrativeexpense": 148800000,
        "costsandexpenses": 480600000,
        "operatingincomeloss": 20100000,
        "interestexpense": 5900000,
        "othernonoperatingincomeexpense": 17200000,
        "incomelossfromcontinuingoperationsbeforeincometaxesminorityinterestandincomelossfromequitymethodinvestments": 65600000,
        "incometaxexpensebenefit": 200000,
        "incomelossfromcontinuingoperationsincludingportionattributabletononcontrollinginterest": 46100000,
        "incomelossfromdiscontinuedoperationsnetoftax": -400000,
        "netincomeloss": -600000,
        "incomelossfromcontinuingoperations": 46100000,
        "discontinuedoperationincomelossfromdiscontinuedoperationduringphaseoutperiodnetoftax": -400000,
        "incomelossfromcontinuingoperationsperbasicshare": 1.34,
        "discontinuedoperationincomelossfromdiscontinuedoperationnetoftaxperbasicshare": -0.01,
        "earningspersharebasic": 1.33,
        "weightedaveragenumberofsharesoutstandingbasic": 34400000,
        "incomelossfromcontinuingoperationsperdilutedshare": 1.32,
        "discontinuedoperationincomelossfromdiscontinuedoperationnetoftaxperdilutedshare": -0.01,
        "earningspersharediluted": 1.31,
        "weightedaveragenumberofdilutedsharesoutstanding": 35000000
    },
    {
        "date": "2016-04-02",
        "symbol": "TDY",
        "period": "Q1",
        "profitloss": 38400000,
        "othercomprehensiveincomeforeigncurrencytransactionandtranslationgainlossarisingduringperiodnetoftax": 23100000,
        "othercomprehensiveincomeunrealizedgainlossonderivativesarisingduringperiodnetoftax": 4600000,
        "othercomprehensiveincomeminimumpensionliabilitynetadjustmentsnetoftax": -3600000,
        "othercomprehensiveincomelossnetoftax": 31300000,
        "comprehensiveincomenetoftax": 69700000,
        "salesrevenuenet": 530500000,
        "costofgoodsandservicessold": 324800000,
        "sellinggeneralandadministrativeexpense": 144700000,
        "costsandexpenses": 469500000,
        "operatingincomeloss": 61000000,
        "interestexpense": 5700000,
        "othernonoperatingincomeexpense": -1300000,
        "incomelossfromcontinuingoperationsbeforeincometaxesminorityinterestandincomelossfromequitymethodinvestments": 54000000,
        "incometaxexpensebenefit": 15600000,
        "netincomeloss": 38400000,
        "earningspersharebasic": 1.12,
        "weightedaveragenumberofsharesoutstandingbasic": 34400000,
        "earningspersharediluted": 1.1,
        "weightedaveragenumberofdilutedsharesoutstanding": 34900000
    },
    {
        "date": "2016-01-02",
        "symbol": "TDY",
        "period": "Q4",
        "profitloss": 55800000,
        "othercomprehensiveincomeforeigncurrencytransactionandtranslationgainlossarisingduringperiodnetoftax": -21300000,
        "othercomprehensiveincomeunrealizedgainlossonderivativesarisingduringperiodnetoftax": 500000,
        "othercomprehensiveincomelossnetoftax": -27700000,
        "comprehensiveincomenetoftaxincludingportionattributabletononcontrollinginterest": 16000000,
        "comprehensiveincomenetoftax": 16000000,
        "salesrevenuenet": -625500000,
        "costofgoodsandservicessold": -1040300000,
        "sellinggeneralandadministrativeexpense": 145600000,
        "costsandexpenses": 524000000,
        "operatingincomeloss": 44600000,
        "othernonoperatingincomeexpense": 6000000,
        "incomelossfromcontinuingoperationsbeforeincometaxesminorityinterestandincomelossfromequitymethodinvestments": 68300000,
        "incometaxexpensebenefit": -900000,
        "netincomeloss": 55500000,
        "earningspersharebasic": 1.5899999999999996,
        "weightedaveragenumberofsharesoutstandingbasic": -100000,
        "earningspersharediluted": 1.5600000000000007,
        "weightedaveragenumberofdilutedsharesoutstanding": -200000
    },
    {
        "date": "2015-09-26",
        "symbol": "TDY",
        "period": "Q3",
        "profitloss": 48300000,
        "othercomprehensiveincomeforeigncurrencytransactionandtranslationgainlossarisingduringperiodnetoftax": -33900000,
        "othercomprehensiveincomeunrealizedgainlossonderivativesarisingduringperiodnetoftax": -1400000,
        "othercomprehensiveincomeminimumpensionliabilitynetadjustmentsnetoftax": -4800000,
        "othercomprehensiveincomelossnetoftax": -36500000,
        "comprehensiveincomenetoftaxincludingportionattributabletononcontrollinginterest": 17800000,
        "comprehensiveincomenetoftax": 17800000,
        "salesrevenuenet": -51500000,
        "costofgoodsandservicessold": 345800000,
        "sellinggeneralandadministrativeexpense": 140100000,
        "costsandexpenses": 485900000,
        "operatingincomeloss": 13400000,
        "othernonoperatingincomeexpense": -4600000,
        "incomelossfromcontinuingoperationsbeforeincometaxesminorityinterestandincomelossfromequitymethodinvestments": 61400000,
        "incometaxexpensebenefit": -19500000,
        "netincomeloss": 48300000,
        "earningspersharebasic": 1.3699999999999999,
        "weightedaveragenumberofsharesoutstandingbasic": -35600000,
        "earningspersharediluted": 1.34,
        "weightedaveragenumberofdilutedsharesoutstanding": -36400000
    },
    {
        "date": "2015-06-27",
        "symbol": "TDY",
        "period": "Q2",
        "profitloss": 48000000,
        "othercomprehensiveincomeforeigncurrencytransactionandtranslationgainlossarisingduringperiodnetoftax": 20800000,
        "othercomprehensiveincomeunrealizedgainlossonderivativesarisingduringperiodnetoftax": 1800000,
        "othercomprehensiveincomeminimumpensionliabilitynetadjustmentsnetoftax": -4000000,
        "othercomprehensiveincomelossnetoftax": 20800000,
        "comprehensiveincomenetoftaxincludingportionattributabletononcontrollinginterest": 74600000,
        "comprehensiveincomenetoftaxattributabletononcontrollinginterest": -300000,
        "comprehensiveincomenetoftax": 74900000,
        "salesrevenuenet": 271300000,
        "costofgoodsandservicessold": 357700000,
        "sellinggeneralandadministrativeexpense": 151100000,
        "costsandexpenses": 508800000,
        "operatingincomeloss": 45700000,
        "interestexpense": 6000000,
        "othernonoperatingincomeexpense": -1800000,
        "incomelossfromcontinuingoperationsbeforeincometaxesminorityinterestandincomelossfromequitymethodinvestments": 66300000,
        "incometaxexpensebenefit": -400000,
        "netincomelossattributabletononcontrollinginterest": -300000,
        "netincomeloss": 48300000,
        "earningspersharebasic": 1.37,
        "weightedaveragenumberofsharesoutstandingbasic": 35300000,
        "earningspersharediluted": 1.34,
        "weightedaveragenumberofdilutedsharesoutstanding": 36100000
    },
    {
        "date": "2015-03-28",
        "symbol": "TDY",
        "period": "Q1",
        "profitloss": 43700000,
        "othercomprehensiveincomeforeigncurrencytransactionandtranslationgainlossarisingduringperiodnetoftax": -49200000,
        "othercomprehensiveincomeunrealizedgainlossonderivativesarisingduringperiodnetoftax": -2300000,
        "othercomprehensiveincomeminimumpensionliabilitynetadjustmentsnetoftax": -4900000,
        "othercomprehensiveincomelossnetoftax": -46600000,
        "comprehensiveincomenetoftaxincludingportionattributabletononcontrollinginterest": -2900000,
        "comprehensiveincomenetoftax": -2900000,
        "salesrevenuenet": 565000000,
        "costofgoodsandservicessold": 345900000,
        "sellinggeneralandadministrativeexpense": 151800000,
        "costsandexpenses": 497700000,
        "operatingincomeloss": 67300000,
        "interestanddebtexpense": 5900000,
        "othernonoperatingincomeexpense": 800000,
        "incomelossfromcontinuingoperationsbeforeincometaxesminorityinterestandincomelossfromequitymethodinvestments": 62200000,
        "incometaxexpensebenefit": 18500000,
        "netincomeloss": 43700000,
        "earningspersharebasic": 1.22,
        "weightedaveragenumberofsharesoutstandingbasic": 35700000,
        "earningspersharediluted": 1.2,
        "weightedaveragenumberofdilutedsharesoutstanding": 36500000
    },
    {
        "date": "2014-12-27",
        "symbol": "TDY",
        "period": "Q4",
        "profitloss": 61000000,
        "othercomprehensiveincomeforeigncurrencytransactionandtranslationgainlossarisingduringperiodnetoftax": -29500000,
        "othercomprehensiveincomeunrealizedgainlossonderivativesarisingduringperiodnetoftax": -1600000,
        "othercomprehensiveincomelossnetoftax": -180200000,
        "comprehensiveincomenetoftaxincludingportionattributabletononcontrollinginterest": -77700000,
        "netincomelossattributabletononcontrollinginterest": -1300000,
        "comprehensiveincomenetoftax": -76400000,
        "salesrevenuenet": -233800000,
        "costofgoodsandservicessold": 391600000,
        "sellinggeneralandadministrativeexpense": 150800000,
        "costsandexpenses": 542400000,
        "operatingincomeloss": 256400000,
        "interestanddebtexpense": 5100000,
        "othernonoperatingincomeexpense": -2700000,
        "incomelossfromcontinuingoperationsbeforeincometaxesminorityinterestandincomelossfromequitymethodinvestments": 74400000,
        "incometaxexpensebenefit": 2400000,
        "netincomeloss": 60200000,
        "earningspersharebasic": 1.66,
        "weightedaveragenumberofsharesoutstandingbasic": -75000000,
        "earningspersharediluted": 1.6100000000000005,
        "weightedaveragenumberofdilutedsharesoutstanding": -76300000
    },
    {
        "date": "2014-09-27",
        "symbol": "TDY",
        "period": "Q3",
        "profitloss": 54900000,
        "othercomprehensiveincomeforeigncurrencytransactionandtranslationgainlossarisingduringperiodnetoftax": -35800000,
        "othercomprehensiveincomeunrealizedgainlossonderivativesarisingduringperiodnetoftax": -1900000,
        "othercomprehensiveincomeminimumpensionliabilitynetadjustmentsnetoftax": -3100000,
        "othercomprehensiveincomelossnetoftax": 3100000,
        "comprehensiveincomenetoftaxincludingportionattributabletononcontrollinginterest": 20300000,
        "comprehensiveincomenetoftaxattributabletononcontrollinginterest": -700000,
        "comprehensiveincomenetoftax": 21000000,
        "salesrevenuenet": 151800000,
        "costofgoodsandservicessold": 375400000,
        "sellinggeneralandadministrativeexpense": 151400000,
        "costsandexpenses": 526800000,
        "operatingincomeloss": 21600000,
        "othernonoperatingincomeexpense": -600000,
        "interestanddebtexpense": 4600000,
        "incomelossfromcontinuingoperationsbeforeincometaxesminorityinterestandincomelossfromequitymethodinvestments": 67900000,
        "incometaxexpensebenefit": -1800000,
        "netincomelossattributabletononcontrollinginterest": -700000,
        "netincomeloss": 55600000,
        "earningspersharebasic": 1.49,
        "weightedaveragenumberofsharesoutstandingbasic": 37200000,
        "earningspersharediluted": 1.47,
        "weightedaveragenumberofdilutedsharesoutstanding": 37800000
    },
    {
        "date": "2014-06-28",
        "symbol": "TDY",
        "period": "Q2",
        "profitloss": 55800000,
        "othercomprehensiveincomeforeigncurrencytransactionandtranslationgainlossarisingduringperiodnetoftax": 16500000,
        "othercomprehensiveincomeunrealizedgainlossonderivativesarisingduringperiodnetoftax": 2500000,
        "othercomprehensiveincomeminimumpensionliabilitynetadjustmentsnetoftax": -2000000,
        "othercomprehensiveincomelossnetoftax": 16500000,
        "comprehensiveincomenetoftaxincludingportionattributabletononcontrollinginterest": 76800000,
        "comprehensiveincomenetoftaxattributabletononcontrollinginterest": -300000,
        "comprehensiveincomenetoftax": 77100000,
        "salesrevenuenet": 152200000,
        "costofgoodsandservicessold": 368400000,
        "sellinggeneralandadministrativeexpense": 154400000,
        "costsandexpenses": 522800000,
        "operatingincomeloss": 22900000,
        "othernonoperatingincomeexpense": -900000,
        "interestanddebtexpense": 4600000,
        "incomelossfromcontinuingoperationsbeforeincometaxesminorityinterestandincomelossfromequitymethodinvestments": 77900000,
        "incometaxexpensebenefit": -1200000,
        "netincomelossattributabletononcontrollinginterest": -300000,
        "netincomeloss": 56100000,
        "earningspersharebasic": 1.5,
        "weightedaveragenumberofsharesoutstandingbasic": 37400000,
        "earningspersharediluted": 1.47,
        "weightedaveragenumberofdilutedsharesoutstanding": 38100000
    },
    {
        "date": "2014-03-29",
        "symbol": "TDY",
        "period": "Q1",
        "profitloss": 46000000,
        "othercomprehensiveincomeforeigncurrencytransactionandtranslationgainlossarisingduringperiodnetoftax": -9400000,
        "othercomprehensiveincomeunrealizedgainlossonderivativesarisingduringperiodnetoftax": -1000000,
        "othercomprehensiveincomeminimumpensionliabilitynetadjustmentsnetoftax": -2900000,
        "othercomprehensiveincomelossnetoftax": 2900000,
        "comprehensiveincomenetoftaxincludingportionattributabletononcontrollinginterest": 38500000,
        "comprehensiveincomenetoftaxattributabletononcontrollinginterest": 200000,
        "comprehensiveincomenetoftax": 38300000,
        "salesrevenuenet": 101900000,
        "costofgoodsandservicessold": 351700000,
        "sellinggeneralandadministrativeexpense": 155800000,
        "costsandexpenses": 507500000,
        "operatingincomeloss": 37500000,
        "othernonoperatingincomeexpense": 600000,
        "interestanddebtexpense": 4700000,
        "incomelossfromcontinuingoperationsbeforeincometaxesminorityinterestandincomelossfromequitymethodinvestments": 61900000,
        "incometaxexpensebenefit": -300000,
        "netincomelossattributabletononcontrollinginterest": 200000,
        "netincomeloss": 45800000,
        "earningspersharebasic": 1.22,
        "weightedaveragenumberofsharesoutstandingbasic": 37500000,
        "earningspersharediluted": 1.2,
        "weightedaveragenumberofdilutedsharesoutstanding": 38300000
    },
    {
        "date": "2013-12-28",
        "symbol": "TDY",
        "period": "Q4",
        "profitloss": 55000000,
        "othercomprehensiveincomeforeigncurrencytransactionandtranslationgainlossarisingduringperiodnetoftax": -7500000,
        "othercomprehensiveincomeunrealizedgainlossonderivativesarisingduringperiodnetoftax": -1100000,
        "othercomprehensiveincomelossnetoftax": -1100000,
        "netincomelossattributabletononcontrollinginterest": -400000,
        "comprehensiveincomenetoftax": 155300000,
        "salesrevenuenet": 271600000,
        "costofgoodsandservicessold": 382000000,
        "sellinggeneralandadministrativeexpense": 151100000,
        "costsandexpenses": 533100000,
        "operatingincomeloss": -31000000,
        "othernonoperatingincomeexpense": -300000,
        "interestanddebtexpense": 4800000,
        "incomelossfromcontinuingoperationsbeforeincometaxesminorityinterestandincomelossfromequitymethodinvestments": 64000000,
        "incometaxexpensebenefit": -70800000,
        "netincomeloss": 54900000,
        "earningspersharebasic": 1.47,
        "weightedaveragenumberofsharesoutstandingbasic": -74500000,
        "earningspersharediluted": 1.4400000000000002,
        "weightedaveragenumberofdilutedsharesoutstanding": -75900000
    },
    {
        "date": "2013-09-28",
        "symbol": "TDY",
        "period": "Q3",
        "profitloss": 46900000,
        "othercomprehensiveincomeforeigncurrencytransactionandtranslationgainlossarisingduringperiodnetoftax": 21700000,
        "othercomprehensiveincomeunrealizedgainlossonderivativesarisingduringperiodnetoftax": 1500000,
        "othercomprehensiveincomeminimumpensionliabilitynetadjustmentsnetoftax": -5200000,
        "othercomprehensiveincomelossnetoftax": 1500000,
        "comprehensiveincomenetoftaxincludingportionattributabletononcontrollinginterest": 75300000,
        "comprehensiveincomenetoftaxattributabletononcontrollinginterest": -100000,
        "othercomprehensiveincomeforeigncurrencytransactionandtranslationadjustmentnetoftaxportionattributabletononcontrollinginterest": 3600000,
        "othercomprehensiveincomelossnetoftaxportionattributabletononcontrollinginterest": 3500000,
        "comprehensiveincomenetoftax": 71800000,
        "salesrevenuenet": 105200000,
        "costofgoodsandservicessold": 369000000,
        "sellinggeneralandadministrativeexpense": 149600000,
        "costsandexpenses": 518600000,
        "operatingincomeloss": 39900000,
        "othernonoperatingincomeexpense": -700000,
        "interestanddebtexpense": 5100000,
        "incomelossfromcontinuingoperationsbeforeincometaxesminorityinterestandincomelossfromequitymethodinvestments": 47200000,
        "incometaxexpensebenefit": -3400000,
        "netincomelossattributabletononcontrollinginterest": 100000,
        "netincomeloss": 46800000,
        "earningspersharebasic": 1.25,
        "weightedaveragenumberofsharesoutstandingbasic": 37300000,
        "earningspersharediluted": 1.23,
        "weightedaveragenumberofdilutedsharesoutstanding": 38100000
    },
    {
        "date": "2013-06-29",
        "symbol": "TDY",
        "period": "Q2",
        "profitloss": 43300000,
        "othercomprehensiveincomeforeigncurrencytransactionandtranslationgainlossarisingduringperiodnetoftax": -10600000,
        "othercomprehensiveincomeunrealizedgainlossonderivativesarisingduringperiodnetoftax": -900000,
        "othercomprehensiveincomeminimumpensionliabilitynetadjustmentsnetoftax": -10900000,
        "othercomprehensiveincomelossnetoftax": -900000,
        "comprehensiveincomenetoftaxincludingportionattributabletononcontrollinginterest": 42700000,
        "comprehensiveincomenetoftaxattributabletononcontrollinginterest": 400000,
        "othercomprehensiveincomeforeigncurrencytransactionandtranslationadjustmentnetoftaxportionattributabletononcontrollinginterest": -1600000,
        "othercomprehensiveincomelossnetoftaxportionattributabletononcontrollinginterest": -1200000,
        "comprehensiveincomenetoftax": 43900000,
        "salesrevenuenet": 8700000,
        "costofgoodsandservicessold": 383600000,
        "sellinggeneralandadministrativeexpense": 152500000,
        "costsandexpenses": 536100000,
        "operatingincomeloss": 7900000,
        "othernonoperatingincomeexpense": -200000,
        "interestanddebtexpense": 5100000,
        "incomelossfromcontinuingoperationsbeforeincometaxesminorityinterestandincomelossfromequitymethodinvestments": 59800000,
        "incometaxexpensebenefit": -6800000,
        "netincomelossattributabletononcontrollinginterest": 400000,
        "netincomeloss": 42900000,
        "earningspersharebasic": 1.15,
        "weightedaveragenumberofsharesoutstandingbasic": 37300000,
        "earningspersharediluted": 1.13,
        "weightedaveragenumberofdilutedsharesoutstanding": 38000000
    },
    {
        "date": "2013-03-30",
        "symbol": "TDY",
        "period": "Q1",
        "profitloss": 39800000,
        "othercomprehensiveincomeforeigncurrencytransactionandtranslationgainlossarisingduringperiodnetoftax": -18800000,
        "othercomprehensiveincomeunrealizedgainlossonderivativesarisingduringperiodnetoftax": -900000,
        "othercomprehensiveincomeminimumpensionliabilitynetadjustmentsnetoftax": -200000,
        "othercomprehensiveincomelossnetoftax": -900000,
        "comprehensiveincomenetoftaxincludingportionattributabletononcontrollinginterest": 20300000,
        "comprehensiveincomenetoftaxattributabletononcontrollinginterest": -600000,
        "othercomprehensiveincomeforeigncurrencytransactionandtranslationadjustmentnetoftaxportionattributabletononcontrollinginterest": -1000000,
        "othercomprehensiveincomelossnetoftaxportionattributabletononcontrollinginterest": -1600000,
        "comprehensiveincomenetoftax": 21900000,
        "salesrevenuenet": 102400000,
        "costofgoodsandservicessold": 365400000,
        "sellinggeneralandadministrativeexpense": 145100000,
        "costsandexpenses": 510500000,
        "operatingincomeloss": 5200000,
        "othernonoperatingincomeexpense": -500000,
        "interestanddebtexpense": 5400000,
        "incomelossfromcontinuingoperationsbeforeincometaxesminorityinterestandincomelossfromequitymethodinvestments": 53000000,
        "incometaxexpensebenefit": -100000,
        "netincomelossattributabletononcontrollinginterest": -600000,
        "netincomeloss": 40400000,
        "earningspersharebasic": 1.09,
        "weightedaveragenumberofsharesoutstandingbasic": 37200000,
        "earningspersharediluted": 1.07,
        "weightedaveragenumberofdilutedsharesoutstanding": 37800000
    },
    {
        "date": "2012-12-29",
        "symbol": "TDY",
        "period": "Q4",
        "profitloss": 45800000,
        "othercomprehensiveincomeforeigncurrencytransactionandtranslationgainlossarisingduringperiodnetoftax": -4400000,
        "comprehensiveincomenetoftax": -10400000,
        "salesrevenuenet": -332300000,
        "costofgoodsandservicessold": 359000000,
        "sellinggeneralandadministrativeexpense": 140800000,
        "costsandexpenses": 499800000,
        "operatingincomeloss": -43100000,
        "othernonoperatingincomeexpense": 700000,
        "interestanddebtexpense": 5200000,
        "incomelossfromcontinuingoperationsbeforeincometaxesminorityinterestandincomelossfromequitymethodinvestments": 63100000,
        "incometaxexpensebenefit": 18600000,
        "incomelossfromcontinuingoperationsincludingportionattributabletononcontrollinginterest": 44500000,
        "netincomelossattributabletononcontrollinginterest": 400000,
        "incomelossfromcontinuingoperations": 43900000,
        "netincomelossavailabletocommonstockholdersbasic": 46200000,
        "incomelossfromcontinuingoperationsperbasicshare": 1.19,
        "earningspersharebasic": 1.2499999999999996,
        "weightedaveragenumberofsharesoutstandingbasic": -73100000,
        "incomelossfromcontinuingoperationsperdilutedshare": 1.1700000000000004,
        "earningspersharediluted": 1.23,
        "weightedaveragenumberofdilutedsharesoutstanding": -74500000
    },
    {
        "date": "2012-09-29",
        "symbol": "TDY",
        "period": "Q3",
        "netincomelossavailabletocommonstockholdersbasic": 42700000,
        "othercomprehensiveincomeforeigncurrencytransactionandtranslationgainlossarisingduringperiodnetoftax": 16200000,
        "othercomprehensiveincomeunrealizedgainlossonderivativesarisingduringperiodnetoftax": 2100000,
        "othercomprehensiveincomelossreclassificationadjustmentonderivativesincludedinnetincomenetoftax": 300000,
        "othercomprehensiveincomeminimumpensionliabilitynetadjustmentsnetoftax": -3100000,
        "othercomprehensiveincomelossnetoftax": 21700000,
        "comprehensiveincomenetoftaxincludingportionattributabletononcontrollinginterest": 64400000,
        "othercomprehensiveincomelossnetoftaxportionattributabletononcontrollinginterest": 400000,
        "comprehensiveincomenetoftax": 64000000,
        "othercomprehensiveincomelosstax": 2700000,
        "salesrevenuenet": 164200000,
        "costofgoodsandservicessold": 349000000,
        "sellinggeneralandadministrativeexpense": 138100000,
        "costsandexpenses": 487100000,
        "operatingincomeloss": 8300000,
        "othernonoperatingincomeexpense": 1200000,
        "interestanddebtexpense": 4500000,
        "incomelossfromcontinuingoperationsbeforeincometaxesminorityinterestandincomelossfromequitymethodinvestments": 57000000,
        "incometaxexpensebenefit": 13900000,
        "incomelossfromcontinuingoperationsincludingportionattributabletononcontrollinginterest": 43100000,
        "profitloss": 43100000,
        "netincomelossattributabletononcontrollinginterest": 400000,
        "netincomeloss": 42700000,
        "incomelossfromcontinuingoperations": 42700000,
        "incomelossfromcontinuingoperationsperbasicshare": 1.16,
        "earningspersharebasic": 1.16,
        "weightedaveragenumberofsharesoutstandingbasic": 36700000,
        "incomelossfromcontinuingoperationsperdilutedshare": 1.14,
        "earningspersharediluted": 1.14,
        "weightedaveragenumberofdilutedsharesoutstanding": 37400000
    },
    {
        "date": "2012-06-30",
        "symbol": "TDY",
        "period": "Q2",
        "salesrevenuenet": 96700000,
        "costofgoodsandservicessold": 343000000,
        "sellinggeneralandadministrativeexpense": 115800000,
        "costsandexpenses": 458800000,
        "operatingincomeloss": 28000000,
        "othernonoperatingincomeexpense": 1400000,
        "interestanddebtexpense": 4100000,
        "incomelossfromcontinuingoperationsbeforeincometaxesminorityinterestandincomelossfromequitymethodinvestments": 57000000,
        "incometaxexpensebenefit": 17400000,
        "incomelossfromcontinuingoperationsincludingportionattributabletononcontrollinginterest": 39600000,
        "profitloss": 39600000,
        "netincomelossattributabletononcontrollinginterest": 100000,
        "netincomelossavailabletocommonstockholdersbasic": 39500000,
        "incomelossfromcontinuingoperations": 39500000,
        "incomelossfromcontinuingoperationsperbasicshare": 1.08,
        "earningspersharebasic": 1.08,
        "weightedaveragenumberofsharesoutstandingbasic": 36600000,
        "incomelossfromcontinuingoperationsperdilutedshare": 1.06,
        "earningspersharediluted": 1.06,
        "weightedaveragenumberofdilutedsharesoutstanding": 37300000,
        "othercomprehensiveincomeforeigncurrencytransactionandtranslationgainlossarisingduringperiodnetoftax": -9100000,
        "othercomprehensiveincomeeffectiveportionofcashflowhedgesarisingduringperiodnetoftax": -1400000,
        "othercomprehensiveincomelossnetoftax": -10500000,
        "comprehensiveincomenetoftaxincludingportionattributabletononcontrollinginterest": 29000000,
        "othercomprehensiveincomelossnetoftaxportionattributabletononcontrollinginterest": 100000,
        "comprehensiveincomenetoftax": 29100000
    },
    {
        "date": "2012-03-31",
        "symbol": "TDY",
        "period": "Q1",
        "salesrevenuenet": 96000000,
        "costofgoodsandservicessold": 328100000,
        "sellinggeneralandadministrativeexpense": 110400000,
        "costsandexpenses": 438500000,
        "operatingincomeloss": 31600000,
        "othernonoperatingincomeexpense": -400000,
        "interestanddebtexpense": 4000000,
        "incomelossfromcontinuingoperationsbeforeincometaxesminorityinterestandincomelossfromequitymethodinvestments": 51100000,
        "incometaxexpensebenefit": 15500000,
        "incomelossfromcontinuingoperationsincludingportionattributabletononcontrollinginterest": 35600000,
        "profitloss": 35600000,
        "netincomelossattributabletononcontrollinginterest": 100000,
        "netincomelossavailabletocommonstockholdersbasic": 35700000,
        "incomelossfromcontinuingoperations": 35700000,
        "incomelossfromcontinuingoperationsperbasicshare": 0.98,
        "earningspersharebasic": 0.98,
        "weightedaveragenumberofsharesoutstandingbasic": 36500000,
        "incomelossfromcontinuingoperationsperdilutedshare": 0.96,
        "earningspersharediluted": 0.96,
        "weightedaveragenumberofdilutedsharesoutstanding": 37200000,
        "othercomprehensiveincomeforeigncurrencytransactionandtranslationgainlossarisingduringperiodnetoftax": 11600000,
        "othercomprehensiveincomeeffectiveportionofcashflowhedgesarisingduringperiodnetoftax": 1900000,
        "othercomprehensiveincomeminimumpensionliabilitynetadjustmentnetoftax": 100000,
        "othercomprehensiveincomelossnetoftaxperiodincreasedecrease": 13400000,
        "comprehensiveincomenetoftaxincludingportionattributabletononcontrollinginterest": 49100000,
        "comprehensiveincomenetoftax": 49100000
    },
    {
        "date": "2011-12-31",
        "symbol": "TDY",
        "period": "Q4",
        "salesrevenuenet": 354300000,
        "costofgoodsandservicessold": 315700000,
        "sellinggeneralandadministrativeexpense": 105000000,
        "costsandexpenses": 420700000,
        "operatingincomeloss": 132600000,
        "interestanddebtexpense": 3800000,
        "othernonoperatingincomeexpense": 3100000,
        "incomelossfromcontinuingoperationsbeforeincometaxesminorityinterestandincomelossfromequitymethodinvestments": 53100000,
        "incometaxexpensebenefit": 16400000,
        "profitloss": 36700000,
        "netincomelossattributabletononcontrollinginterest": -200000,
        "netincomelossavailabletocommonstockholdersbasic": 36800000,
        "incomelossfromcontinuingoperationsperbasicshare": 1,
        "incomelossfromdiscontinuedoperationsnetoftaxperbasicshare": -1.3877787807814457e-17,
        "earningspersharebasic": 0.9999999999999999,
        "incomelossfromcontinuingoperationsperdilutedshare": 0.9900000000000003,
        "incomelossfromdiscontinuedoperationsnetoftaxperdilutedshare": -1.3877787807814457e-17,
        "earningspersharediluted": 0.9900000000000005
    },
    {
        "date": "2011-10-01",
        "symbol": "TDY",
        "period": "Q3",
        "salesrevenuenet": -545800000,
        "costofgoodsandservicessold": 331300000,
        "sellinggeneralandadministrativeexpense": 108300000,
        "costsandexpenses": 439600000,
        "operatingincomeloss": 15500000,
        "othernonoperatingincomeexpense": -3800000,
        "interestanddebtexpense": 3700000,
        "incomelossfromcontinuingoperationsbeforeincometaxesminorityinterestandincomelossfromequitymethodinvestments": 49300000,
        "incometaxexpensebenefit": 15200000,
        "profitloss": 33600000,
        "netincomelossattributabletononcontrollinginterest": -500000,
        "netincomelossavailabletocommonstockholdersbasic": 34100000,
        "incomelossfromcontinuingoperationsperbasicshare": 0.9299999999999998,
        "incomelossfromdiscontinuedoperationsnetoftaxperbasicshare": 0.09000000000000001,
        "earningspersharebasic": 0.9299999999999996,
        "weightedaveragenumberofsharesoutstandingbasic": -36500000,
        "incomelossfromcontinuingoperationsperdilutedshare": 0.9099999999999998,
        "incomelossfromdiscontinuedoperationsnetoftaxperdilutedshare": 0.09000000000000001,
        "earningspersharediluted": 0.9099999999999996,
        "weightedaveragenumberofdilutedsharesoutstanding": -37200000
    },
    {
        "date": "2011-07-02",
        "symbol": "TDY",
        "period": "Q2",
        "salesrevenuenet": 96200000,
        "costofgoodsandservicessold": 330600000,
        "sellinggeneralandadministrativeexpense": 110400000,
        "costsandexpenses": 441000000,
        "operatingincomeloss": 24400000,
        "othernonoperatingincomeexpense": 1600000,
        "interestanddebtexpense": 4300000,
        "incomelossfromcontinuingoperationsbeforeincometaxesminorityinterestandincomelossfromequitymethodinvestments": 59200000,
        "incometaxexpensebenefit": 20400000,
        "incomelossfromcontinuingoperationsincludingportionattributabletononcontrollinginterest": 38800000,
        "discontinuedoperationincomelossfromdiscontinuedoperationduringphaseoutperiodnetoftax": -200000,
        "discontinuedoperationgainlossondisposalofdiscontinuedoperationnetoftax": 113800000,
        "profitloss": 152400000,
        "netincomelossattributabletononcontrollinginterest": 100000,
        "netincomelossavailabletocommonstockholdersbasic": 152300000,
        "incomelossfromcontinuingoperations": 38700000,
        "incomelossfromcontinuingoperationsperbasicshare": 1.06,
        "incomelossfromdiscontinuedoperationsnetoftaxperbasicshare": -0.01,
        "gainonsaleofdiscontinuedoperationsnetoftaxperbasicshare": 3.11,
        "earningspersharebasic": 4.16,
        "weightedaveragenumberofsharesoutstandingbasic": 36600000,
        "incomelossfromcontinuingoperationsperdilutedshare": 1.04,
        "incomelossfromdiscontinuedoperationsnetoftaxperdilutedshare": -0.01,
        "gainonsaleofdiscontinuedoperationsnetoftaxperdilutedshare": 3.05,
        "earningspersharediluted": 4.08,
        "weightedaveragenumberofdilutedsharesoutstanding": 37300000
    },
    {
        "date": "2011-04-02",
        "symbol": "TDY",
        "period": "Q1",
        "salesrevenuenet": 468100000,
        "costofgoodsandservicessold": 313100000,
        "sellinggeneralandadministrativeexpense": 100300000,
        "costsandexpenses": 413400000,
        "operatingincomeloss": 54700000,
        "othernonoperatingincomeexpense": -300000,
        "interestanddebtexpense": 4400000,
        "incomelossfromcontinuingoperationsbeforeincometaxesminorityinterestandincomelossfromequitymethodinvestments": 50000000,
        "incometaxexpensebenefit": 17500000,
        "profitloss": 32500000,
        "netincomelossattributabletononcontrollinginterest": 500000,
        "netincomelossavailabletocommonstockholdersbasic": 32000000,
        "incomelossfromcontinuingoperationsperbasicshare": 0.89,
        "incomelossfromdiscontinuedoperationsnetoftaxperbasicshare": -0.1,
        "earningspersharebasic": 0.88,
        "weightedaveragenumberofsharesoutstandingbasic": 36500000,
        "incomelossfromcontinuingoperationsperdilutedshare": 0.87,
        "incomelossfromdiscontinuedoperationsnetoftaxperdilutedshare": -0.1,
        "earningspersharediluted": 0.86,
        "weightedaveragenumberofdilutedsharesoutstanding": 37200000
    },
    {
        "date": "2010-10-02",
        "symbol": "TDY",
        "period": "Q3",
        "salesrevenuenet": 443900000,
        "costofgoodsandservicessold": 307600000,
        "sellinggeneralandadministrativeexpense": 89400000,
        "costsandexpenses": 397000000,
        "operatingincomeloss": 46900000,
        "othernonoperatingincomeexpense": -300000,
        "interestanddebtexpense": 1400000,
        "incomelossfromcontinuingoperationsbeforeincometaxesminorityinterestandincomelossfromequitymethodinvestments": 45200000,
        "incometaxexpensebenefit": 14800000,
        "profitloss": 30400000,
        "netincomelossattributabletononcontrollinginterest": 100000,
        "netincomelossavailabletocommonstockholdersbasic": 30300000,
        "earningspersharebasic": 0.84,
        "weightedaveragenumberofsharesoutstandingbasic": 36200000,
        "earningspersharediluted": 0.82,
        "weightedaveragenumberofdilutedsharesoutstanding": 36800000
    },
    {
        "date": "2010-07-03",
        "symbol": "TDY",
        "period": "Q2",
        "salesrevenuenet": 442500000,
        "costofgoodsandservicessold": 309900000,
        "sellinggeneralandadministrativeexpense": 86900000,
        "costsandexpenses": 396800000,
        "operatingincomeloss": 45700000,
        "othernonoperatingincomeexpense": 500000,
        "interestanddebtexpense": 700000,
        "incomelossfromcontinuingoperationsbeforeincometaxesminorityinterestandincomelossfromequitymethodinvestments": 45500000,
        "incometaxexpensebenefit": 16900000,
        "profitloss": 28600000,
        "netincomelossavailabletocommonstockholdersbasic": 28600000,
        "earningspersharebasic": 0.79,
        "weightedaveragenumberofsharesoutstandingbasic": 36200000,
        "earningspersharediluted": 0.78,
        "weightedaveragenumberofdilutedsharesoutstanding": 36900000
    }
]