[
    {
        "date": "2024-10-30",
        "symbol": "A",
        "period": "Q4",
        "revenuefromcontractwithcustomerexcludingassessedtax": 1701000000,
        "costofgoodsandservicessold": 785000000,
        "researchanddevelopmentexpense": 111000000,
        "sellinggeneralandadministrativeexpense": 397000000,
        "costsandexpenses": 1293000000,
        "operatingincomeloss": 408000000,
        "investmentincomeinterest": 24000000,
        "interestexpense": 32000000,
        "othernonoperatingincomeexpense": 1000000,
        "incomelossfromcontinuingoperationsbeforeincometaxesextraordinaryitemsnoncontrollinginterest": 401000000,
        "incometaxexpensebenefit": -181000000,
        "netincomeloss": 351000000,
        "earningspersharebasic": 1.23,
        "earningspersharediluted": 1.2299999999999993,
        "weightedaveragenumberofsharesoutstandingbasic": 290000000,
        "weightedaveragenumberofdilutedsharesoutstanding": 291000000,
        "othercomprehensiveincomelosscashflowhedgegainlossbeforereclassificationaftertax": -4000000,
        "othercomprehensiveincomelosscashflowhedgegainlossreclassificationaftertax": -4000000,
        "othercomprehensiveincomeforeigncurrencytransactionandtranslationgainlossarisingduringperiodnetoftax": -32000000,
        "othercomprehensiveincomedefinedbenefitplansnetunamortizedgainlossarisingduringperiodnetoftax": 59000000,
        "othercomprehensiveincomelossnetoftax": 26000000
    },
    {
        "date": "2024-07-30",
        "symbol": "A",
        "period": "Q3",
        "revenuefromcontractwithcustomerexcludingassessedtax": 2475000000,
        "costofgoodsandservicessold": 1195000000,
        "researchanddevelopmentexpense": 127000000,
        "sellinggeneralandadministrativeexpense": 395000000,
        "costsandexpenses": 1245000000,
        "operatingincomeloss": 333000000,
        "investmentincomeinterest": 19000000,
        "interestexpense": 22000000,
        "othernonoperatingincomeexpense": 13000000,
        "incomelossfromcontinuingoperationsbeforeincometaxesextraordinaryitemsnoncontrollinginterest": 343000000,
        "incometaxexpensebenefit": 61000000,
        "netincomeloss": 282000000,
        "earningspersharebasic": 0.9700000000000002,
        "earningspersharediluted": 0.9700000000000004,
        "weightedaveragenumberofsharesoutstandingbasic": 292000000,
        "weightedaveragenumberofdilutedsharesoutstanding": 293000000,
        "othercomprehensiveincomelosscashflowhedgegainlossbeforereclassificationaftertax": -3000000,
        "othercomprehensiveincomelosscashflowhedgegainlossreclassificationaftertax": 2000000,
        "othercomprehensiveincomeforeigncurrencytransactionandtranslationgainlossarisingduringperiodnetoftax": 13000000,
        "othercomprehensiveincomedefinedbenefitplansnetunamortizedgainlossarisingduringperiodnetoftax": -2000000,
        "othercomprehensiveincomelossnetoftax": 6000000,
        "comprehensiveincomenetoftaxincludingportionattributabletononcontrollinginterest": 288000000,
        "othercomprehensiveincomelosscashflowhedgegainlossbeforereclassificationtax": 0,
        "othercomprehensiveincomedefinedbenefitplansnetunamortizedgainlossarisingduringperiodtax": -2000000
    },
    {
        "date": "2024-04-29",
        "symbol": "A",
        "period": "Q2",
        "revenuefromcontractwithcustomerexcludingassessedtax": 1125000000,
        "costofgoodsandservicessold": 481000000,
        "researchanddevelopmentexpense": 113000000,
        "sellinggeneralandadministrativeexpense": 380000000,
        "costsandexpenses": 1210000000,
        "operatingincomeloss": 363000000,
        "investmentincomeinterest": 19000000,
        "interestexpense": 20000000,
        "othernonoperatingincomeexpense": 12000000,
        "incomelossfromcontinuingoperationsbeforeincometaxesextraordinaryitemsnoncontrollinginterest": 374000000,
        "incometaxexpensebenefit": 66000000,
        "netincomeloss": 308000000,
        "earningspersharebasic": 1.05,
        "earningspersharediluted": 1.05,
        "weightedaveragenumberofsharesoutstandingbasic": 293000000,
        "weightedaveragenumberofdilutedsharesoutstanding": 293000000,
        "othercomprehensiveincomelosscashflowhedgegainlossbeforereclassificationaftertax": 7000000,
        "othercomprehensiveincomelosscashflowhedgegainlossreclassificationaftertax": 1000000,
        "othercomprehensiveincomeforeigncurrencytransactionandtranslationgainlossarisingduringperiodnetoftax": -24000000,
        "othercomprehensiveincomedefinedbenefitplansnetunamortizedgainlossarisingduringperiodnetoftax": -3000000,
        "othercomprehensiveincomelossnetoftax": -21000000,
        "comprehensiveincomenetoftaxincludingportionattributabletononcontrollinginterest": 287000000,
        "othercomprehensiveincomelosscashflowhedgegainlossbeforereclassificationtax": 2000000,
        "othercomprehensiveincomedefinedbenefitplansnetunamortizedgainlossarisingduringperiodtax": -1000000
    },
    {
        "date": "2024-01-30",
        "symbol": "A",
        "period": "Q1",
        "revenuefromcontractwithcustomerexcludingassessedtax": 1209000000,
        "costofgoodsandservicessold": 514000000,
        "researchanddevelopmentexpense": 128000000,
        "sellinggeneralandadministrativeexpense": 396000000,
        "costsandexpenses": 1274000000,
        "operatingincomeloss": 384000000,
        "investmentincomeinterest": 18000000,
        "interestexpense": 22000000,
        "othernonoperatingincomeexpense": 23000000,
        "incomelossfromcontinuingoperationsbeforeincometaxesextraordinaryitemsnoncontrollinginterest": 403000000,
        "incometaxexpensebenefit": 55000000,
        "netincomeloss": 348000000,
        "earningspersharebasic": 1.19,
        "earningspersharediluted": 1.18,
        "weightedaveragenumberofsharesoutstandingbasic": 293000000,
        "weightedaveragenumberofdilutedsharesoutstanding": 294000000,
        "othercomprehensiveincomelosscashflowhedgegainlossbeforereclassificationaftertax": -7000000,
        "othercomprehensiveincomelosscashflowhedgegainlossreclassificationaftertax": 2000000,
        "othercomprehensiveincomeforeigncurrencytransactionandtranslationgainlossarisingduringperiodnetoftax": 21000000,
        "othercomprehensiveincomedefinedbenefitplansnetunamortizedgainlossarisingduringperiodnetoftax": -1000000,
        "othercomprehensiveincomelossnetoftax": 11000000,
        "comprehensiveincomenetoftaxincludingportionattributabletononcontrollinginterest": 359000000,
        "othercomprehensiveincomelosscashflowhedgegainlossbeforereclassificationtax": -3000000,
        "othercomprehensiveincomelosscashflowhedgegainlossafterreclassificationtax": -1000000,
        "othercomprehensiveincomedefinedbenefitplansnetunamortizedgainlossarisingduringperiodtax": -1000000
    },
    {
        "date": "2023-10-30",
        "symbol": "A",
        "period": "Q4",
        "revenuefromcontractwithcustomerexcludingassessedtax": 549000000,
        "costofgoodsandservicessold": -167000000,
        "researchanddevelopmentexpense": 114000000,
        "sellinggeneralandadministrativeexpense": 393000000,
        "costsandexpenses": 1280000000,
        "operatingincomeloss": -56000000,
        "investmentincomeinterest": 17000000,
        "interestexpense": 22000000,
        "incomelossfromcontinuingoperationsbeforeincometaxesextraordinaryitemsnoncontrollinginterest": 420000000,
        "incometaxexpensebenefit": -55000000,
        "netincomeloss": 475000000,
        "earningspersharebasic": 1.63,
        "earningspersharediluted": 1.6100000000000003,
        "othercomprehensiveincomelosscashflowhedgegainlossbeforereclassificationaftertax": 10000000,
        "othercomprehensiveincomeforeigncurrencytransactionandtranslationgainlossarisingduringperiodnetoftax": -53000000,
        "othercomprehensiveincomedefinedbenefitplansnetunamortizedgainlossarisingduringperiodnetoftax": -13000000,
        "othercomprehensiveincomelossnetoftax": 33000000
    },
    {
        "date": "2023-07-30",
        "symbol": "A",
        "period": "Q3",
        "revenuefromcontractwithcustomerexcludingassessedtax": 1029000000,
        "costofgoodsandservicessold": 1014000000,
        "researchanddevelopmentexpense": 118000000,
        "sellinggeneralandadministrativeexpense": 407000000,
        "costsandexpenses": 1539000000,
        "operatingincomeloss": 490000000,
        "investmentincomeinterest": 13000000,
        "interestexpense": 24000000,
        "othernonoperatingincomeexpense": 10000000,
        "incomelossfromcontinuingoperationsbeforeincometaxesextraordinaryitemsnoncontrollinginterest": 132000000,
        "incometaxexpensebenefit": 21000000,
        "netincomeloss": 111000000,
        "earningspersharebasic": 0.38,
        "earningspersharediluted": 0.38,
        "weightedaveragenumberofsharesoutstandingbasic": 294000000,
        "weightedaveragenumberofdilutedsharesoutstanding": 295000000,
        "othercomprehensiveincomelosscashflowhedgegainlossbeforereclassificationaftertax": 2000000,
        "othercomprehensiveincomelosscashflowhedgegainlossreclassificationaftertax": -1000000,
        "othercomprehensiveincomeforeigncurrencytransactionandtranslationgainlossarisingduringperiodnetoftax": 9000000,
        "othercomprehensiveincomedefinedbenefitplansnetunamortizedgainlossarisingduringperiodnetoftax": -1000000,
        "othercomprehensiveincomelossnetoftax": 3000000,
        "comprehensiveincomenetoftaxincludingportionattributabletononcontrollinginterest": 122000000,
        "othercomprehensiveincomelosscashflowhedgegainlossafterreclassificationtax": 1000000,
        "othercomprehensiveincomelossforeigncurrencytranslationadjustmenttax": -1000000
    },
    {
        "date": "2023-04-29",
        "symbol": "A",
        "period": "Q2",
        "revenuefromcontractwithcustomerexcludingassessedtax": 1717000000,
        "costofgoodsandservicessold": 793000000,
        "researchanddevelopmentexpense": 126000000,
        "sellinggeneralandadministrativeexpense": 415000000,
        "costsandexpenses": 1334000000,
        "operatingincomeloss": 440000000,
        "investmentincomeinterest": 12000000,
        "interestexpense": 24000000,
        "incomelossfromcontinuingoperationsbeforeincometaxesextraordinaryitemsnoncontrollinginterest": 377000000,
        "incometaxexpensebenefit": 75000000,
        "netincomeloss": 302000000,
        "earningspersharebasic": 1.02,
        "earningspersharediluted": 1.0100000000000002,
        "weightedaveragenumberofsharesoutstandingbasic": 0,
        "weightedaveragenumberofdilutedsharesoutstanding": 0,
        "othercomprehensiveincomelosscashflowhedgegainlossbeforereclassificationaftertax": 7000000,
        "othercomprehensiveincomelosscashflowhedgegainlossreclassificationaftertax": -3000000,
        "othercomprehensiveincomeforeigncurrencytransactionandtranslationgainlossarisingduringperiodnetoftax": -13000000,
        "othercomprehensiveincomedefinedbenefitplansnetunamortizedgainlossarisingduringperiodnetoftax": 2000000,
        "othercomprehensiveincomelossnetoftax": 10000000,
        "comprehensiveincomenetoftaxincludingportionattributabletononcontrollinginterest": 300000000,
        "othercomprehensiveincomelosscashflowhedgegainlossbeforereclassificationtax": 4000000,
        "othercomprehensiveincomelosscashflowhedgegainlossafterreclassificationtax": 1000000,
        "othercomprehensiveincomelossforeigncurrencytranslationadjustmenttax": 0
    },
    {
        "date": "2023-01-30",
        "symbol": "A",
        "period": "Q1",
        "revenuefromcontractwithcustomerexcludingassessedtax": 1756000000,
        "costofgoodsandservicessold": 788000000,
        "researchanddevelopmentexpense": 123000000,
        "sellinggeneralandadministrativeexpense": 419000000,
        "costsandexpenses": 1330000000,
        "operatingincomeloss": 476000000,
        "investmentincomeinterest": 9000000,
        "interestexpense": 25000000,
        "incomelossfromcontinuingoperationsbeforeincometaxesextraordinaryitemsnoncontrollinginterest": 410000000,
        "incometaxexpensebenefit": 58000000,
        "netincomeloss": 352000000,
        "earningspersharebasic": 1.19,
        "earningspersharediluted": 1.19,
        "weightedaveragenumberofsharesoutstandingbasic": 296000000,
        "weightedaveragenumberofdilutedsharesoutstanding": 297000000,
        "othercomprehensiveincomelosscashflowhedgegainlossbeforereclassificationaftertax": -22000000,
        "othercomprehensiveincomelosscashflowhedgegainlossreclassificationaftertax": 4000000,
        "othercomprehensiveincomeforeigncurrencytransactionandtranslationgainlossarisingduringperiodnetoftax": 91000000,
        "othercomprehensiveincomedefinedbenefitplansnetunamortizedgainlossarisingduringperiodnetoftax": 2000000,
        "othercomprehensiveincomelossnetoftax": -26000000,
        "comprehensiveincomenetoftaxincludingportionattributabletononcontrollinginterest": 419000000,
        "othercomprehensiveincomelosscashflowhedgegainlossbeforereclassificationtax": -9000000,
        "othercomprehensiveincomelosscashflowhedgegainlossafterreclassificationtax": -2000000,
        "othercomprehensiveincomelossforeigncurrencytranslationadjustmenttax": -1000000
    },
    {
        "date": "2022-10-30",
        "symbol": "A",
        "period": "Q4",
        "revenuefromcontractwithcustomerexcludingassessedtax": -2035000000,
        "costofgoodsandservicessold": 837000000,
        "researchanddevelopmentexpense": 119000000,
        "sellinggeneralandadministrativeexpense": 422000000,
        "costsandexpenses": 1378000000,
        "operatingincomeloss": 538000000,
        "investmentincomeinterest": 5000000,
        "interestexpense": 23000000,
        "othernonoperatingincomeexpense": 2000000,
        "incomelossfromcontinuingoperationsbeforeincometaxesextraordinaryitemsnoncontrollinginterest": 455000000,
        "incometaxexpensebenefit": -165000000,
        "netincomeloss": 368000000,
        "earningspersharebasic": 1.2300000000000004,
        "earningspersharediluted": 1.2399999999999993,
        "weightedaveragenumberofsharesoutstandingbasic": -599000000,
        "weightedaveragenumberofdilutedsharesoutstanding": -603000000,
        "othercomprehensiveincomelosscashflowhedgegainlossbeforereclassificationaftertax": 17000000,
        "othercomprehensiveincomelosscashflowhedgegainlossreclassificationaftertax": 12000000,
        "othercomprehensiveincomeforeigncurrencytransactionandtranslationgainlossarisingduringperiodnetoftax": -40000000,
        "othercomprehensiveincomedefinedbenefitplansnetunamortizedgainlossarisingduringperiodnetoftax": 50000000,
        "othercomprehensiveincomelossnetoftax": 5000000,
        "othercomprehensiveincomelosscashflowhedgegainlossbeforereclassificationtax": 5000000,
        "othercomprehensiveincomelosscashflowhedgegainlossafterreclassificationtax": -3000000,
        "othercomprehensiveincomedefinedbenefitplansnetunamortizedgainlossarisingduringperiodtax": 2000000
    },
    {
        "date": "2022-07-30",
        "symbol": "A",
        "period": "Q3",
        "revenuefromcontractwithcustomerexcludingassessedtax": 1718000000,
        "costofgoodsandservicessold": 779000000,
        "researchanddevelopmentexpense": 116000000,
        "sellinggeneralandadministrativeexpense": 412000000,
        "costsandexpenses": 1307000000,
        "operatingincomeloss": 472000000,
        "investmentincomeinterest": 2000000,
        "interestexpense": 19000000,
        "othernonoperatingincomeexpense": 3000000,
        "incomelossfromcontinuingoperationsbeforeincometaxesextraordinaryitemsnoncontrollinginterest": 397000000,
        "incometaxexpensebenefit": 68000000,
        "netincomeloss": 329000000,
        "earningspersharebasic": 1.1,
        "earningspersharediluted": 1.1,
        "weightedaveragenumberofsharesoutstandingbasic": 298000000,
        "weightedaveragenumberofdilutedsharesoutstanding": 299000000,
        "othercomprehensiveincomelosscashflowhedgegainlossbeforereclassificationaftertax": 4000000,
        "othercomprehensiveincomelosscashflowhedgegainlossreclassificationaftertax": 8000000,
        "othercomprehensiveincomeforeigncurrencytransactionandtranslationgainlossarisingduringperiodnetoftax": -29000000,
        "othercomprehensiveincomedefinedbenefitplansnetunamortizedgainlossarisingduringperiodnetoftax": 5000000,
        "othercomprehensiveincomedefinedbenefitplannetpriorservicecostscreditarisingduringperiodnetoftax": 1000000,
        "othercomprehensiveincomelossnetoftax": -4000000,
        "comprehensiveincomenetoftaxincludingportionattributabletononcontrollinginterest": 300000000,
        "othercomprehensiveincomelosscashflowhedgegainlossbeforereclassificationtax": 1000000,
        "othercomprehensiveincomelosscashflowhedgegainlossafterreclassificationtax": -3000000,
        "othercomprehensiveincomedefinedbenefitplansnetunamortizedgainlossarisingduringperiodtax": 2000000
    },
    {
        "date": "2022-04-29",
        "symbol": "A",
        "period": "Q2",
        "revenuefromcontractwithcustomerexcludingassessedtax": 1607000000,
        "costofgoodsandservicessold": 746000000,
        "researchanddevelopmentexpense": 115000000,
        "sellinggeneralandadministrativeexpense": 386000000,
        "costsandexpenses": 1247000000,
        "operatingincomeloss": 406000000,
        "investmentincomeinterest": 1000000,
        "interestexpense": 21000000,
        "othernonoperatingincomeexpense": -7000000,
        "incomelossfromcontinuingoperationsbeforeincometaxesextraordinaryitemsnoncontrollinginterest": 333000000,
        "incometaxexpensebenefit": 59000000,
        "netincomeloss": 274000000,
        "earningspersharebasic": 0.92,
        "earningspersharediluted": 0.91,
        "weightedaveragenumberofsharesoutstandingbasic": 299000000,
        "weightedaveragenumberofdilutedsharesoutstanding": 301000000,
        "othercomprehensiveincomelosscashflowhedgegainlossbeforereclassificationaftertax": 16000000,
        "othercomprehensiveincomelosscashflowhedgegainlossreclassificationaftertax": 4000000,
        "othercomprehensiveincomeforeigncurrencytransactionandtranslationgainlossarisingduringperiodnetoftax": -54000000,
        "othercomprehensiveincomedefinedbenefitplansnetunamortizedgainlossarisingduringperiodnetoftax": 7000000,
        "othercomprehensiveincomelossnetoftax": 12000000,
        "comprehensiveincomenetoftaxincludingportionattributabletononcontrollinginterest": 239000000,
        "othercomprehensiveincomelosscashflowhedgegainlossbeforereclassificationtax": 5000000,
        "othercomprehensiveincomelosscashflowhedgegainlossafterreclassificationtax": -1000000,
        "othercomprehensiveincomedefinedbenefitplansnetunamortizedgainlossarisingduringperiodtax": 3000000
    },
    {
        "date": "2022-01-30",
        "symbol": "A",
        "period": "Q1",
        "revenuefromcontractwithcustomerexcludingassessedtax": 1674000000,
        "costofgoodsandservicessold": 764000000,
        "researchanddevelopmentexpense": 117000000,
        "sellinggeneralandadministrativeexpense": 417000000,
        "costsandexpenses": 1298000000,
        "operatingincomeloss": 441000000,
        "investmentincomeinterest": 1000000,
        "interestexpense": 21000000,
        "othernonoperatingincomeexpense": -37000000,
        "incomelossfromcontinuingoperationsbeforeincometaxesextraordinaryitemsnoncontrollinginterest": 319000000,
        "incometaxexpensebenefit": 36000000,
        "netincomeloss": 283000000,
        "earningspersharebasic": 0.94,
        "earningspersharediluted": 0.93,
        "weightedaveragenumberofsharesoutstandingbasic": 301000000,
        "weightedaveragenumberofdilutedsharesoutstanding": 303000000,
        "othercomprehensiveincomelosscashflowhedgegainlossbeforereclassificationaftertax": 6000000,
        "othercomprehensiveincomelosscashflowhedgegainlossreclassificationaftertax": 2000000,
        "othercomprehensiveincomeforeigncurrencytransactionandtranslationgainlossarisingduringperiodnetoftax": -27000000,
        "othercomprehensiveincomedefinedbenefitplansnetunamortizedgainlossarisingduringperiodnetoftax": 7000000,
        "othercomprehensiveincomelossnetoftax": 4000000,
        "comprehensiveincomenetoftaxincludingportionattributabletononcontrollinginterest": 267000000,
        "othercomprehensiveincomelosscashflowhedgegainlossbeforereclassificationtax": 2000000,
        "othercomprehensiveincomelosscashflowhedgegainlossafterreclassificationtax": -1000000,
        "othercomprehensiveincomedefinedbenefitplansnetunamortizedgainlossarisingduringperiodtax": 2000000
    },
    {
        "date": "2021-07-30",
        "symbol": "A",
        "period": "Q3",
        "revenuefromcontractwithcustomerexcludingassessedtax": 437000000,
        "costofgoodsandservicessold": 116000000,
        "researchanddevelopmentexpense": 113000000,
        "sellinggeneralandadministrativeexpense": 403000000,
        "costsandexpenses": 1250000000,
        "operatingincomeloss": 192000000,
        "interestexpense": 21000000,
        "othernonoperatingincomeexpense": 12000000,
        "incomelossfromcontinuingoperationsbeforeincometaxesextraordinaryitemsnoncontrollinginterest": 327000000,
        "incometaxexpensebenefit": 63000000,
        "netincomeloss": 264000000,
        "earningspersharebasic": 0.8700000000000001,
        "earningspersharediluted": 0.86,
        "weightedaveragenumberofsharesoutstandingbasic": 0,
        "weightedaveragenumberofdilutedsharesoutstanding": -1000000,
        "othercomprehensiveincomelossreclassificationadjustmentfromaocionderivativesnetoftax": -4000000,
        "othercomprehensiveincomeforeigncurrencytransactionandtranslationgainlossarisingduringperiodnetoftax": -17000000,
        "othercomprehensiveincomedefinedbenefitplansnetunamortizedgainlossarisingduringperiodnetoftax": 11000000,
        "othercomprehensiveincomelossnetoftax": 62000000,
        "comprehensiveincomenetoftaxincludingportionattributabletononcontrollinginterest": 262000000,
        "othercomprehensiveincomelossreclassificationadjustmentfromaocionderivativestax": 1000000,
        "othercomprehensiveincomedefinedbenefitplansnetunamortizedgainlossarisingduringperiodtax": 3000000
    },
    {
        "date": "2021-04-29",
        "symbol": "A",
        "period": "Q2",
        "revenuefromcontractwithcustomerexcludingassessedtax": 1525000000,
        "costofgoodsandservicessold": 708000000,
        "researchanddevelopmentexpense": 109000000,
        "sellinggeneralandadministrativeexpense": 420000000,
        "costsandexpenses": 1237000000,
        "operatingincomeloss": 364000000,
        "interestexpense": 20000000,
        "othernonoperatingincomeexpense": 4000000,
        "incomelossfromcontinuingoperationsbeforeincometaxesextraordinaryitemsnoncontrollinginterest": 273000000,
        "incometaxexpensebenefit": 57000000,
        "netincomeloss": 216000000,
        "earningspersharebasic": 0.71,
        "earningspersharediluted": 0.7099999999999999,
        "weightedaveragenumberofsharesoutstandingbasic": -1000000,
        "weightedaveragenumberofdilutedsharesoutstanding": -1000000,
        "othercomprehensiveincomeunrealizedgainlossonderivativesarisingduringperiodnetoftax": 0,
        "othercomprehensiveincomelossreclassificationadjustmentfromaocionderivativesnetoftax": -4000000,
        "othercomprehensiveincomeforeigncurrencytransactionandtranslationgainlossarisingduringperiodnetoftax": 2000000,
        "othercomprehensiveincomedefinedbenefitplansnetunamortizedgainlossarisingduringperiodnetoftax": 12000000,
        "othercomprehensiveincomelossnetoftax": 4000000,
        "comprehensiveincomenetoftaxincludingportionattributabletononcontrollinginterest": 233000000,
        "othercomprehensiveincomeunrealizedgainlossonderivativesarisingduringperiodtax": 0,
        "othercomprehensiveincomelossreclassificationadjustmentfromaocionderivativestax": 2000000,
        "othercomprehensiveincomedefinedbenefitplansnetunamortizedgainlossarisingduringperiodtax": 4000000
    },
    {
        "date": "2021-01-30",
        "symbol": "A",
        "period": "Q1",
        "revenuefromcontractwithcustomerexcludingassessedtax": 1172000000,
        "costofgoodsandservicessold": 509000000,
        "researchanddevelopmentexpense": 103000000,
        "sellinggeneralandadministrativeexpense": 407000000,
        "costsandexpenses": 1220000000,
        "operatingincomeloss": 328000000,
        "interestexpense": 19000000,
        "othernonoperatingincomeexpense": 3000000,
        "incomelossfromcontinuingoperationsbeforeincometaxesextraordinaryitemsnoncontrollinginterest": 312000000,
        "incometaxexpensebenefit": 24000000,
        "netincomeloss": 288000000,
        "earningspersharebasic": 0.94,
        "earningspersharediluted": 0.93,
        "weightedaveragenumberofsharesoutstandingbasic": 306000000,
        "weightedaveragenumberofdilutedsharesoutstanding": 309000000,
        "othercomprehensiveincomeunrealizedgainlossonderivativesarisingduringperiodnetoftax": -4000000,
        "othercomprehensiveincomelossreclassificationadjustmentfromaocionderivativesnetoftax": -6000000,
        "othercomprehensiveincomeforeigncurrencytransactionandtranslationgainlossarisingduringperiodnetoftax": 42000000,
        "othercomprehensiveincomedefinedbenefitplansnetunamortizedgainlossarisingduringperiodnetoftax": 9000000,
        "othercomprehensiveincomelossnetoftax": 53000000,
        "comprehensiveincomenetoftaxincludingportionattributabletononcontrollinginterest": 341000000,
        "othercomprehensiveincomeunrealizedgainlossonderivativesarisingduringperiodtax": -2000000,
        "othercomprehensiveincomelossreclassificationadjustmentfromaocionderivativestax": 2000000,
        "othercomprehensiveincomedefinedbenefitplansnetunamortizedgainlossarisingduringperiodtax": 4000000
    },
    {
        "date": "2020-10-30",
        "symbol": "A",
        "period": "Q4",
        "revenuefromcontractwithcustomerexcludingassessedtax": 1449000000,
        "costofgoodsandservicessold": 683000000,
        "researchanddevelopmentexpense": 102000000,
        "sellinggeneralandadministrativeexpense": 387000000,
        "costsandexpenses": 1184000000,
        "operatingincomeloss": 395000000,
        "investmentincomeinterest": 1000000,
        "interestexpense": 19000000,
        "othernonoperatingincomeexpense": 2000000,
        "incometaxexpensebenefit": 61000000,
        "earningspersharebasic": 0.7199999999999999,
        "earningspersharediluted": 0.7099999999999996,
        "weightedaveragenumberofsharesoutstandingbasic": 0,
        "weightedaveragenumberofdilutedsharesoutstanding": 0,
        "othercomprehensiveincomeunrealizedgainlossonderivativesarisingduringperiodnetoftax": -5000000,
        "othercomprehensiveincomeforeigncurrencytransactionandtranslationgainlossarisingduringperiodnetoftax": -10000000,
        "othercomprehensiveincomedefinedbenefitplansnetunamortizedgainlossarisingduringperiodnetoftax": -33000000,
        "othercomprehensiveincomelossnetoftax": -38000000,
        "comprehensiveincomenetoftaxincludingportionattributabletononcontrollinginterest": 176000000
    },
    {
        "date": "2020-07-30",
        "symbol": "A",
        "period": "Q3",
        "othercomprehensiveincomedefinedbenefitplansnetunamortizedgainlossarisingduringperiodtax": 4000000,
        "othercomprehensiveincomelossamortizationadjustmentfromaocipensionandotherpostretirementbenefitplansfornetpriorservicecostcredittax": -1000000,
        "netincomeloss": 199000000,
        "othercomprehensiveincomeunrealizedgainlossonderivativesarisingduringperiodnetoftax": -7000000,
        "othercomprehensiveincomeforeigncurrencytransactionandtranslationgainlossarisingduringperiodnetoftax": 60000000,
        "othercomprehensiveincomedefinedbenefitplansnetunamortizedgainlossarisingduringperiodnetoftax": 10000000,
        "othercomprehensiveincomedefinedbenefitplannetpriorservicecostscreditarisingduringperiodnetoftax": 0,
        "othercomprehensiveincomelossnetoftax": 54000000,
        "comprehensiveincomenetoftaxincludingportionattributabletononcontrollinginterest": 261000000,
        "revenuefromcontractwithcustomerexcludingassessedtax": 598000000,
        "costofgoodsandservicessold": 242000000,
        "researchanddevelopmentexpense": 92000000,
        "sellinggeneralandadministrativeexpense": 347000000,
        "costsandexpenses": 1031000000,
        "operatingincomeloss": 134000000,
        "investmentincomeinterest": 1000000,
        "interestexpense": 19000000,
        "othernonoperatingincomeexpense": 7000000,
        "incomelossfromcontinuingoperationsbeforeincometaxesextraordinaryitemsnoncontrollinginterest": 219000000,
        "incometaxexpensebenefit": 20000000,
        "earningspersharebasic": 0.64,
        "earningspersharediluted": 0.64,
        "weightedaveragenumberofsharesoutstandingbasic": -310000000,
        "weightedaveragenumberofdilutedsharesoutstanding": -313000000
    },
    {
        "date": "2020-04-29",
        "symbol": "A",
        "period": "Q2",
        "othercomprehensiveincomedefinedbenefitplansnetunamortizedgainlossarisingduringperiodtax": 2000000,
        "othercomprehensiveincomelossamortizationadjustmentfromaocipensionandotherpostretirementbenefitplansfornetpriorservicecostcredittax": -1000000,
        "netincomeloss": 101000000,
        "othercomprehensiveincomeunrealizedgainlossonderivativesarisingduringperiodnetoftax": 2000000,
        "othercomprehensiveincomelossreclassificationadjustmentfromaocionderivativesnetoftax": 1000000,
        "othercomprehensiveincomeforeigncurrencytransactionandtranslationgainlossarisingduringperiodnetoftax": -29000000,
        "othercomprehensiveincomedefinedbenefitplansnetunamortizedgainlossarisingduringperiodnetoftax": 12000000,
        "othercomprehensiveincomedefinedbenefitplannetpriorservicecostscreditarisingduringperiodnetoftax": 1000000,
        "othercomprehensiveincomelossnetoftax": -17000000,
        "comprehensiveincomenetoftaxincludingportionattributabletononcontrollinginterest": 84000000,
        "revenuefromcontractwithcustomerexcludingassessedtax": 923000000,
        "costofgoodsandservicessold": 417000000,
        "researchanddevelopmentexpense": 197000000,
        "sellinggeneralandadministrativeexpense": 358000000,
        "costsandexpenses": 1136000000,
        "operatingincomeloss": 102000000,
        "investmentincomeinterest": 3000000,
        "interestexpense": 20000000,
        "othernonoperatingincomeexpense": 36000000,
        "incomelossfromcontinuingoperationsbeforeincometaxesextraordinaryitemsnoncontrollinginterest": 121000000,
        "incometaxexpensebenefit": 20000000,
        "earningspersharebasic": 0.33,
        "earningspersharediluted": 0.32,
        "weightedaveragenumberofsharesoutstandingbasic": 309000000,
        "weightedaveragenumberofdilutedsharesoutstanding": 312000000
    },
    {
        "date": "2020-01-30",
        "symbol": "A",
        "period": "Q1",
        "othercomprehensiveincomedefinedbenefitplansnetunamortizedgainlossarisingduringperiodtax": 3000000,
        "othercomprehensiveincomelossamortizationadjustmentfromaocipensionandotherpostretirementbenefitplansfornetpriorservicecostcredittax": 1000000,
        "netincomeloss": 197000000,
        "othercomprehensiveincomeunrealizedgainlossonderivativesarisingduringperiodnetoftax": 1000000,
        "othercomprehensiveincomeforeigncurrencytransactionandtranslationgainlossarisingduringperiodnetoftax": -11000000,
        "othercomprehensiveincomedefinedbenefitplansnetunamortizedgainlossarisingduringperiodnetoftax": 6000000,
        "othercomprehensiveincomedefinedbenefitplannetpriorservicecostscreditarisingduringperiodnetoftax": 3000000,
        "othercomprehensiveincomelossnetoftax": -7000000,
        "comprehensiveincomenetoftaxincludingportionattributabletononcontrollinginterest": 190000000,
        "revenuefromcontractwithcustomerexcludingassessedtax": 1023000000,
        "costofgoodsandservicessold": 454000000,
        "researchanddevelopmentexpense": 104000000,
        "sellinggeneralandadministrativeexpense": 404000000,
        "costsandexpenses": 1142000000,
        "operatingincomeloss": 215000000,
        "investmentincomeinterest": 3000000,
        "interestexpense": 20000000,
        "othernonoperatingincomeexpense": 21000000,
        "incomelossfromcontinuingoperationsbeforeincometaxesextraordinaryitemsnoncontrollinginterest": 219000000,
        "incometaxexpensebenefit": 22000000,
        "earningspersharebasic": 0.64,
        "earningspersharediluted": 0.63,
        "weightedaveragenumberofsharesoutstandingbasic": 310000000,
        "weightedaveragenumberofdilutedsharesoutstanding": 313000000
    },
    {
        "date": "2019-10-30",
        "symbol": "A",
        "period": "Q4",
        "othercomprehensiveincomeunrealizedgainlossonderivativesarisingduringperiodnetoftax": -6000000,
        "othercomprehensiveincomeforeigncurrencytransactionandtranslationgainlossarisingduringperiodnetoftax": 9000000,
        "othercomprehensiveincomedefinedbenefitplansnetunamortizedgainlossarisingduringperiodnetoftax": -110000000,
        "othercomprehensiveincomedefinedbenefitplannetpriorservicecostscreditarisingduringperiodnetoftax": 1000000,
        "othercomprehensiveincomelossnetoftax": -110000000,
        "comprehensiveincomenetoftaxincludingportionattributabletononcontrollinginterest": 84000000,
        "othercomprehensiveincomedefinedbenefitplansnetunamortizedgainlossarisingduringperiodtax": -36000000,
        "revenuefromcontractwithcustomerexcludingassessedtax": 1027000000,
        "costofgoodsandservicessold": 455000000,
        "researchanddevelopmentexpense": 102000000,
        "sellinggeneralandadministrativeexpense": 385000000,
        "costsandexpenses": 1117000000,
        "operatingincomeloss": 250000000,
        "investmentincomeinterest": 6000000,
        "interestexpense": 21000000,
        "othernonoperatingincomeexpense": -4000000,
        "incometaxexpensebenefit": 37000000,
        "earningspersharebasic": 0.6300000000000003,
        "earningspersharediluted": 0.6300000000000001
    },
    {
        "date": "2019-07-30",
        "symbol": "A",
        "period": "Q3",
        "netincomeloss": 191000000,
        "othercomprehensiveincomeunrealizedgainlossonderivativesarisingduringperiodnetoftax": 3000000,
        "othercomprehensiveincomeforeigncurrencytransactionandtranslationgainlossarisingduringperiodnetoftax": -12000000,
        "othercomprehensiveincomedefinedbenefitplansnetunamortizedgainlossarisingduringperiodnetoftax": 5000000,
        "othercomprehensiveincomedefinedbenefitplannetpriorservicecostscreditarisingduringperiodnetoftax": 2000000,
        "othercomprehensiveincomelossnetoftax": -6000000,
        "comprehensiveincomenetoftaxincludingportionattributabletononcontrollinginterest": 185000000,
        "othercomprehensiveincomedefinedbenefitplansnetunamortizedgainlossarisingduringperiodtax": 5000000,
        "revenuefromcontractwithcustomerexcludingassessedtax": 328000000,
        "costofgoodsandservicessold": 893000000,
        "researchanddevelopmentexpense": 101000000,
        "sellinggeneralandadministrativeexpense": 366000000,
        "costsandexpenses": 1049000000,
        "operatingincomeloss": 123000000,
        "investmentincomeinterest": 10000000,
        "interestexpense": 18000000,
        "othernonoperatingincomeexpense": 5000000,
        "incomelossfromcontinuingoperationsbeforeincometaxesextraordinaryitemsnoncontrollinginterest": 222000000,
        "incometaxexpensebenefit": 31000000,
        "earningspersharebasic": 0.6199999999999997,
        "earningspersharediluted": 0.6100000000000005
    },
    {
        "date": "2019-04-29",
        "symbol": "A",
        "period": "Q2",
        "netincomeloss": 182000000,
        "othercomprehensiveincomeunrealizedgainlossonderivativesarisingduringperiodnetoftax": 3000000,
        "othercomprehensiveincomelossreclassificationadjustmentfromaocionderivativesnetoftax": 0,
        "othercomprehensiveincomeforeigncurrencytransactionandtranslationgainlossarisingduringperiodnetoftax": -25000000,
        "othercomprehensiveincomedefinedbenefitplansnetunamortizedgainlossarisingduringperiodnetoftax": 6000000,
        "othercomprehensiveincomedefinedbenefitplannetpriorservicecostscreditarisingduringperiodnetoftax": 1000000,
        "othercomprehensiveincomelossnetoftax": -17000000,
        "comprehensiveincomenetoftaxincludingportionattributabletononcontrollinginterest": 165000000,
        "othercomprehensiveincomeunrealizedgainlossonderivativesarisingduringperiodtax": 1000000,
        "othercomprehensiveincomelossreclassificationadjustmentfromaocionderivativestax": 0,
        "othercomprehensiveincomelossforeigncurrencytranslationadjustmenttax": 0,
        "othercomprehensiveincomedefinedbenefitplansnetunamortizedgainlossarisingduringperiodtax": 2000000,
        "revenuefromcontractwithcustomerexcludingassessedtax": 1238000000,
        "costofgoodsandservicessold": -245000000,
        "researchanddevelopmentexpense": 99000000,
        "sellinggeneralandadministrativeexpense": 354000000,
        "costsandexpenses": 1022000000,
        "operatingincomeloss": 318000000,
        "investmentincomeinterest": 10000000,
        "interestexpense": 17000000,
        "othernonoperatingincomeexpense": 9000000,
        "incomelossfromcontinuingoperationsbeforeincometaxesextraordinaryitemsnoncontrollinginterest": 218000000,
        "incometaxexpensebenefit": 36000000,
        "earningspersharebasic": 0.5800000000000001,
        "earningspersharediluted": 0.5599999999999998,
        "weightedaveragenumberofsharesoutstandingbasic": 0,
        "weightedaveragenumberofdilutedsharesoutstanding": 0
    },
    {
        "date": "2019-01-30",
        "symbol": "A",
        "period": "Q1",
        "netincomeloss": 504000000,
        "othercomprehensiveincomeunrealizedgainlossonderivativesarisingduringperiodnetoftax": -4000000,
        "othercomprehensiveincomelossreclassificationadjustmentfromaocionderivativesnetoftax": 4000000,
        "othercomprehensiveincomeforeigncurrencytransactionandtranslationgainlossarisingduringperiodnetoftax": 38000000,
        "othercomprehensiveincomedefinedbenefitplansnetunamortizedgainlossarisingduringperiodnetoftax": 6000000,
        "othercomprehensiveincomedefinedbenefitplannetpriorservicecostscreditarisingduringperiodnetoftax": 2000000,
        "othercomprehensiveincomelossnetoftax": 34000000,
        "comprehensiveincomenetoftaxincludingportionattributabletononcontrollinginterest": 538000000,
        "othercomprehensiveincomeunrealizedgainlossonderivativesarisingduringperiodtax": -2000000,
        "othercomprehensiveincomelossreclassificationadjustmentfromaocionderivativestax": -1000000,
        "othercomprehensiveincomelossforeigncurrencytranslationadjustmenttax": -9000000,
        "othercomprehensiveincomedefinedbenefitplansnetunamortizedgainlossarisingduringperiodtax": 4000000,
        "revenuefromcontractwithcustomerexcludingassessedtax": 1284000000,
        "costofgoodsandservicessold": 577000000,
        "researchanddevelopmentexpense": 102000000,
        "sellinggeneralandadministrativeexpense": 355000000,
        "costsandexpenses": 1034000000,
        "operatingincomeloss": 250000000,
        "investmentincomeinterest": 10000000,
        "interestexpense": 18000000,
        "othernonoperatingincomeexpense": 6000000,
        "incomelossfromcontinuingoperationsbeforeincometaxesextraordinaryitemsnoncontrollinginterest": 248000000,
        "incometaxexpensebenefit": -256000000,
        "earningspersharebasic": 1.58,
        "earningspersharediluted": 1.57,
        "weightedaveragenumberofsharesoutstandingbasic": 318000000,
        "weightedaveragenumberofdilutedsharesoutstanding": 322000000
    },
    {
        "date": "2018-07-30",
        "symbol": "A",
        "period": "Q3",
        "netincomeloss": 236000000,
        "othercomprehensiveincomeunrealizedgainlossonderivativesarisingduringperiodnetoftax": 6000000,
        "othercomprehensiveincomelossreclassificationadjustmentfromaocionderivativesnetoftax": -1000000,
        "othercomprehensiveincomeforeigncurrencytransactionandtranslationgainlossarisingduringperiodnetoftax": -39000000,
        "othercomprehensiveincomedefinedbenefitplansnetunamortizedgainlossarisingduringperiodnetoftax": 8000000,
        "othercomprehensiveincomedefinedbenefitplannetpriorservicecostscreditarisingduringperiodnetoftax": 1000000,
        "othercomprehensiveincomelossnetoftax": -25000000,
        "comprehensiveincomenetoftaxincludingportionattributabletononcontrollinginterest": 211000000,
        "othercomprehensiveincomeunrealizedgainlossonderivativesarisingduringperiodtax": 2000000,
        "othercomprehensiveincomedefinedbenefitplansnetunamortizedgainlossarisingduringperiodtax": 3000000,
        "othercomprehensiveincomelossamortizationadjustmentfromaocipensionandotherpostretirementbenefitplansfornetpriorservicecostcredittax": -1000000,
        "revenuefromcontractwithcustomerexcludingassessedtax": 1203000000,
        "costofrevenue": 163000000,
        "researchanddevelopmentexpense": 97000000,
        "sellinggeneralandadministrativeexpense": 339000000,
        "costsandexpenses": 978000000,
        "operatingincomeloss": 269000000,
        "investmentincomeinterest": 9000000,
        "interestexpense": 18000000,
        "othernonoperatingincomeexpense": 26000000,
        "incomelossfromcontinuingoperationsbeforeincometaxesextraordinaryitemsnoncontrollinginterest": 242000000,
        "incometaxexpensebenefit": 6000000,
        "earningspersharebasic": 0.74,
        "earningspersharediluted": 0.73,
        "weightedaveragenumberofsharesoutstandingbasic": 320000000,
        "weightedaveragenumberofdilutedsharesoutstanding": 324000000,
        "commonstockdividendspersharecashpaid": 0.149
    },
    {
        "date": "2018-04-29",
        "symbol": "A",
        "period": "Q2",
        "netincomeloss": 205000000,
        "othercomprehensiveincomeunrealizedgainlossonderivativesarisingduringperiodnetoftax": 4000000,
        "othercomprehensiveincomeforeigncurrencytransactionandtranslationgainlossarisingduringperiodnetoftax": -53000000,
        "othercomprehensiveincomedefinedbenefitplansnetunamortizedgainlossarisingduringperiodnetoftax": 7000000,
        "othercomprehensiveincomedefinedbenefitplannetpriorservicecostscreditarisingduringperiodnetoftax": 2000000,
        "othercomprehensiveincomelossnetoftax": -41000000,
        "comprehensiveincomenetoftaxincludingportionattributabletononcontrollinginterest": 164000000,
        "othercomprehensiveincomeunrealizedgainlossonderivativesarisingduringperiodtax": 1000000,
        "othercomprehensiveincomedefinedbenefitplansnetunamortizedgainlossarisingduringperiodtax": 3000000,
        "othercomprehensiveincomelossamortizationadjustmentfromaocipensionandotherpostretirementbenefitplansfornetpriorservicecostcredittax": 0,
        "salesrevenuegoodsnet": 918000000,
        "servicesandother": 288000000,
        "salesrevenuenet": 1799000000,
        "costofgoodssold": 402000000,
        "costofservicesandother": 160000000,
        "costofrevenue": 562000000,
        "researchanddevelopmentexpense": 91000000,
        "sellinggeneralandadministrativeexpense": 338000000,
        "costsandexpenses": 991000000,
        "operatingincomeloss": 371000000,
        "investmentincomeinterest": 10000000,
        "interestexpense": 19000000,
        "othernonoperatingincomeexpense": 21000000,
        "incometaxexpensebenefit": 22000000,
        "earningspersharebasic": 0.63,
        "earningspersharediluted": 0.63,
        "weightedaveragenumberofsharesoutstandingbasic": 0,
        "weightedaveragenumberofdilutedsharesoutstanding": 0,
        "commonstockdividendspersharecashpaid": 0.149
    },
    {
        "date": "2018-01-30",
        "symbol": "A",
        "period": "Q1",
        "netincomeloss": -320000000,
        "othercomprehensiveincomeunrealizedgainlossonderivativesarisingduringperiodnetoftax": -7000000,
        "othercomprehensiveincomeforeigncurrencytransactionandtranslationgainlossarisingduringperiodnetoftax": 79000000,
        "othercomprehensiveincomedefinedbenefitplansnetunamortizedgainlossarisingduringperiodnetoftax": 6000000,
        "othercomprehensiveincomedefinedbenefitplannetpriorservicecostscreditarisingduringperiodnetoftax": 1000000,
        "othercomprehensiveincomelossnetoftax": 77000000,
        "comprehensiveincomenetoftaxincludingportionattributabletononcontrollinginterest": -243000000,
        "othercomprehensiveincomeunrealizedgainlossonderivativesarisingduringperiodtax": -3000000,
        "othercomprehensiveincomedefinedbenefitplansnetunamortizedgainlossarisingduringperiodtax": 2000000,
        "othercomprehensiveincomelossamortizationadjustmentfromaocipensionandotherpostretirementbenefitplansfornetpriorservicecostcredittax": -1000000,
        "salesrevenuegoodsnet": 930000000,
        "servicesandother": 281000000,
        "salesrevenuenet": 618000000,
        "costofgoodssold": 383000000,
        "costofservicesandother": 155000000,
        "costofrevenue": 538000000,
        "researchanddevelopmentexpense": 93000000,
        "sellinggeneralandadministrativeexpense": 341000000,
        "costsandexpenses": 972000000,
        "operatingincomeloss": 159000000,
        "investmentincomeinterest": 9000000,
        "interestexpense": 20000000,
        "othernonoperatingincomeexpense": 5000000,
        "incomelossfromcontinuingoperationsbeforeincometaxesminorityinterestandincomelossfromequitymethodinvestments": 233000000,
        "incometaxexpensebenefit": 553000000,
        "earningspersharebasic": -0.99,
        "earningspersharediluted": -0.99,
        "weightedaveragenumberofsharesoutstandingbasic": 323000000,
        "weightedaveragenumberofdilutedsharesoutstanding": 323000000,
        "commonstockdividendspersharecashpaid": 0.149
    },
    {
        "date": "2017-10-30",
        "symbol": "A",
        "period": "Q4",
        "othercomprehensiveincomeforeigncurrencytransactionandtranslationgainlossarisingduringperiodnetoftax": -20000000,
        "othercomprehensiveincomedefinedbenefitplansnetunamortizedgainlossarisingduringperiodnetoftax": 89000000,
        "othercomprehensiveincomedefinedbenefitplannetpriorservicecostscreditarisingduringperiodnetoftax": 2000000,
        "othercomprehensiveincomelossnetoftax": 71000000,
        "comprehensiveincomenetoftaxincludingportionattributabletononcontrollinginterest": 248000000,
        "othercomprehensiveincomelossforeigncurrencytranslationadjustmenttax": -3000000,
        "othercomprehensiveincomedefinedbenefitplansnetunamortizedgainlossarisingduringperiodtax": 37000000,
        "salesrevenuegoodsnet": 908000000,
        "servicesandother": 281000000,
        "salesrevenuenet": -1442000000,
        "costofgoodssold": 386000000,
        "costofservicesandother": 156000000,
        "costofrevenue": 542000000,
        "researchanddevelopmentexpense": 89000000,
        "sellinggeneralandadministrativeexpense": 325000000,
        "costsandexpenses": 956000000,
        "operatingincomeloss": 371000000,
        "investmentincomeinterest": 7000000,
        "interestexpense": 20000000,
        "othernonoperatingincomeexpense": 6000000,
        "incomelossfromcontinuingoperationsbeforeincometaxesminorityinterestandincomelossfromequitymethodinvestments": 226000000,
        "incometaxexpensebenefit": -79000000,
        "earningspersharebasic": 0.54,
        "earningspersharediluted": 0.54,
        "weightedaveragenumberofsharesoutstandingbasic": -642000000,
        "weightedaveragenumberofdilutedsharesoutstanding": -651000000
    },
    {
        "date": "2017-07-30",
        "symbol": "A",
        "period": "Q3",
        "netincomeloss": 175000000,
        "othercomprehensiveincomeunrealizedgainlossonderivativesarisingduringperiodnetoftax": -3000000,
        "othercomprehensiveincomereclassificationadjustmentderivativesincludedinnetincomenettax": 1000000,
        "othercomprehensiveincomeforeigncurrencytransactionandtranslationgainlossarisingduringperiodnetoftax": 57000000,
        "othercomprehensiveincomedefinedbenefitplansnetunamortizedgainlossarisingduringperiodnetoftax": 8000000,
        "othercomprehensiveincomedefinedbenefitplannetpriorservicecostscreditarisingduringperiodnetoftax": 1000000,
        "othercomprehensiveincomelossnetoftax": 60000000,
        "comprehensiveincomenetoftaxincludingportionattributabletononcontrollinginterest": 235000000,
        "othercomprehensiveincomeunrealizedgainlossonderivativesarisingduringperiodtax": -1000000,
        "othercomprehensiveincomelossforeigncurrencytranslationadjustmenttax": 6000000,
        "othercomprehensiveincomedefinedbenefitplansnetunamortizedgainlossarisingduringperiodtax": 4000000,
        "othercomprehensiveincomelossamortizationadjustmentfromaocipensionandotherpostretirementbenefitplansfornetpriorservicecostcredittax": -1000000,
        "salesrevenuegoodsnet": 842000000,
        "servicesandother": 272000000,
        "salesrevenuenet": 1114000000,
        "costofgoodssold": 368000000,
        "costofservicesandother": 150000000,
        "costofrevenue": 518000000,
        "researchanddevelopmentexpense": 87000000,
        "sellinggeneralandadministrativeexpense": 308000000,
        "costsandexpenses": 913000000,
        "operatingincomeloss": 236000000,
        "investmentincomeinterest": 6000000,
        "interestexpense": 19000000,
        "othernonoperatingincomeexpense": 5000000,
        "incomelossfromcontinuingoperationsbeforeincometaxesminorityinterestandincomelossfromequitymethodinvestments": 193000000,
        "incometaxexpensebenefit": 18000000,
        "earningspersharebasic": 0.55,
        "earningspersharediluted": 0.54,
        "weightedaveragenumberofsharesoutstandingbasic": 321000000,
        "weightedaveragenumberofdilutedsharesoutstanding": 326000000,
        "commonstockdividendspersharecashpaid": 0.132
    },
    {
        "date": "2017-04-29",
        "symbol": "A",
        "period": "Q2",
        "netincomeloss": 164000000,
        "othercomprehensiveincomeunrealizedgainlossonderivativesarisingduringperiodnetoftax": -1000000,
        "othercomprehensiveincomereclassificationadjustmentderivativesincludedinnetincomenettax": 1000000,
        "othercomprehensiveincomeforeigncurrencytransactionandtranslationgainlossarisingduringperiodnetoftax": 7000000,
        "othercomprehensiveincomedefinedbenefitplansnetunamortizedgainlossarisingduringperiodnetoftax": 9000000,
        "othercomprehensiveincomedefinedbenefitplannetpriorservicecostscreditarisingduringperiodnetoftax": 2000000,
        "othercomprehensiveincomelossnetoftax": 12000000,
        "comprehensiveincomenetoftaxincludingportionattributabletononcontrollinginterest": 176000000,
        "othercomprehensiveincomelossforeigncurrencytranslationadjustmenttax": 1000000,
        "othercomprehensiveincomedefinedbenefitplansnetunamortizedgainlossarisingduringperiodtax": 3000000,
        "othercomprehensiveincomelossamortizationadjustmentfromaocipensionandotherpostretirementbenefitplansfornetpriorservicecostcredittax": -1000000,
        "salesrevenuegoodsnet": 842000000,
        "servicesandother": 260000000,
        "salesrevenuenet": 1102000000,
        "costofgoodssold": 366000000,
        "costofservicesandother": 144000000,
        "costofrevenue": 510000000,
        "researchanddevelopmentexpense": 84000000,
        "sellinggeneralandadministrativeexpense": 307000000,
        "costsandexpenses": 901000000,
        "operatingincomeloss": 241000000,
        "investmentincomeinterest": 5000000,
        "interestexpense": 20000000,
        "othernonoperatingincomeexpense": 5000000,
        "incomelossfromcontinuingoperationsbeforeincometaxesminorityinterestandincomelossfromequitymethodinvestments": 191000000,
        "incometaxexpensebenefit": 27000000,
        "earningspersharebasic": 0.51,
        "earningspersharediluted": 0.5,
        "weightedaveragenumberofsharesoutstandingbasic": 321000000,
        "weightedaveragenumberofdilutedsharesoutstanding": 325000000,
        "commonstockdividendspersharecashpaid": 0.132
    },
    {
        "date": "2017-01-30",
        "symbol": "A",
        "period": "Q1",
        "netincomeloss": 168000000,
        "othercomprehensiveincomeunrealizedgainlossonderivativesarisingduringperiodnetoftax": 1000000,
        "othercomprehensiveincomeforeigncurrencytransactionandtranslationgainlossarisingduringperiodnetoftax": -3000000,
        "othercomprehensiveincomedefinedbenefitplansnetunamortizedgainlossarisingduringperiodnetoftax": 17000000,
        "othercomprehensiveincomedefinedbenefitplannetpriorservicecostscreditarisingduringperiodnetoftax": 1000000,
        "othercomprehensiveincomelossnetoftax": 14000000,
        "comprehensiveincomenetoftaxincludingportionattributabletononcontrollinginterest": 182000000,
        "othercomprehensiveincomeunrealizedgainlossonderivativesarisingduringperiodtax": 1000000,
        "othercomprehensiveincomelossreclassificationadjustmentfromaocionderivativestax": -1000000,
        "othercomprehensiveincomelossforeigncurrencytranslationadjustmenttax": -1000000,
        "othercomprehensiveincomedefinedbenefitplansnetunamortizedgainlossarisingduringperiodtax": 8000000,
        "othercomprehensiveincomelossamortizationadjustmentfromaocipensionandotherpostretirementbenefitplansfornetpriorservicecostcredittax": -1000000,
        "salesrevenuegoodsnet": 818000000,
        "servicesandother": 249000000,
        "salesrevenuenet": 540000000,
        "costofgoodssold": 349000000,
        "costofservicesandother": 144000000,
        "costofrevenue": 493000000,
        "researchanddevelopmentexpense": 79000000,
        "sellinggeneralandadministrativeexpense": 289000000,
        "costsandexpenses": 861000000,
        "operatingincomeloss": 126000000,
        "investmentincomeinterest": 4000000,
        "interestexpense": 20000000,
        "othernonoperatingincomeexpense": 3000000,
        "incomelossfromcontinuingoperationsbeforeincometaxesminorityinterestandincomelossfromequitymethodinvestments": 193000000,
        "incometaxexpensebenefit": 25000000,
        "earningspersharebasic": 0.52,
        "earningspersharediluted": 0.52,
        "weightedaveragenumberofsharesoutstandingbasic": 322000000,
        "weightedaveragenumberofdilutedsharesoutstanding": 326000000,
        "commonstockdividendspersharecashpaid": 0.132
    },
    {
        "date": "2016-07-30",
        "symbol": "A",
        "period": "Q3",
        "profitloss": 124000000,
        "othercomprehensiveincomeunrealizedgainlossonderivativesarisingduringperiodnetoftax": -5000000,
        "othercomprehensiveincomereclassificationadjustmentderivativesincludedinnetincomenettax": -1000000,
        "othercomprehensiveincomeforeigncurrencytransactionandtranslationgainlossarisingduringperiodnetoftax": -48000000,
        "othercomprehensiveincomedefinedbenefitplansnetunamortizedgainlossarisingduringperiodnetoftax": 8000000,
        "othercomprehensiveincomedefinedbenefitplannetpriorservicecostscreditarisingduringperiodnetoftax": 2000000,
        "othercomprehensiveincomelossnetoftax": -46000000,
        "comprehensiveincomenetoftaxincludingportionattributabletononcontrollinginterest": 78000000,
        "othercomprehensiveincomeunrealizedgainlossonderivativesarisingduringperiodtax": -4000000,
        "othercomprehensiveincomelossreclassificationadjustmentfromaocionderivativestax": 1000000,
        "othercomprehensiveincomelossforeigncurrencytranslationadjustmenttax": -3000000,
        "othercomprehensiveincomedefinedbenefitplansnetunamortizedgainlossarisingduringperiodtax": 2000000,
        "othercomprehensiveincomelossamortizationadjustmentfromaocipensionandotherpostretirementbenefitplansfornetpriorservicecostcredittax": -1000000,
        "salesrevenuegoodsnet": 798000000,
        "servicesandother": 246000000,
        "salesrevenuenet": 1044000000,
        "costofgoodssold": 362000000,
        "costofservicesandother": 140000000,
        "costofrevenue": 502000000,
        "researchanddevelopmentexpense": 86000000,
        "sellinggeneralandadministrativeexpense": 310000000,
        "costsandexpenses": 898000000,
        "operatingincomeloss": 212000000,
        "investmentincomeinterest": 3000000,
        "interestexpense": 17000000,
        "othernonoperatingincomeexpense": 2000000,
        "incomelossfromcontinuingoperationsbeforeincometaxesminorityinterestandincomelossfromequitymethodinvestments": 134000000,
        "incometaxexpensebenefit": -3000000,
        "incomelossfromcontinuingoperations": 124000000,
        "incomelossfromcontinuingoperationsperbasicshare": 0.38,
        "earningspersharebasic": 0.38,
        "incomelossfromcontinuingoperationsperdilutedshare": 0.38,
        "earningspersharediluted": 0.38,
        "weightedaveragenumberofsharesoutstandingbasic": 325000000,
        "weightedaveragenumberofdilutedsharesoutstanding": 328000000,
        "commonstockdividendspersharecashpaid": 0.115
    },
    {
        "date": "2016-04-29",
        "symbol": "A",
        "period": "Q2",
        "profitloss": 91000000,
        "othercomprehensiveincomeunrealizedgainlossonderivativesarisingduringperiodnetoftax": -9000000,
        "othercomprehensiveincomereclassificationadjustmentderivativesincludedinnetincomenettax": 0,
        "othercomprehensiveincomeforeigncurrencytransactionandtranslationgainlossarisingduringperiodnetoftax": 145000000,
        "othercomprehensiveincomedefinedbenefitplansnetunamortizedgainlossarisingduringperiodnetoftax": 6000000,
        "othercomprehensiveincomedefinedbenefitplannetpriorservicecostscreditarisingduringperiodnetoftax": 3000000,
        "othercomprehensiveincomelossnetoftax": 139000000,
        "comprehensiveincomenetoftaxincludingportionattributabletononcontrollinginterest": 230000000,
        "othercomprehensiveincomeunrealizedgainlossonderivativesarisingduringperiodtax": -4000000,
        "othercomprehensiveincomelossforeigncurrencytranslationadjustmenttax": 8000000,
        "othercomprehensiveincomedefinedbenefitplansnetunamortizedgainlossarisingduringperiodtax": 3000000,
        "othercomprehensiveincomelossamortizationadjustmentfromaocipensionandotherpostretirementbenefitplansfornetpriorservicecostcredittax": -11000000,
        "salesrevenuegoodsnet": 787000000,
        "servicesandother": 232000000,
        "salesrevenuenet": 1521000000,
        "costofgoodssold": 357000000,
        "costofservicesandother": 132000000,
        "costofrevenue": 489000000,
        "researchanddevelopmentexpense": 81000000,
        "sellinggeneralandadministrativeexpense": 318000000,
        "costsandexpenses": 888000000,
        "operatingincomeloss": 286000000,
        "investmentincomeinterest": 3000000,
        "interestexpense": 18000000,
        "othernonoperatingincomeexpense": 1000000,
        "incomelossfromcontinuingoperationsbeforeincometaxesminorityinterestandincomelossfromequitymethodinvestments": 117000000,
        "incometaxexpensebenefit": 26000000,
        "incomelossfromcontinuingoperations": 91000000,
        "incomelossfromcontinuingoperationsperbasicshare": 0.28,
        "earningspersharebasic": 0.28,
        "incomelossfromcontinuingoperationsperdilutedshare": 0.28,
        "earningspersharediluted": 0.28,
        "weightedaveragenumberofsharesoutstandingbasic": -2000000,
        "weightedaveragenumberofdilutedsharesoutstanding": -2000000
    },
    {
        "date": "2016-01-30",
        "symbol": "A",
        "period": "Q1",
        "profitloss": 123000000,
        "othercomprehensiveincomeunrealizedgainlossonderivativesarisingduringperiodnetoftax": 3000000,
        "othercomprehensiveincomereclassificationadjustmentderivativesincludedinnetincomenettax": 1000000,
        "othercomprehensiveincomeforeigncurrencytransactionandtranslationgainlossarisingduringperiodnetoftax": -56000000,
        "othercomprehensiveincomedefinedbenefitplansnetunamortizedgainlossarisingduringperiodnetoftax": 15000000,
        "othercomprehensiveincomedefinedbenefitplannetpriorservicecostscreditarisingduringperiodnetoftax": 8000000,
        "othercomprehensiveincomelossnetoftax": -47000000,
        "comprehensiveincomenetoftaxincludingportionattributabletononcontrollinginterest": 76000000,
        "othercomprehensiveincomeunrealizedgainlossonderivativesarisingduringperiodtax": 1000000,
        "othercomprehensiveincomelossforeigncurrencytranslationadjustmenttax": -1000000,
        "othercomprehensiveincomedefinedbenefitplansnetunamortizedgainlossarisingduringperiodtax": 4000000,
        "othercomprehensiveincomelossamortizationadjustmentfromaocipensionandotherpostretirementbenefitplansfornetpriorservicecostcredittax": 5000000,
        "salesrevenuegoodsnet": 795000000,
        "servicesandother": 233000000,
        "salesrevenuenet": 526000000,
        "costofgoodssold": 365000000,
        "costofservicesandother": 126000000,
        "costofrevenue": 491000000,
        "researchanddevelopmentexpense": 78000000,
        "sellinggeneralandadministrativeexpense": 304000000,
        "costsandexpenses": 873000000,
        "operatingincomeloss": 114000000,
        "investmentincomeinterest": 2000000,
        "interestexpense": 18000000,
        "othernonoperatingincomeexpense": 3000000,
        "incomelossfromcontinuingoperationsbeforeincometaxesminorityinterestandincomelossfromequitymethodinvestments": 142000000,
        "incometaxexpensebenefit": 19000000,
        "incomelossfromcontinuingoperations": 123000000,
        "incomelossfromcontinuingoperationsperbasicshare": 0.37,
        "earningspersharebasic": 0.37,
        "incomelossfromcontinuingoperationsperdilutedshare": 0.37,
        "earningspersharediluted": 0.37,
        "weightedaveragenumberofsharesoutstandingbasic": 329000000,
        "weightedaveragenumberofdilutedsharesoutstanding": 332000000,
        "commonstockdividendspersharedeclared": 0.115
    },
    {
        "date": "2015-07-30",
        "symbol": "A",
        "period": "Q3",
        "profitloss": 103000000,
        "othercomprehensiveincomeunrealizedgainlossonderivativesarisingduringperiodnetoftax": 1000000,
        "othercomprehensiveincomereclassificationadjustmentderivativesincludedinnetincomenettax": 1000000,
        "othercomprehensiveincomeforeigncurrencytransactionandtranslationgainlossarisingduringperiodnetoftax": -66000000,
        "othercomprehensiveincomedefinedbenefitplansnetunamortizedgainlossarisingduringperiodnetoftax": 7000000,
        "othercomprehensiveincomedefinedbenefitplannetpriorservicecostscreditarisingduringperiodnetoftax": 3000000,
        "othercomprehensiveincomelossnetoftax": -62000000,
        "comprehensiveincomenetoftaxincludingportionattributabletononcontrollinginterest": 41000000,
        "othercomprehensiveincomeunrealizedgainlossonderivativesarisingduringperiodtax": -2000000,
        "othercomprehensiveincomelossreclassificationadjustmentfromaocionderivativestax": -2000000,
        "othercomprehensiveincomelossforeigncurrencytranslationadjustmenttax": 1000000,
        "othercomprehensiveincomedefinedbenefitplansnetunamortizedgainlossarisingduringperiodtax": 2000000,
        "othercomprehensiveincomelossamortizationadjustmentfromaocipensionandotherpostretirementbenefitplansfornetpriorservicecostcredittax": 1000000,
        "salesrevenuegoodsnet": 798000000,
        "servicesandother": 216000000,
        "salesrevenuenet": 1014000000,
        "costofgoodssold": 380000000,
        "costofservicesandother": 121000000,
        "costofrevenue": 501000000,
        "researchanddevelopmentexpense": 79000000,
        "sellinggeneralandadministrativeexpense": 290000000,
        "costsandexpenses": 870000000,
        "operatingincomeloss": 199000000,
        "investmentincomeinterest": 2000000,
        "interestexpense": 17000000,
        "othernonoperatingincomeexpense": -1000000,
        "incomelossfromcontinuingoperationsbeforeincometaxesminorityinterestandincomelossfromequitymethodinvestments": 128000000,
        "incometaxexpensebenefit": 23000000,
        "incomelossfromcontinuingoperations": 105000000,
        "incomelossfromdiscontinuedoperationsnetoftax": -2000000,
        "incomelossfromcontinuingoperationsperbasicshare": 0.3100000000000001,
        "incomelossfromdiscontinuedoperationsnetoftaxperbasicshare": 0,
        "earningspersharebasic": 0.31000000000000005,
        "incomelossfromcontinuingoperationsperdilutedshare": 0.3199999999999999,
        "incomelossfromdiscontinuedoperationsnetoftaxperdilutedshare": -0.009999999999999995,
        "earningspersharediluted": 0.31000000000000005,
        "weightedaveragenumberofsharesoutstandingbasic": -1000000,
        "weightedaveragenumberofdilutedsharesoutstanding": -1000000,
        "commonstockdividendspersharedeclared": 0.09999999999999998
    },
    {
        "date": "2015-04-29",
        "symbol": "A",
        "period": "Q2",
        "profitloss": 83000000,
        "othercomprehensiveincomeunrealizedgainlossonderivativesarisingduringperiodnetoftax": -1000000,
        "othercomprehensiveincomereclassificationadjustmentderivativesincludedinnetincomenettax": 5000000,
        "othercomprehensiveincomeforeigncurrencytransactionandtranslationgainlossarisingduringperiodnetoftax": -6000000,
        "othercomprehensiveincomedefinedbenefitplansnetunamortizedgainlossarisingduringperiodnetoftax": 6000000,
        "othercomprehensiveincomedefinedbenefitplannetpriorservicecostscreditarisingduringperiodnetoftax": 3000000,
        "othercomprehensiveincomelossnetoftax": -9000000,
        "comprehensiveincomenetoftaxincludingportionattributabletononcontrollinginterest": 74000000,
        "othercomprehensiveincomeunrealizedgainlossonderivativesarisingduringperiodtax": 1000000,
        "othercomprehensiveincomelossreclassificationadjustmentfromaocionderivativestax": -2000000,
        "othercomprehensiveincomelossforeigncurrencytranslationadjustmenttax": 1000000,
        "othercomprehensiveincomedefinedbenefitplansnetunamortizedgainlossarisingduringperiodtax": 2000000,
        "othercomprehensiveincomelossamortizationadjustmentfromaocipensionandotherpostretirementbenefitplansfornetpriorservicecostcredittax": 1000000,
        "discontinuedoperationtaxeffectofincomelossfromdiscontinuedoperationduringphaseoutperiod": 0,
        "salesrevenuegoodsnet": 759000000,
        "servicesandother": 204000000,
        "salesrevenuenet": 1442000000,
        "costofgoodssold": 365000000,
        "costofservicesandother": 118000000,
        "costofrevenue": 483000000,
        "researchanddevelopmentexpense": 81000000,
        "sellinggeneralandadministrativeexpense": 292000000,
        "costsandexpenses": 856000000,
        "operatingincomeloss": 238000000,
        "investmentincomeinterest": 2000000,
        "interestexpense": 17000000,
        "othernonoperatingincomeexpense": 4000000,
        "incomelossfromcontinuingoperationsbeforeincometaxesminorityinterestandincomelossfromequitymethodinvestments": 96000000,
        "incometaxexpensebenefit": 8000000,
        "incomelossfromcontinuingoperations": 88000000,
        "incomelossfromdiscontinuedoperationsnetoftax": -5000000,
        "incomelossfromcontinuingoperationsperbasicshare": 0.26999999999999996,
        "incomelossfromdiscontinuedoperationsnetoftaxperbasicshare": -0.020000000000000004,
        "earningspersharebasic": 0.25,
        "incomelossfromcontinuingoperationsperdilutedshare": 0.26000000000000006,
        "incomelossfromdiscontinuedoperationsnetoftaxperdilutedshare": -0.010000000000000009,
        "earningspersharediluted": 0.25,
        "weightedaveragenumberofsharesoutstandingbasic": -1000000,
        "weightedaveragenumberofdilutedsharesoutstanding": -1000000,
        "commonstockdividendspersharedeclared": 0.1
    },
    {
        "date": "2015-01-30",
        "symbol": "A",
        "period": "Q1",
        "profitloss": 72000000,
        "othercomprehensiveincomeunrealizedgainlossonderivativesarisingduringperiodnetoftax": 7000000,
        "othercomprehensiveincomereclassificationadjustmentderivativesincludedinnetincomenettax": 3000000,
        "othercomprehensiveincomeforeigncurrencytransactionandtranslationgainlossarisingduringperiodnetoftax": -265000000,
        "othercomprehensiveincomedefinedbenefitplansnetunamortizedgainlossarisingduringperiodnetoftax": 4000000,
        "othercomprehensiveincomedefinedbenefitplannetpriorservicecostscreditarisingduringperiodnetoftax": 2000000,
        "othercomprehensiveincomelossnetoftax": -259000000,
        "comprehensiveincomenetoftaxincludingportionattributabletononcontrollinginterest": -187000000,
        "othercomprehensiveincomeunrealizedgainlossonderivativesarisingduringperiodtax": -3000000,
        "othercomprehensiveincomelossreclassificationadjustmentfromaocionderivativestax": -1000000,
        "othercomprehensiveincomelossforeigncurrencytranslationadjustmenttax": 6000000,
        "othercomprehensiveincomedefinedbenefitplansnetunamortizedgainlossarisingduringperiodtax": 2000000,
        "othercomprehensiveincomelossamortizationadjustmentfromaocipensionandotherpostretirementbenefitplansfornetpriorservicecostcredittax": 2000000,
        "discontinuedoperationtaxeffectofincomelossfromdiscontinuedoperationduringphaseoutperiod": -2000000,
        "salesrevenuegoodsnet": 815000000,
        "servicesandother": 211000000,
        "salesrevenuenet": 547000000,
        "costofgoodssold": 395000000,
        "costofservicesandother": 118000000,
        "costofrevenue": 513000000,
        "researchanddevelopmentexpense": 88000000,
        "sellinggeneralandadministrativeexpense": 310000000,
        "costsandexpenses": 911000000,
        "operatingincomeloss": 107000000,
        "investmentincomeinterest": 2000000,
        "interestexpense": 16000000,
        "othernonoperatingincomeexpense": 12000000,
        "incomelossfromcontinuingoperationsbeforeincometaxesminorityinterestandincomelossfromequitymethodinvestments": 113000000,
        "incometaxexpensebenefit": 11000000,
        "incomelossfromcontinuingoperations": 102000000,
        "incomelossfromdiscontinuedoperationsnetoftax": -30000000,
        "incomelossfromcontinuingoperationsperbasicshare": 0.3,
        "incomelossfromdiscontinuedoperationsnetoftaxperbasicshare": -0.09,
        "earningspersharebasic": 0.21,
        "incomelossfromcontinuingoperationsperdilutedshare": 0.3,
        "incomelossfromdiscontinuedoperationsnetoftaxperdilutedshare": -0.09,
        "earningspersharediluted": 0.21,
        "weightedaveragenumberofsharesoutstandingbasic": 336000000,
        "weightedaveragenumberofdilutedsharesoutstanding": 338000000,
        "commonstockdividendspersharedeclared": 0.1
    },
    {
        "date": "2014-10-30",
        "symbol": "A",
        "period": "Q4",
        "salesrevenuegoodsnet": 1477000000,
        "servicesandother": 328000000,
        "salesrevenuenet": -1038000000,
        "costofgoodssold": 724000000,
        "costofservicesandother": 184000000,
        "costofrevenue": 908000000,
        "researchanddevelopmentexpense": 189000000,
        "sellinggeneralandadministrativeexpense": 534000000,
        "costsandexpenses": 1631000000,
        "operatingincomeloss": 733000000,
        "investmentincomeinterest": 2000000,
        "interestexpense": 26000000,
        "incomelossfromcontinuingoperationsbeforeincometaxesminorityinterestandincomelossfromequitymethodinvestments": 85000000,
        "incometaxexpensebenefit": -90000000,
        "profitloss": 23000000,
        "earningspersharebasic": 0.07000000000000006,
        "earningspersharediluted": 0.07000000000000006,
        "commonstockdividendspersharedeclared": 0.136,
        "othercomprehensiveincomeunrealizedgainlossonderivativesarisingduringperiodnetoftax": 7000000,
        "othercomprehensiveincomeforeigncurrencytransactionandtranslationgainlossarisingduringperiodnetoftax": -210000000,
        "othercomprehensiveincomedefinedbenefitplansnetunamortizedgainlossarisingduringperiodnetoftax": -179000000,
        "othercomprehensiveincomedefinedbenefitplannetpriorservicecostscreditarisingduringperiodnetoftax": 8000000,
        "othercomprehensiveincomelossnetoftax": -387000000,
        "comprehensiveincomenetoftaxincludingportionattributabletononcontrollinginterest": -364000000,
        "othercomprehensiveincomedefinedbenefitplansnetunamortizedgainlossarisingduringperiodtax": 55000000
    },
    {
        "date": "2014-07-30",
        "symbol": "A",
        "period": "Q3",
        "profitloss": 147000000,
        "othercomprehensiveincomelossavailableforsalesecuritiesadjustmentnetoftax": 8000000,
        "othercomprehensiveincomelossreclassificationadjustmentfromaociforsaleofsecuritiesnetoftax": 1000000,
        "othercomprehensiveincomeunrealizedgainlossonderivativesarisingduringperiodnetoftax": 2000000,
        "othercomprehensiveincomereclassificationadjustmentderivativesincludedinnetincomenettax": -1000000,
        "othercomprehensiveincomeforeigncurrencytransactionandtranslationgainlossarisingduringperiodnetoftax": -92000000,
        "othercomprehensiveincomedefinedbenefitplansnetunamortizedgainlossarisingduringperiodnetoftax": 11000000,
        "othercomprehensiveincomedefinedbenefitplannetpriorservicecostscreditarisingduringperiodnetoftax": 8000000,
        "othercomprehensiveincomelossnetoftax": -79000000,
        "comprehensiveincomenetoftaxincludingportionattributabletononcontrollinginterest": 68000000,
        "othercomprehensiveincomelossavailableforsalesecuritiestax": -2000000,
        "othercomprehensiveincomeunrealizedgainlossonderivativesarisingduringperiodtax": -1000000,
        "othercomprehensiveincomelossforeigncurrencytranslationadjustmenttax": -1000000,
        "othercomprehensiveincomedefinedbenefitplansnetunamortizedgainlossarisingduringperiodtax": 4000000,
        "othercomprehensiveincomelossamortizationadjustmentfromaocipensionandotherpostretirementbenefitplansfornetpriorservicecostcredittax": 4000000,
        "salesrevenuegoodsnet": 1438000000,
        "servicesandother": 328000000,
        "salesrevenuenet": 757000000,
        "costofgoodssold": 671000000,
        "costofservicesandother": 181000000,
        "costofrevenue": 852000000,
        "researchanddevelopmentexpense": 177000000,
        "sellinggeneralandadministrativeexpense": 508000000,
        "costsandexpenses": 1537000000,
        "operatingincomeloss": 339000000,
        "investmentincomeinterest": 3000000,
        "interestexpense": 28000000,
        "othernonoperatingincomeexpense": -20000000,
        "incomelossfromcontinuingoperationsbeforeincometaxesminorityinterestandincomelossfromequitymethodinvestments": 184000000,
        "incometaxexpensebenefit": 37000000,
        "earningspersharebasic": 0.44,
        "earningspersharediluted": 0.43,
        "weightedaveragenumberofsharesoutstandingbasic": 334000000,
        "weightedaveragenumberofdilutedsharesoutstanding": 338000000,
        "commonstockdividendspersharedeclared": 0.132
    },
    {
        "date": "2014-04-29",
        "symbol": "A",
        "period": "Q2",
        "profitloss": 139000000,
        "othercomprehensiveincomeunrealizedgainlossonderivativesarisingduringperiodnetoftax": 1000000,
        "othercomprehensiveincomeforeigncurrencytransactionandtranslationgainlossarisingduringperiodnetoftax": 88000000,
        "othercomprehensiveincomedefinedbenefitplansnetunamortizedgainlossarisingduringperiodnetoftax": 12000000,
        "othercomprehensiveincomedefinedbenefitplannetpriorservicecostscreditarisingduringperiodnetoftax": 8000000,
        "othercomprehensiveincomelossnetoftax": 96000000,
        "comprehensiveincomenetoftaxincludingportionattributabletononcontrollinginterest": 235000000,
        "othercomprehensiveincomelossavailableforsalesecuritiestax": 0,
        "othercomprehensiveincomeunrealizedgainlossonderivativesarisingduringperiodtax": 0,
        "othercomprehensiveincomelossreclassificationadjustmentfromaocionderivativestax": 0,
        "othercomprehensiveincomedefinedbenefitplansnetunamortizedgainlossarisingduringperiodtax": 2000000,
        "othercomprehensiveincomelossamortizationadjustmentfromaocipensionandotherpostretirementbenefitplansfornetpriorservicecostcredittax": 4000000,
        "salesrevenuegoodsnet": 1405000000,
        "servicesandother": 326000000,
        "salesrevenuenet": 743000000,
        "costofgoodssold": 652000000,
        "costofservicesandother": 180000000,
        "costofrevenue": 832000000,
        "researchanddevelopmentexpense": 176000000,
        "sellinggeneralandadministrativeexpense": 513000000,
        "costsandexpenses": 1521000000,
        "operatingincomeloss": 156000000,
        "investmentincomeinterest": 2000000,
        "interestexpense": 30000000,
        "incomelossfromcontinuingoperationsbeforeincometaxesminorityinterestandincomelossfromequitymethodinvestments": 186000000,
        "incometaxexpensebenefit": 47000000,
        "earningspersharebasic": 0.41000000000000003,
        "earningspersharediluted": 0.41000000000000003,
        "weightedaveragenumberofsharesoutstandingbasic": 0,
        "weightedaveragenumberofdilutedsharesoutstanding": 0,
        "commonstockdividendspersharedeclared": 0.13
    },
    {
        "date": "2014-01-30",
        "symbol": "A",
        "period": "Q1",
        "profitloss": 195000000,
        "othercomprehensiveincomelossavailableforsalesecuritiesadjustmentnetoftax": -3000000,
        "othercomprehensiveincomeunrealizedgainlossonderivativesarisingduringperiodnetoftax": -2000000,
        "othercomprehensiveincomeforeigncurrencytransactionandtranslationgainlossarisingduringperiodnetoftax": -55000000,
        "othercomprehensiveincomedefinedbenefitplansnetunamortizedgainlossarisingduringperiodnetoftax": 13000000,
        "othercomprehensiveincomedefinedbenefitplannetpriorservicecostscreditarisingduringperiodnetoftax": 8000000,
        "othercomprehensiveincomelossnetoftax": -55000000,
        "comprehensiveincomenetoftaxincludingportionattributabletononcontrollinginterest": 140000000,
        "othercomprehensiveincomelossavailableforsalesecuritiestax": 1000000,
        "othercomprehensiveincomeunrealizedgainlossonderivativesarisingduringperiodtax": 1000000,
        "othercomprehensiveincomelossreclassificationadjustmentfromaocionderivativestax": 1000000,
        "othercomprehensiveincomelossforeigncurrencytranslationadjustmenttax": 5000000,
        "othercomprehensiveincomedefinedbenefitplansnetunamortizedgainlossarisingduringperiodtax": 4000000,
        "othercomprehensiveincomelossamortizationadjustmentfromaocipensionandotherpostretirementbenefitplansfornetpriorservicecostcredittax": 4000000,
        "salesrevenuegoodsnet": 1366000000,
        "servicesandother": 313000000,
        "salesrevenuenet": 671000000,
        "costofgoodssold": 626000000,
        "costofservicesandother": 170000000,
        "costofrevenue": 796000000,
        "researchanddevelopmentexpense": 177000000,
        "sellinggeneralandadministrativeexpense": 488000000,
        "costsandexpenses": 1461000000,
        "operatingincomeloss": 94000000,
        "investmentincomeinterest": 2000000,
        "interestexpense": 29000000,
        "incomelossfromcontinuingoperationsbeforeincometaxesminorityinterestandincomelossfromequitymethodinvestments": 191000000,
        "incometaxexpensebenefit": -4000000,
        "earningspersharebasic": 0.59,
        "earningspersharediluted": 0.58,
        "weightedaveragenumberofsharesoutstandingbasic": 333000000,
        "weightedaveragenumberofdilutedsharesoutstanding": 338000000,
        "commonstockdividendspersharedeclared": 0.13
    },
    {
        "date": "2013-07-30",
        "symbol": "A",
        "period": "Q3",
        "profitloss": 168000000,
        "othercomprehensiveincomelossavailableforsalesecuritiesadjustmentnetoftax": 4000000,
        "othercomprehensiveincomeunrealizedgainlossonderivativesarisingduringperiodnetoftax": -4000000,
        "othercomprehensiveincomereclassificationadjustmentderivativesincludedinnetincomenettax": 3000000,
        "othercomprehensiveincomeforeigncurrencytransactionandtranslationgainlossarisingduringperiodnetoftax": -32000000,
        "othercomprehensiveincomedefinedbenefitplansnetunamortizedgainlossarisingduringperiodnetoftax": 15000000,
        "othercomprehensiveincomedefinedbenefitplannetpriorservicecostscreditarisingduringperiodnetoftax": 8000000,
        "othercomprehensiveincomelossnetoftax": -28000000,
        "comprehensiveincomenetoftaxincludingportionattributabletononcontrollinginterest": 140000000,
        "othercomprehensiveincomelossavailableforsalesecuritiestax": 1000000,
        "othercomprehensiveincomeunrealizedgainlossonderivativesarisingduringperiodtax": -3000000,
        "othercomprehensiveincomelossreclassificationadjustmentfromaocionderivativestax": -1000000,
        "othercomprehensiveincomedefinedbenefitplansnetunamortizedgainlossarisingduringperiodtax": 6000000,
        "othercomprehensiveincomelossamortizationadjustmentfromaocipensionandotherpostretirementbenefitplansfornetpriorservicecostcredittax": -4000000,
        "salesrevenuegoodsnet": 1335000000,
        "servicesandother": 317000000,
        "salesrevenuenet": 1652000000,
        "costofgoodssold": 625000000,
        "costofservicesandother": 171000000,
        "costofrevenue": 796000000,
        "researchanddevelopmentexpense": 171000000,
        "sellinggeneralandadministrativeexpense": 449000000,
        "costsandexpenses": 1416000000,
        "operatingincomeloss": 24000000,
        "investmentincomeinterest": 2000000,
        "interestexpense": 27000000,
        "othernonoperatingincomeexpense": 1000000,
        "incomelossfromcontinuingoperationsbeforeincometaxesminorityinterestandincomelossfromequitymethodinvestments": 212000000,
        "incometaxexpensebenefit": 44000000,
        "earningspersharebasic": 0.5,
        "earningspersharediluted": 0.49,
        "weightedaveragenumberofsharesoutstandingbasic": 339000000,
        "weightedaveragenumberofdilutedsharesoutstanding": 343000000,
        "commonstockdividendspersharedeclared": 0.12
    },
    {
        "date": "2013-04-29",
        "symbol": "A",
        "period": "Q2",
        "profitloss": 166000000,
        "othercomprehensiveincomelossavailableforsalesecuritiesadjustmentnetoftax": -2000000,
        "othercomprehensiveincomeunrealizedgainlossonderivativesarisingduringperiodnetoftax": 5000000,
        "othercomprehensiveincomereclassificationadjustmentderivativesincludedinnetincomenettax": 4000000,
        "othercomprehensiveincomeforeigncurrencytransactionandtranslationgainlossarisingduringperiodnetoftax": -111000000,
        "othercomprehensiveincomedefinedbenefitplansnetunamortizedgainlossarisingduringperiodnetoftax": 16000000,
        "othercomprehensiveincomedefinedbenefitplannetpriorservicecostscreditarisingduringperiodnetoftax": 8000000,
        "othercomprehensiveincomelossnetoftax": -104000000,
        "comprehensiveincomenetoftaxincludingportionattributabletononcontrollinginterest": 62000000,
        "othercomprehensiveincomelossavailableforsalesecuritiestax": -1000000,
        "othercomprehensiveincomeunrealizedgainlossonderivativesarisingduringperiodtax": 3000000,
        "othercomprehensiveincomedefinedbenefitplansnetunamortizedgainlossarisingduringperiodtax": 6000000,
        "othercomprehensiveincomeamortizationofdefinedbenefitplannetpriorservicecostrecognizedinnetperiodicpensioncosttax": -4000000,
        "salesrevenuegoodsnet": 1424000000,
        "servicesandother": 308000000,
        "salesrevenuenet": 1088000000,
        "costofgoodssold": 674000000,
        "costofservicesandother": 167000000,
        "costofrevenue": 841000000,
        "researchanddevelopmentexpense": 181000000,
        "sellinggeneralandadministrativeexpense": 497000000,
        "costsandexpenses": 1519000000,
        "operatingincomeloss": 28000000,
        "investmentincomeinterest": 1000000,
        "interestexpense": 25000000,
        "othernonoperatingincomeexpense": 9000000,
        "incomelossfromcontinuingoperationsbeforeincometaxesminorityinterestandincomelossfromequitymethodinvestments": 198000000,
        "incometaxexpensebenefit": 32000000,
        "earningspersharebasic": 0.48,
        "earningspersharediluted": 0.47,
        "weightedaveragenumberofsharesoutstandingbasic": -1000000,
        "weightedaveragenumberofdilutedsharesoutstanding": -1000000,
        "commonstockdividendspersharedeclared": 0.1
    },
    {
        "date": "2013-01-30",
        "symbol": "A",
        "period": "Q1",
        "profitloss": 179000000,
        "othercomprehensiveincomelossavailableforsalesecuritiesadjustmentnetoftax": 3000000,
        "othercomprehensiveincomeunrealizedgainlossonderivativesarisingduringperiodnetoftax": 6000000,
        "othercomprehensiveincomereclassificationadjustmentderivativesincludedinnetincomenettax": 1000000,
        "othercomprehensiveincomeforeigncurrencytransactionandtranslationgainlossarisingduringperiodnetoftax": 56000000,
        "othercomprehensiveincomedefinedbenefitplansnetunamortizedgainlossarisingduringperiodnetoftax": 14000000,
        "othercomprehensiveincomedefinedbenefitplannetpriorservicecostscreditarisingduringperiodnetoftax": 8000000,
        "othercomprehensiveincomelossnetoftax": 70000000,
        "comprehensiveincomenetoftaxincludingportionattributabletononcontrollinginterest": 249000000,
        "othercomprehensiveincomelossavailableforsalesecuritiestax": 2000000,
        "othercomprehensiveincomeunrealizedgainlossonderivativesarisingduringperiodtax": 2000000,
        "othercomprehensiveincomedefinedbenefitplansnetunamortizedgainlossarisingduringperiodtax": 4000000,
        "othercomprehensiveincomeamortizationofdefinedbenefitplannetpriorservicecostrecognizedinnetperiodicpensioncosttax": -4000000,
        "salesrevenuegoodsnet": 1380000000,
        "servicesandother": 300000000,
        "salesrevenuenet": 394000000,
        "costofgoodssold": 637000000,
        "costofservicesandother": 163000000,
        "costofrevenue": 800000000,
        "researchanddevelopmentexpense": 179000000,
        "sellinggeneralandadministrativeexpense": 484000000,
        "costsandexpenses": 1463000000,
        "operatingincomeloss": 21000000,
        "investmentincomeinterest": 2000000,
        "interestexpense": 25000000,
        "othernonoperatingincomeexpense": 1000000,
        "incomelossfromcontinuingoperationsbeforeincometaxesminorityinterestandincomelossfromequitymethodinvestments": 195000000,
        "incometaxexpensebenefit": 16000000,
        "earningspersharebasic": 0.52,
        "earningspersharediluted": 0.51,
        "weightedaveragenumberofsharesoutstandingbasic": 347000000,
        "weightedaveragenumberofdilutedsharesoutstanding": 352000000,
        "commonstockdividendspersharedeclared": 0.12
    },
    {
        "date": "2012-07-30",
        "symbol": "A",
        "period": "Q3",
        "salesrevenuegoodsnet": 1428000000,
        "servicesandother": 295000000,
        "salesrevenuenet": 106000000,
        "costofgoodssold": 676000000,
        "costofservicesandother": 157000000,
        "costofrevenue": 833000000,
        "researchanddevelopmentexpense": 162000000,
        "sellinggeneralandadministrativeexpense": 458000000,
        "costsandexpenses": 1453000000,
        "operatingincomeloss": 57000000,
        "investmentincomeinterest": 2000000,
        "interestexpense": 24000000,
        "othernonoperatingincomeexpense": -10000000,
        "incomelossfromcontinuingoperationsbeforeincometaxesminorityinterestandincomelossfromequitymethodinvestments": 238000000,
        "incometaxexpensebenefit": -5000000,
        "profitloss": 243000000,
        "earningspersharebasic": 0.7,
        "earningspersharediluted": 0.69,
        "weightedaveragenumberofsharesoutstandingbasic": 348000000,
        "weightedaveragenumberofdilutedsharesoutstanding": 353000000,
        "commonstockdividendspersharedeclared": 0.1
    },
    {
        "date": "2012-04-29",
        "symbol": "A",
        "period": "Q2",
        "salesrevenuegoodsnet": 1435000000,
        "servicesandother": 298000000,
        "salesrevenuenet": 1733000000,
        "costofgoodssold": 650000000,
        "costofservicesandother": 165000000,
        "costofrevenue": 815000000,
        "researchanddevelopmentexpense": 166000000,
        "sellinggeneralandadministrativeexpense": 452000000,
        "costsandexpenses": 1433000000,
        "operatingincomeloss": 337000000,
        "investmentincomeinterest": 2000000,
        "interestexpense": 25000000,
        "othernonoperatingincomeexpense": 16000000,
        "incomelossfromcontinuingoperationsbeforeincometaxesminorityinterestandincomelossfromequitymethodinvestments": 293000000,
        "incometaxexpensebenefit": 38000000,
        "profitloss": 255000000,
        "earningspersharebasic": 0.7299999999999999,
        "earningspersharediluted": 0.7200000000000001,
        "weightedaveragenumberofsharesoutstandingbasic": 0,
        "weightedaveragenumberofdilutedsharesoutstanding": 1000000,
        "commonstockdividendspersharedeclared": 0
    },
    {
        "date": "2012-01-30",
        "symbol": "A",
        "period": "Q1",
        "salesrevenuegoodsnet": 1342000000,
        "servicesandother": 293000000,
        "salesrevenuenet": 1635000000,
        "costofgoodssold": 601000000,
        "costofservicesandother": 160000000,
        "costofrevenue": 761000000,
        "researchanddevelopmentexpense": 162000000,
        "sellinggeneralandadministrativeexpense": 441000000,
        "costsandexpenses": 1364000000,
        "operatingincomeloss": 314000000,
        "investmentincomeinterest": 3000000,
        "interestexpense": 26000000,
        "othernonoperatingincomeexpense": 8000000,
        "incomelossfromcontinuingoperationsbeforeincometaxesminorityinterestandincomelossfromequitymethodinvestments": 256000000,
        "incometaxexpensebenefit": 26000000,
        "profitloss": 230000000,
        "earningspersharebasic": 0.66,
        "earningspersharediluted": 0.65,
        "weightedaveragenumberofsharesoutstandingbasic": 348000000,
        "weightedaveragenumberofdilutedsharesoutstanding": 352000000,
        "commonstockdividendspersharedeclared": 0.1
    },
    {
        "date": "2011-10-30",
        "symbol": "A",
        "period": "Q4",
        "salesrevenuegoodsnet": 1429000000,
        "servicesandother": 299000000,
        "salesrevenuenet": 4154000000,
        "costofgoodssold": 651000000,
        "costofservicesandother": 156000000,
        "costofrevenue": 807000000,
        "researchanddevelopmentexpense": 163000000,
        "sellinggeneralandadministrativeexpense": 445000000,
        "costsandexpenses": 1415000000,
        "operatingincomeloss": 552000000,
        "investmentincomeinterest": 4000000,
        "interestexpense": 69000000,
        "othernonoperatingincomeexpense": -1000000,
        "incomelossfromcontinuingoperationsbeforeincometaxesminorityinterestandincomelossfromequitymethodinvestments": 293000000,
        "incometaxexpensebenefit": 4000000,
        "profitloss": 289000000,
        "earningspersharebasic": 0.8300000000000001,
        "earningspersharediluted": 0.8300000000000001,
        "weightedaveragenumberofsharesoutstandingbasic": -348000347,
        "weightedaveragenumberofdilutedsharesoutstanding": -357000355
    },
    {
        "date": "2011-07-30",
        "symbol": "A",
        "period": "Q3",
        "salesrevenuegoodsnet": 1406000000,
        "servicesandother": 285000000,
        "salesrevenuenet": 856000000,
        "costofgoodssold": 643000000,
        "costofservicesandother": 156000000,
        "costofrevenue": 799000000,
        "researchanddevelopmentexpense": 162000000,
        "sellinggeneralandadministrativeexpense": 449000000,
        "costsandexpenses": 1410000000,
        "operatingincomeloss": 281000000,
        "investmentincomeinterest": 3000000,
        "interestexpense": 20000000,
        "othernonoperatingincomeexpense": 17000000,
        "incomelossfromcontinuingoperationsbeforeincometaxesminorityinterestandincomelossfromequitymethodinvestments": 281000000,
        "incometaxexpensebenefit": -49000000,
        "profitloss": 330000000,
        "earningspersharebasic": 0.95,
        "earningspersharediluted": 0.92,
        "weightedaveragenumberofsharesoutstandingbasic": 348000000,
        "weightedaveragenumberofdilutedsharesoutstanding": 357000000
    },
    {
        "date": "2011-04-29",
        "symbol": "A",
        "period": "Q2",
        "salesrevenuegoodsnet": 1389000000,
        "servicesandother": 288000000,
        "salesrevenuenet": 834000000,
        "costofgoodssold": 622000000,
        "costofservicesandother": 155000000,
        "costofrevenue": 777000000,
        "researchanddevelopmentexpense": 165000000,
        "sellinggeneralandadministrativeexpense": 469000000,
        "costsandexpenses": 1411000000,
        "operatingincomeloss": 266000000,
        "investmentincomeinterest": 3000000,
        "interestexpense": 20000000,
        "othernonoperatingincomeexpense": 11000000,
        "incomelossfromcontinuingoperationsbeforeincometaxesminorityinterestandincomelossfromequitymethodinvestments": 260000000,
        "incometaxexpensebenefit": 60000000,
        "profitloss": 200000000,
        "earningspersharebasic": 0.58,
        "earningspersharediluted": 0.56,
        "weightedaveragenumberofsharesoutstandingbasic": 347000000,
        "weightedaveragenumberofdilutedsharesoutstanding": 355000000
    },
    {
        "date": "2011-01-30",
        "symbol": "A",
        "period": "Q1",
        "salesrevenuegoodsnet": 1258000000,
        "servicesandother": 261000000,
        "salesrevenuenet": 771000000,
        "costofgoodssold": 557000000,
        "costofservicesandother": 146000000,
        "costofrevenue": 703000000,
        "researchanddevelopmentexpense": 159000000,
        "sellinggeneralandadministrativeexpense": 446000000,
        "costsandexpenses": 1308000000,
        "operatingincomeloss": 211000000,
        "investmentincomeinterest": 4000000,
        "interestexpense": -23000000,
        "othernonoperatingincomeexpense": 6000000,
        "incomelossfromcontinuingoperationsbeforeincometaxesminorityinterestandincomelossfromequitymethodinvestments": 198000000,
        "incometaxexpensebenefit": 5000000,
        "profitloss": 193000000,
        "earningspersharebasic": 0.56,
        "earningspersharediluted": 0.54,
        "weightedaveragenumberofsharesoutstandingbasic": 347,
        "weightedaveragenumberofdilutedsharesoutstanding": 355
    },
    {
        "date": "2010-04-29",
        "symbol": "A",
        "period": "Q2",
        "salesrevenuegoodsnet": 1029000000,
        "servicesandother": 242000000,
        "salesrevenuenet": 1271000000,
        "costofgoodssold": 431000000,
        "costofservicesandother": 129000000,
        "costofrevenue": 560000000,
        "researchanddevelopmentexpense": 150000000,
        "sellinggeneralandadministrativeexpense": 407000000,
        "costsandexpenses": 1117000000,
        "operatingincomeloss": 154000000,
        "investmentincomeinterest": 3000000,
        "interestexpense": 22000000,
        "othernonoperatingincomeexpense": 4000000,
        "incomelossfromcontinuingoperationsbeforeincometaxesminorityinterestandincomelossfromequitymethodinvestments": 139000000,
        "incometaxexpensebenefit": 31000000,
        "profitloss": 108000000,
        "earningspersharebasic": 0.31,
        "earningspersharediluted": 0.31,
        "weightedaveragenumberofsharesoutstandingbasic": 348,
        "weightedaveragenumberofdilutedsharesoutstanding": 354
    },
    {
        "date": "2010-01-30",
        "symbol": "A",
        "period": "Q1",
        "salesrevenuegoodsnet": 976000000,
        "servicesandother": 237000000,
        "salesrevenuenet": 1213000000,
        "costofgoodssold": 421000000,
        "costofservicesandother": 132000000,
        "costofrevenue": 553000000,
        "researchanddevelopmentexpense": 149000000,
        "sellinggeneralandadministrativeexpense": 417000000,
        "operatingcostsandexpenses": 1119000000,
        "operatingincomeloss": 94000000,
        "investmentincomeinterest": 3000000,
        "interestexpensedeposits": 23000000,
        "othernonoperatingincomeexpense": 9000000,
        "incomelossfromcontinuingoperationsbeforeincometaxesminorityinterestandincomelossfromequitymethodinvestments": 83000000,
        "incometaxexpensebenefit": 4000000,
        "profitloss": 79000000,
        "earningspersharebasic": 0.23,
        "earningspersharediluted": 0.22,
        "weightedaveragenumberofsharesoutstandingbasic": 348,
        "weightedaveragenumberofdilutedsharesoutstanding": 354
    }
]