[
    {
        "date": "2024-06-29",
        "symbol": "VLO",
        "period": "Q2",
        "revenuefromcontractwithcustomerincludingassessedtax": 34490000000,
        "costdirectmaterial": 30943000000,
        "costofgoodsandservicessoldoverhead": 1424000000,
        "costofgoodsandservicessolddepreciationandamortization": 684000000,
        "costofrevenue": 33051000000,
        "othercostandexpenseoperating": 3000000,
        "generalandadministrativeexpense": 203000000,
        "depreciationandamortization": 12000000,
        "operatingincomeloss": 1221000000,
        "othernonoperatingincomeexpense": 122000000,
        "interestexpense": 140000000,
        "incomelossfromcontinuingoperationsbeforeincometaxesextraordinaryitemsnoncontrollinginterest": 1203000000,
        "incometaxexpensebenefit": 277000000,
        "profitloss": 926000000,
        "netincomelossattributabletononcontrollinginterest": 46000000,
        "netincomeloss": 880000000,
        "earningspersharebasic": 2.71,
        "weightedaveragenumberofsharesoutstandingbasic": 324000000,
        "earningspersharediluted": 2.71,
        "weightedaveragenumberofdilutedsharesoutstanding": 324000000,
        "exciseandsalestaxes": 1456000000,
        "othercomprehensiveincomeforeigncurrencytransactionandtranslationgainlossbeforereclassificationandtax": -111000000,
        "othercomprehensiveincomelosspensionandotherpostretirementbenefitplansadjustmentbeforetax": 5000000,
        "othercomprehensiveincomelosscashflowhedgegainlossafterreclassificationbeforetax": -8000000,
        "othercomprehensiveincomelossbeforetax": -124000000,
        "othercomprehensiveincomelosstax": -3000000,
        "othercomprehensiveincomelossnetoftax": -121000000,
        "comprehensiveincomenetoftaxincludingportionattributabletononcontrollinginterest": 805000000,
        "comprehensiveincomenetoftaxattributabletononcontrollinginterest": 42000000,
        "comprehensiveincomenetoftax": 763000000
    },
    {
        "date": "2023-12-30",
        "symbol": "VLO",
        "period": "Q4",
        "revenuefromcontractwithcustomerincludingassessedtax": 105709000000,
        "costdirectmaterial": 89902000000,
        "costofgoodsandservicessoldoverhead": 4378000000,
        "costofgoodsandservicessolddepreciationandamortization": 1969000000,
        "costofrevenue": 99351000000,
        "othercostandexpenseoperating": 16000000,
        "generalandadministrativeexpense": 295000000,
        "depreciationandamortization": 11000000,
        "operatingincomeloss": 8853000000,
        "othernonoperatingincomeexpense": 145000000,
        "interestexpense": 149000000,
        "incomelossfromcontinuingoperationsbeforeincometaxesextraordinaryitemsnoncontrollinginterest": 1549000000,
        "incometaxexpensebenefit": 331000000,
        "profitloss": 6229000000,
        "netincomelossattributabletononcontrollinginterest": 16000000,
        "netincomeloss": 1202000000,
        "earningspersharebasic": 3.729999999999997,
        "weightedaveragenumberofsharesoutstandingbasic": 353000000,
        "earningspersharediluted": 3.74,
        "weightedaveragenumberofdilutedsharesoutstanding": 353000000,
        "exciseandsalestaxes": 1426000000,
        "othercomprehensiveincomeforeigncurrencytransactionandtranslationgainlossbeforereclassificationandtax": 356000000,
        "othercomprehensiveincomelosspensionandotherpostretirementbenefitplansadjustmentbeforetax": -55000000,
        "othercomprehensiveincomelosscashflowhedgegainlossafterreclassificationbeforetax": 158000000,
        "othercomprehensiveincomelossbeforetax": 569000000,
        "othercomprehensiveincomelosstax": 34000000,
        "othercomprehensiveincomelossnetoftax": 924000000,
        "comprehensiveincomenetoftaxincludingportionattributabletononcontrollinginterest": 1753000000,
        "comprehensiveincomenetoftaxattributabletononcontrollinginterest": 96000000,
        "comprehensiveincomenetoftax": 1657000000
    },
    {
        "date": "2023-09-29",
        "symbol": "VLO",
        "period": "Q3",
        "revenuefromcontractwithcustomerincludingassessedtax": 38404000000,
        "costdirectmaterial": 32385000000,
        "costofgoodsandservicessoldoverhead": 1578000000,
        "costofgoodsandservicessolddepreciationandamortization": 671000000,
        "costofrevenue": 34634000000,
        "othercostandexpenseoperating": 6000000,
        "generalandadministrativeexpense": 250000000,
        "depreciationandamortization": 11000000,
        "operatingincomeloss": 3503000000,
        "othernonoperatingincomeexpense": 122000000,
        "interestexpense": 149000000,
        "incomelossfromcontinuingoperationsbeforeincometaxesextraordinaryitemsnoncontrollinginterest": 3476000000,
        "incometaxexpensebenefit": 813000000,
        "profitloss": 2663000000,
        "netincomelossattributabletononcontrollinginterest": 41000000,
        "netincomeloss": 2622000000,
        "earningspersharebasic": 7.49,
        "weightedaveragenumberofsharesoutstandingbasic": 349000000,
        "earningspersharediluted": 7.49,
        "weightedaveragenumberofdilutedsharesoutstanding": 349000000,
        "exciseandsalestaxes": 1468000000,
        "othercomprehensiveincomeforeigncurrencytransactionandtranslationgainlossbeforereclassificationandtax": -314000000,
        "othercomprehensiveincomelosspensionandotherpostretirementbenefitplansadjustmentbeforetax": 12000000,
        "othercomprehensiveincomelosscashflowhedgegainlossafterreclassificationbeforetax": -78000000,
        "othercomprehensiveincomelossbeforetax": -404000000,
        "othercomprehensiveincomelosstax": -11000000,
        "othercomprehensiveincomelossnetoftax": -393000000,
        "comprehensiveincomenetoftaxincludingportionattributabletononcontrollinginterest": 2270000000,
        "comprehensiveincomenetoftaxattributabletononcontrollinginterest": 2000000,
        "comprehensiveincomenetoftax": 2268000000
    },
    {
        "date": "2023-06-29",
        "symbol": "VLO",
        "period": "Q2",
        "revenuefromcontractwithcustomerincludingassessedtax": 319000000,
        "costdirectmaterial": 387000000,
        "costofgoodsandservicessoldoverhead": 3000000,
        "costofgoodsandservicessolddepreciationandamortization": -2000000,
        "costofrevenue": -1184000000,
        "othercostandexpenseoperating": 1000000,
        "generalandadministrativeexpense": 209000000,
        "depreciationandamortization": 11000000,
        "operatingincomeloss": -240000000,
        "othernonoperatingincomeexpense": 106000000,
        "interestexpense": 148000000,
        "incomelossfromcontinuingoperationsbeforeincometaxesextraordinaryitemsnoncontrollinginterest": 2717000000,
        "incometaxexpensebenefit": 595000000,
        "profitloss": 178000000,
        "netincomelossattributabletononcontrollinginterest": 178000000,
        "netincomeloss": 1944000000,
        "earningspersharebasic": 5.41,
        "weightedaveragenumberofsharesoutstandingbasic": 358000000,
        "earningspersharediluted": 5.4,
        "weightedaveragenumberofdilutedsharesoutstanding": 358000000,
        "exciseandsalestaxes": 1449000000,
        "othercomprehensiveincomeforeigncurrencytransactionandtranslationgainlossbeforereclassificationandtax": 257000000,
        "othercomprehensiveincomelosspensionandotherpostretirementbenefitplansadjustmentbeforetax": 6000000,
        "othercomprehensiveincomelosscashflowhedgegainlossafterreclassificationbeforetax": -47000000,
        "othercomprehensiveincomelossbeforetax": 204000000,
        "othercomprehensiveincomelosstax": -6000000,
        "othercomprehensiveincomelossnetoftax": -18000000,
        "comprehensiveincomenetoftaxincludingportionattributabletononcontrollinginterest": 2332000000,
        "comprehensiveincomenetoftaxattributabletononcontrollinginterest": 154000000,
        "comprehensiveincomenetoftax": 2178000000
    },
    {
        "date": "2023-03-30",
        "symbol": "VLO",
        "period": "Q1",
        "revenuefromcontractwithcustomerincludingassessedtax": 334000000,
        "costdirectmaterial": 413000000,
        "costofgoodsandservicessoldoverhead": 130000000,
        "costofgoodsandservicessolddepreciationandamortization": 20000000,
        "costofrevenue": -967000000,
        "othercostandexpenseoperating": 10000000,
        "generalandadministrativeexpense": 244000000,
        "depreciationandamortization": 10000000,
        "operatingincomeloss": -258000000,
        "othernonoperatingincomeexpense": 129000000,
        "interestexpense": 146000000,
        "incomelossfromcontinuingoperationsbeforeincometaxesextraordinaryitemsnoncontrollinginterest": 4026000000,
        "incometaxexpensebenefit": 880000000,
        "profitloss": 79000000,
        "netincomelossattributabletononcontrollinginterest": 79000000,
        "netincomeloss": 3067000000,
        "earningspersharebasic": 8.3,
        "weightedaveragenumberofsharesoutstandingbasic": 369000000,
        "earningspersharediluted": 8.29,
        "weightedaveragenumberofdilutedsharesoutstanding": 369000000,
        "exciseandsalestaxes": 1422000000,
        "othercomprehensiveincomeforeigncurrencytransactionandtranslationgainlossbeforereclassificationandtax": 134000000,
        "othercomprehensiveincomelosspensionandotherpostretirementbenefitplansadjustmentbeforetax": 7000000,
        "othercomprehensiveincomelosscashflowhedgegainlossafterreclassificationbeforetax": 57000000,
        "othercomprehensiveincomelossbeforetax": 184000000,
        "othercomprehensiveincomelosstax": 1000000,
        "othercomprehensiveincomelossnetoftax": 22000000,
        "comprehensiveincomenetoftaxincludingportionattributabletononcontrollinginterest": 3329000000,
        "comprehensiveincomenetoftaxattributabletononcontrollinginterest": 108000000,
        "comprehensiveincomenetoftax": 3221000000
    },
    {
        "date": "2022-12-30",
        "symbol": "VLO",
        "period": "Q4",
        "revenuefromcontractwithcustomerincludingassessedtax": 19284000000,
        "costdirectmaterial": 516000000,
        "costofgoodsandservicessoldoverhead": 492000000,
        "costofgoodsandservicessolddepreciationandamortization": 22000000,
        "costofrevenue": -783000000,
        "othercostandexpenseoperating": -5000000,
        "generalandadministrativeexpense": 282000000,
        "depreciationandamortization": 11000000,
        "operatingincomeloss": -303000000,
        "othernonoperatingincomeexpense": -148000000,
        "interestexpense": 137000000,
        "incomelossfromcontinuingoperationsbeforeincometaxesextraordinaryitemsnoncontrollinginterest": -11343000000,
        "incometaxexpensebenefit": -1526000000,
        "profitloss": -557000000,
        "netincomelossattributabletononcontrollinginterest": 119000000,
        "netincomeloss": 3113000000,
        "earningspersharebasic": 8.060000000000002,
        "weightedaveragenumberofsharesoutstandingbasic": -807000000,
        "earningspersharediluted": 8.069999999999997,
        "weightedaveragenumberofdilutedsharesoutstanding": -806000000,
        "exciseandsalestaxes": 1304000000,
        "othercomprehensiveincomeforeigncurrencytransactionandtranslationgainlossbeforereclassificationandtax": 422000000,
        "othercomprehensiveincomelosspensionandotherpostretirementbenefitplansadjustmentbeforetax": -56000000,
        "othercomprehensiveincomelosscashflowhedgegainlossafterreclassificationbeforetax": -80000000,
        "othercomprehensiveincomelossbeforetax": 930000000,
        "othercomprehensiveincomelossnetoftax": -40000000,
        "comprehensiveincomenetoftaxincludingportionattributabletononcontrollinginterest": 3830000000,
        "comprehensiveincomenetoftaxattributabletononcontrollinginterest": 79000000,
        "comprehensiveincomenetoftax": 3751000000
    },
    {
        "date": "2022-09-29",
        "symbol": "VLO",
        "period": "Q3",
        "revenuefromcontractwithcustomerincludingassessedtax": 241000000,
        "costdirectmaterial": 461000000,
        "costofgoodsandservicessoldoverhead": -1000000,
        "costofgoodsandservicessolddepreciationandamortization": 20000000,
        "costofrevenue": -690000000,
        "othercostandexpenseoperating": 6000000,
        "generalandadministrativeexpense": 214000000,
        "depreciationandamortization": 11000000,
        "operatingincomeloss": -231000000,
        "othernonoperatingincomeexpense": 74000000,
        "interestexpense": 138000000,
        "incomelossfromcontinuingoperationsbeforeincometaxesextraordinaryitemsnoncontrollinginterest": 3728000000,
        "incometaxexpensebenefit": 816000000,
        "profitloss": 95000000,
        "netincomelossattributabletononcontrollinginterest": 95000000,
        "netincomeloss": 2817000000,
        "earningspersharebasic": 7.2,
        "weightedaveragenumberofsharesoutstandingbasic": 390000000,
        "earningspersharediluted": 7.19,
        "weightedaveragenumberofdilutedsharesoutstanding": 390000000,
        "exciseandsalestaxes": 1213000000,
        "othercomprehensiveincomeforeigncurrencytransactionandtranslationgainlossbeforereclassificationandtax": -606000000,
        "othercomprehensiveincomelosspensionandotherpostretirementbenefitplansadjustmentbeforetax": -8000000,
        "othercomprehensiveincomelosscashflowhedgegainlossafterreclassificationbeforetax": 69000000,
        "othercomprehensiveincomelossbeforetax": -529000000,
        "othercomprehensiveincomelosstax": 9000000,
        "othercomprehensiveincomelossnetoftax": 34000000,
        "comprehensiveincomenetoftaxincludingportionattributabletononcontrollinginterest": 2374000000,
        "comprehensiveincomenetoftaxattributabletononcontrollinginterest": 129000000,
        "comprehensiveincomenetoftax": 2245000000
    },
    {
        "date": "2022-06-29",
        "symbol": "VLO",
        "period": "Q2",
        "revenuefromcontractwithcustomerincludingassessedtax": 312000000,
        "costdirectmaterial": 221000000,
        "costofgoodsandservicessoldoverhead": -1000000,
        "costofgoodsandservicessolddepreciationandamortization": -3000000,
        "costofrevenue": -807000000,
        "othercostandexpenseoperating": 1000000,
        "generalandadministrativeexpense": 233000000,
        "depreciationandamortization": 12000000,
        "operatingincomeloss": -246000000,
        "othernonoperatingincomeexpense": 33000000,
        "interestexpense": 142000000,
        "incomelossfromcontinuingoperationsbeforeincometaxesextraordinaryitemsnoncontrollinginterest": 6110000000,
        "incometaxexpensebenefit": 1342000000,
        "profitloss": 75000000,
        "netincomelossattributabletononcontrollinginterest": 75000000,
        "netincomeloss": 4693000000,
        "earningspersharebasic": 11.58,
        "weightedaveragenumberofsharesoutstandingbasic": 404000000,
        "earningspersharediluted": 11.57,
        "weightedaveragenumberofdilutedsharesoutstanding": 404000000,
        "exciseandsalestaxes": 1254000000,
        "othercomprehensiveincomeforeigncurrencytransactionandtranslationgainlossbeforereclassificationandtax": -442000000,
        "othercomprehensiveincomelosspensionandotherpostretirementbenefitplansadjustmentbeforetax": -9000000,
        "othercomprehensiveincomelosscashflowhedgegainlossafterreclassificationbeforetax": 50000000,
        "othercomprehensiveincomelossbeforetax": -383000000,
        "othercomprehensiveincomelosstax": 7000000,
        "othercomprehensiveincomelossnetoftax": 26000000,
        "comprehensiveincomenetoftaxincludingportionattributabletononcontrollinginterest": 4378000000,
        "comprehensiveincomenetoftaxattributabletononcontrollinginterest": 101000000,
        "comprehensiveincomenetoftax": 4277000000
    },
    {
        "date": "2022-03-30",
        "symbol": "VLO",
        "period": "Q1",
        "revenuefromcontractwithcustomerincludingassessedtax": 259000000,
        "costdirectmaterial": 302000000,
        "costofgoodsandservicessoldoverhead": 135000000,
        "costofgoodsandservicessolddepreciationandamortization": 20000000,
        "costofrevenue": -516000000,
        "othercostandexpenseoperating": 1000000,
        "generalandadministrativeexpense": 205000000,
        "depreciationandamortization": 11000000,
        "operatingincomeloss": -217000000,
        "othernonoperatingincomeexpense": -20000000,
        "interestexpense": 145000000,
        "incomelossfromcontinuingoperationsbeforeincometaxesextraordinaryitemsnoncontrollinginterest": 1219000000,
        "incometaxexpensebenefit": 252000000,
        "profitloss": 62000000,
        "netincomelossattributabletononcontrollinginterest": 62000000,
        "netincomeloss": 905000000,
        "earningspersharebasic": 2.21,
        "weightedaveragenumberofsharesoutstandingbasic": 408000000,
        "earningspersharediluted": 2.21,
        "weightedaveragenumberofdilutedsharesoutstanding": 408000000,
        "exciseandsalestaxes": 1423000000,
        "othercomprehensiveincomeforeigncurrencytransactionandtranslationgainlossbeforereclassificationandtax": 13000000,
        "othercomprehensiveincomelosspensionandotherpostretirementbenefitplansadjustmentbeforetax": -8000000,
        "othercomprehensiveincomelosscashflowhedgegainlossafterreclassificationbeforetax": -45000000,
        "othercomprehensiveincomelossbeforetax": -24000000,
        "othercomprehensiveincomelossnetoftax": -23000000,
        "comprehensiveincomenetoftaxincludingportionattributabletononcontrollinginterest": 943000000,
        "comprehensiveincomenetoftaxattributabletononcontrollinginterest": 39000000,
        "comprehensiveincomenetoftax": 904000000
    },
    {
        "date": "2021-12-30",
        "symbol": "VLO",
        "period": "Q4",
        "revenuefromcontractwithcustomerincludingassessedtax": 10358000000,
        "costdirectmaterial": 487000000,
        "costofgoodsandservicessoldoverhead": -276000000,
        "costofgoodsandservicessolddepreciationandamortization": 20000000,
        "costofrevenue": -432000000,
        "othercostandexpenseoperating": -50000000,
        "generalandadministrativeexpense": 286000000,
        "depreciationandamortization": 12000000,
        "operatingincomeloss": -300000000,
        "othernonoperatingincomeexpense": -187000000,
        "interestexpense": 152000000,
        "incomelossfromcontinuingoperationsbeforeincometaxesextraordinaryitemsnoncontrollinginterest": -310000000,
        "incometaxexpensebenefit": 119000000,
        "profitloss": -347000000,
        "netincomelossattributabletononcontrollinginterest": 101000000,
        "netincomeloss": 1009000000,
        "earningspersharebasic": 2.48,
        "weightedaveragenumberofsharesoutstandingbasic": -814000000,
        "earningspersharediluted": 2.48,
        "weightedaveragenumberofdilutedsharesoutstanding": -815000000,
        "exciseandsalestaxes": 1493000000,
        "othercomprehensiveincomeforeigncurrencytransactionandtranslationgainlossbeforereclassificationandtax": 67000000,
        "othercomprehensiveincomelosspensionandotherpostretirementbenefitplansadjustmentbeforetax": 43000000,
        "othercomprehensiveincomelosscashflowhedgegainlossafterreclassificationbeforetax": 12000000,
        "othercomprehensiveincomelossbeforetax": 82000000,
        "othercomprehensiveincomelosstax": 74000000,
        "othercomprehensiveincomelossnetoftax": 6000000,
        "comprehensiveincomenetoftaxincludingportionattributabletononcontrollinginterest": 1449000000,
        "comprehensiveincomenetoftaxattributabletononcontrollinginterest": 110000000,
        "comprehensiveincomenetoftax": 1339000000
    },
    {
        "date": "2021-09-29",
        "symbol": "VLO",
        "period": "Q3",
        "revenuefromcontractwithcustomerincludingassessedtax": 241000000,
        "costdirectmaterial": 618000000,
        "costofgoodsandservicessoldoverhead": -1000000,
        "costofgoodsandservicessolddepreciationandamortization": 70000000,
        "costofrevenue": -178000000,
        "othercostandexpenseoperating": 1000000,
        "generalandadministrativeexpense": 195000000,
        "depreciationandamortization": 11000000,
        "operatingincomeloss": -206000000,
        "othernonoperatingincomeexpense": 32000000,
        "interestexpense": 152000000,
        "incomelossfromcontinuingoperationsbeforeincometaxesextraordinaryitemsnoncontrollinginterest": 573000000,
        "incometaxexpensebenefit": 65000000,
        "profitloss": 45000000,
        "netincomelossattributabletononcontrollinginterest": 45000000,
        "netincomeloss": 463000000,
        "earningspersharebasic": 1.13,
        "weightedaveragenumberofsharesoutstandingbasic": 407000000,
        "earningspersharediluted": 1.13,
        "weightedaveragenumberofdilutedsharesoutstanding": 408000000,
        "exciseandsalestaxes": 1610000000,
        "othercomprehensiveincomeforeigncurrencytransactionandtranslationgainlossbeforereclassificationandtax": -259000000,
        "othercomprehensiveincomelosspensionandotherpostretirementbenefitplansadjustmentbeforetax": -16000000,
        "othercomprehensiveincomelosscashflowhedgegainlossafterreclassificationbeforetax": -17000000,
        "othercomprehensiveincomelossbeforetax": -260000000,
        "othercomprehensiveincomelosstax": -1000000,
        "othercomprehensiveincomelossnetoftax": -10000000,
        "comprehensiveincomenetoftaxincludingportionattributabletononcontrollinginterest": 249000000,
        "comprehensiveincomenetoftaxattributabletononcontrollinginterest": 35000000,
        "comprehensiveincomenetoftax": 214000000
    },
    {
        "date": "2021-06-29",
        "symbol": "VLO",
        "period": "Q2",
        "revenuefromcontractwithcustomerincludingassessedtax": 27748000000,
        "costdirectmaterial": 25249000000,
        "costofgoodsandservicessoldoverhead": 1214000000,
        "costofgoodsandservicessolddepreciationandamortization": 576000000,
        "costofrevenue": 27039000000,
        "othercostandexpenseoperating": 12000000,
        "generalandadministrativeexpense": 176000000,
        "depreciationandamortization": 12000000,
        "operatingincomeloss": 509000000,
        "othernonoperatingincomeexpense": 102000000,
        "interestexpense": 150000000,
        "incomelossfromcontinuingoperationsbeforeincometaxesextraordinaryitemsnoncontrollinginterest": 461000000,
        "incometaxexpensebenefit": 169000000,
        "profitloss": 292000000,
        "netincomelossattributabletononcontrollinginterest": 130000000,
        "netincomeloss": 162000000,
        "earningspersharebasic": 0.39,
        "weightedaveragenumberofsharesoutstandingbasic": 407000000,
        "earningspersharediluted": 0.39,
        "weightedaveragenumberofdilutedsharesoutstanding": 407000000,
        "exciseandsalestaxes": 1422000000,
        "othercomprehensiveincomeforeigncurrencytransactionandtranslationgainlossbeforereclassificationandtax": 69000000,
        "othercomprehensiveincomelosspensionandotherpostretirementbenefitplansadjustmentbeforetax": -13000000,
        "othercomprehensiveincomelosscashflowhedgegainlossafterreclassificationbeforetax": -7000000,
        "othercomprehensiveincomelossbeforetax": 75000000,
        "othercomprehensiveincomelosstax": 2000000,
        "othercomprehensiveincomelossnetoftax": 73000000,
        "comprehensiveincomenetoftaxincludingportionattributabletononcontrollinginterest": 365000000,
        "comprehensiveincomenetoftaxattributabletononcontrollinginterest": 127000000,
        "comprehensiveincomenetoftax": 238000000
    },
    {
        "date": "2021-03-30",
        "symbol": "VLO",
        "period": "Q1",
        "revenuefromcontractwithcustomerincludingassessedtax": 20806000000,
        "costdirectmaterial": 18992000000,
        "costofgoodsandservicessoldoverhead": 1656000000,
        "costofgoodsandservicessolddepreciationandamortization": 566000000,
        "costofrevenue": 21214000000,
        "othercostandexpenseoperating": 38000000,
        "generalandadministrativeexpense": 208000000,
        "depreciationandamortization": 12000000,
        "operatingincomeloss": -666000000,
        "othernonoperatingincomeexpense": 45000000,
        "interestexpense": 149000000,
        "incomelossfromcontinuingoperationsbeforeincometaxesextraordinaryitemsnoncontrollinginterest": -770000000,
        "incometaxexpensebenefit": -148000000,
        "profitloss": -622000000,
        "netincomelossattributabletononcontrollinginterest": 82000000,
        "netincomeloss": -704000000,
        "earningspersharebasic": -1.73,
        "weightedaveragenumberofsharesoutstandingbasic": 407000000,
        "earningspersharediluted": -1.73,
        "weightedaveragenumberofdilutedsharesoutstanding": 407000000,
        "exciseandsalestaxes": 1120000000,
        "othercomprehensiveincomeforeigncurrencytransactionandtranslationgainlossbeforereclassificationandtax": 76000000,
        "othercomprehensiveincomelosspensionandotherpostretirementbenefitplansadjustmentbeforetax": -15000000,
        "othercomprehensiveincomelosscashflowhedgegainlossafterreclassificationbeforetax": 10000000,
        "othercomprehensiveincomelossbeforetax": 101000000,
        "othercomprehensiveincomelosstax": 7000000,
        "othercomprehensiveincomelossnetoftax": 94000000,
        "comprehensiveincomenetoftaxincludingportionattributabletononcontrollinginterest": -528000000,
        "comprehensiveincomenetoftaxattributabletononcontrollinginterest": 87000000,
        "comprehensiveincomenetoftax": -615000000
    },
    {
        "date": "2020-09-29",
        "symbol": "VLO",
        "period": "Q3",
        "revenuefromcontractwithcustomerincludingassessedtax": 15809000000,
        "costdirectmaterial": 14801000000,
        "inventorywritedown": -313000000,
        "costofgoodsandservicessoldoverhead": 1117000000,
        "costofgoodsandservicessolddepreciationandamortization": 602000000,
        "costofrevenue": 16207000000,
        "othercostandexpenseoperating": 25000000,
        "generalandadministrativeexpense": 186000000,
        "depreciationandamortization": 12000000,
        "operatingincomeloss": -621000000,
        "othernonoperatingincomeexpense": 48000000,
        "interestexpense": 143000000,
        "incomelossfromcontinuingoperationsbeforeincometaxesextraordinaryitemsnoncontrollinginterest": -716000000,
        "incometaxexpensebenefit": -337000000,
        "profitloss": -379000000,
        "netincomelossattributabletononcontrollinginterest": 85000000,
        "netincomeloss": -464000000,
        "earningspersharebasic": -1.14,
        "weightedaveragenumberofsharesoutstandingbasic": 407000000,
        "earningspersharediluted": -1.14,
        "weightedaveragenumberofdilutedsharesoutstanding": 407000000,
        "exciseandsalestaxes": 1339000000,
        "othercomprehensiveincomeforeigncurrencytransactionandtranslationgainlossbeforereclassificationandtax": 217000000,
        "othercomprehensiveincomelosspensionandotherpostretirementbenefitplansadjustmentbeforetax": -12000000,
        "othercomprehensiveincomelosscashflowhedgegainlossafterreclassificationbeforetax": 5000000,
        "othercomprehensiveincomelossbeforetax": 234000000,
        "othercomprehensiveincomelosstax": 4000000,
        "othercomprehensiveincomelossnetoftax": 230000000,
        "comprehensiveincomenetoftaxincludingportionattributabletononcontrollinginterest": -149000000,
        "comprehensiveincomenetoftaxattributabletononcontrollinginterest": 87000000,
        "comprehensiveincomenetoftax": -236000000
    },
    {
        "date": "2020-06-29",
        "symbol": "VLO",
        "period": "Q2",
        "profitloss": 1335000000,
        "othercomprehensiveincomeforeigncurrencytransactionandtranslationgainlossbeforereclassificationandtax": 138000000,
        "othercomprehensiveincomelosspensionandotherpostretirementbenefitplansadjustmentbeforetax": -12000000,
        "othercomprehensiveincomelosscashflowhedgegainlossafterreclassificationbeforetax": -25000000,
        "othercomprehensiveincomelossbeforetax": 125000000,
        "othercomprehensiveincomelosstax": -1000000,
        "othercomprehensiveincomelossnetoftax": 126000000,
        "comprehensiveincomenetoftaxincludingportionattributabletononcontrollinginterest": 1461000000,
        "comprehensiveincomenetoftaxattributabletononcontrollinginterest": 70000000,
        "comprehensiveincomenetoftax": 1391000000,
        "revenuefromcontractwithcustomerincludingassessedtax": 10397000000,
        "costdirectmaterial": 9079000000,
        "inventorywritedown": -2248000000,
        "costofgoodsandservicessoldoverhead": 1027000000,
        "costofgoodsandservicessolddepreciationandamortization": 566000000,
        "costofrevenue": 8424000000,
        "othercostandexpenseoperating": 3000000,
        "generalandadministrativeexpense": 169000000,
        "depreciationandamortization": 12000000,
        "operatingincomeloss": 1789000000,
        "othernonoperatingincomeexpense": 27000000,
        "interestexpense": 142000000,
        "incomelossfromcontinuingoperationsbeforeincometaxesextraordinaryitemsnoncontrollinginterest": 1674000000,
        "incometaxexpensebenefit": 339000000,
        "netincomelossattributabletononcontrollinginterest": 82000000,
        "netincomeloss": 1253000000,
        "earningspersharebasic": 3.07,
        "weightedaveragenumberofsharesoutstandingbasic": 406000000,
        "earningspersharediluted": 3.07,
        "weightedaveragenumberofdilutedsharesoutstanding": 407000000,
        "exciseandsalestaxes": 784000000
    },
    {
        "date": "2020-03-30",
        "symbol": "VLO",
        "period": "Q1",
        "profitloss": -1754000000,
        "othercomprehensiveincomeforeigncurrencytransactionandtranslationgainlossbeforereclassificationandtax": -607000000,
        "othercomprehensiveincomelosspensionandotherpostretirementbenefitplansadjustmentbeforetax": -12000000,
        "othercomprehensiveincomelosscashflowhedgegainlossafterreclassificationbeforetax": 29000000,
        "othercomprehensiveincomelossbeforetax": -566000000,
        "othercomprehensiveincomelosstax": 6000000,
        "othercomprehensiveincomelossnetoftax": -572000000,
        "comprehensiveincomenetoftaxincludingportionattributabletononcontrollinginterest": -2326000000,
        "comprehensiveincomenetoftaxattributabletononcontrollinginterest": 111000000,
        "comprehensiveincomenetoftax": -2437000000,
        "revenuefromcontractwithcustomerincludingassessedtax": 22102000000,
        "costdirectmaterial": 19952000000,
        "inventorywritedown": 2542000000,
        "costofgoodsandservicessoldoverhead": 1124000000,
        "costofgoodsandservicessolddepreciationandamortization": 569000000,
        "costofrevenue": 24187000000,
        "othercostandexpenseoperating": 2000000,
        "generalandadministrativeexpense": 177000000,
        "depreciationandamortization": 13000000,
        "operatingincomeloss": -2277000000,
        "othernonoperatingincomeexpense": 32000000,
        "interestexpense": 125000000,
        "incomelossfromcontinuingoperationsbeforeincometaxesextraordinaryitemsnoncontrollinginterest": -2370000000,
        "incometaxexpensebenefit": -616000000,
        "netincomelossattributabletononcontrollinginterest": 97000000,
        "netincomeloss": -1851000000,
        "earningspersharebasic": -4.54,
        "weightedaveragenumberofsharesoutstandingbasic": 408000000,
        "earningspersharediluted": -4.54,
        "weightedaveragenumberofdilutedsharesoutstanding": 408000000,
        "exciseandsalestaxes": 1368000000
    },
    {
        "date": "2019-09-29",
        "symbol": "VLO",
        "period": "Q3",
        "profitloss": 639000000,
        "othercomprehensiveincomeforeigncurrencytransactionandtranslationgainlossbeforereclassificationandtax": -180000000,
        "othercomprehensiveincomelosspensionandotherpostretirementbenefitplansadjustmentbeforetax": -3000000,
        "othercomprehensiveincomelosscashflowhedgegainlossafterreclassificationbeforetax": -4000000,
        "othercomprehensiveincomelossbeforetax": -181000000,
        "othercomprehensiveincomelosstax": -1000000,
        "othercomprehensiveincomelossnetoftax": -181000000,
        "comprehensiveincomenetoftaxincludingportionattributabletononcontrollinginterest": 458000000,
        "comprehensiveincomenetoftaxattributabletononcontrollinginterest": 28000000,
        "comprehensiveincomenetoftax": 430000000,
        "revenuefromcontractwithcustomerincludingassessedtax": 27249000000,
        "costdirectmaterial": 24335000000,
        "costofgoodsandservicessoldoverhead": 1239000000,
        "costofgoodsandservicessolddepreciationandamortization": 556000000,
        "costofrevenue": 26130000000,
        "othercostandexpenseoperating": 10000000,
        "generalandadministrativeexpense": 217000000,
        "depreciationandamortization": 11000000,
        "operatingincomeloss": 881000000,
        "othernonoperatingincomeexpense": 34000000,
        "interestexpense": 111000000,
        "incomelossfromcontinuingoperationsbeforeincometaxesextraordinaryitemsnoncontrollinginterest": 804000000,
        "incometaxexpensebenefit": 165000000,
        "netincomelossattributabletononcontrollinginterest": 30000000,
        "netincomeloss": 609000000,
        "earningspersharebasic": 1.48,
        "weightedaveragenumberofsharesoutstandingbasic": 412000000,
        "earningspersharediluted": 1.48,
        "weightedaveragenumberofdilutedsharesoutstanding": 413000000,
        "exciseandsalestaxes": 1399000000
    },
    {
        "date": "2019-06-29",
        "symbol": "VLO",
        "period": "Q2",
        "profitloss": 648000000,
        "othercomprehensiveincomeforeigncurrencytransactionandtranslationgainlossbeforereclassificationandtax": -27000000,
        "othercomprehensiveincomelosspensionandotherpostretirementbenefitplansadjustmentbeforetax": -2000000,
        "othercomprehensiveincomelosscashflowhedgegainlossafterreclassificationbeforetax": 5000000,
        "othercomprehensiveincomelossbeforetax": 7000000,
        "othercomprehensiveincomelosstax": 1000000,
        "othercomprehensiveincomelossnetoftax": 6000000,
        "comprehensiveincomenetoftaxincludingportionattributabletononcontrollinginterest": 654000000,
        "comprehensiveincomenetoftaxattributabletononcontrollinginterest": 40000000,
        "comprehensiveincomenetoftax": 614000000,
        "revenuefromcontractwithcustomerincludingassessedtax": 28933000000,
        "costdirectmaterial": 26083000000,
        "costofgoodsandservicessoldoverhead": 1175000000,
        "costofgoodsandservicessolddepreciationandamortization": 552000000,
        "costofrevenue": 27810000000,
        "othercostandexpenseoperating": 2000000,
        "generalandadministrativeexpense": 199000000,
        "depreciationandamortization": 14000000,
        "operatingincomeloss": 908000000,
        "othernonoperatingincomeexpense": 12000000,
        "interestexpense": 112000000,
        "incomelossfromcontinuingoperationsbeforeincometaxesextraordinaryitemsnoncontrollinginterest": 808000000,
        "incometaxexpensebenefit": 160000000,
        "netincomelossattributabletononcontrollinginterest": 36000000,
        "netincomeloss": 612000000,
        "earningspersharebasic": 1.47,
        "weightedaveragenumberofsharesoutstandingbasic": 415000000,
        "earningspersharediluted": 1.47,
        "weightedaveragenumberofdilutedsharesoutstanding": 417000000,
        "exciseandsalestaxes": 1410000000
    },
    {
        "date": "2019-03-30",
        "symbol": "VLO",
        "period": "Q1",
        "profitloss": 167000000,
        "othercomprehensiveincomeforeigncurrencytransactionandtranslationgainlossbeforereclassificationandtax": 155000000,
        "othercomprehensiveincomelosspensionandotherpostretirementbenefitplansadjustmentbeforetax": -3000000,
        "othercomprehensiveincomelossbeforetax": 158000000,
        "othercomprehensiveincomelosstax": 1000000,
        "othercomprehensiveincomelossnetoftax": 157000000,
        "comprehensiveincomenetoftaxincludingportionattributabletononcontrollinginterest": 324000000,
        "comprehensiveincomenetoftaxattributabletononcontrollinginterest": 28000000,
        "comprehensiveincomenetoftax": 296000000,
        "revenuefromcontractwithcustomerincludingassessedtax": 24263000000,
        "costdirectmaterial": 21978000000,
        "costofgoodsandservicessoldoverhead": 1215000000,
        "costofgoodsandservicessolddepreciationandamortization": 537000000,
        "costofrevenue": 23730000000,
        "othercostandexpenseoperating": 2000000,
        "generalandadministrativeexpense": 209000000,
        "depreciationandamortization": 14000000,
        "operatingincomeloss": 308000000,
        "othernonoperatingincomeexpense": 22000000,
        "interestexpense": 112000000,
        "incomelossfromcontinuingoperationsbeforeincometaxesextraordinaryitemsnoncontrollinginterest": 218000000,
        "incometaxexpensebenefit": 51000000,
        "netincomelossattributabletononcontrollinginterest": 26000000,
        "netincomeloss": 141000000,
        "earningspersharebasic": 0.34,
        "weightedaveragenumberofsharesoutstandingbasic": 416000000,
        "earningspersharediluted": 0.34,
        "weightedaveragenumberofdilutedsharesoutstanding": 418000000,
        "exciseandsalestaxes": 1330000000
    },
    {
        "date": "2018-09-29",
        "symbol": "VLO",
        "period": "Q3",
        "profitloss": 856000000,
        "othercomprehensiveincomeforeigncurrencytransactionandtranslationgainlossbeforereclassificationandtax": 23000000,
        "othercomprehensiveincomelosspensionandotherpostretirementbenefitplansadjustmentbeforetax": -8000000,
        "othercomprehensiveincomelossbeforetax": 31000000,
        "othercomprehensiveincomelosstax": 1000000,
        "othercomprehensiveincomelossnetoftax": 27000000,
        "comprehensiveincomenetoftaxincludingportionattributabletononcontrollinginterest": 904000000,
        "comprehensiveincomenetoftaxattributabletononcontrollinginterest": 21000000,
        "comprehensiveincomenetoftax": 883000000,
        "exciseandsalestaxes": 1338000000,
        "revenuefromcontractwithcustomerincludingassessedtax": 29984000000,
        "costdirectmaterial": 94000000,
        "costofgoodsandservicessoldoverhead": 31000000,
        "costofgoodsandservicessolddepreciationandamortization": 19000000,
        "costofrevenue": 50000000,
        "othercostandexpenseoperating": 10000000,
        "generalandadministrativeexpense": 209000000,
        "depreciationandamortization": 13000000,
        "operatingincomeloss": -221000000,
        "othernonoperatingincomeexpense": 42000000,
        "interestexpense": 111000000,
        "incomelossfromcontinuingoperationsbeforeincometaxesextraordinaryitemsnoncontrollinginterest": 1150000000,
        "incometaxexpensebenefit": 276000000,
        "netincomelossattributabletononcontrollinginterest": 18000000,
        "netincomeloss": 856000000,
        "earningspersharebasic": 2.01,
        "weightedaveragenumberofsharesoutstandingbasic": 1000000,
        "earningspersharediluted": 2.01,
        "weightedaveragenumberofdilutedsharesoutstanding": 427000000
    },
    {
        "date": "2018-06-29",
        "symbol": "VLO",
        "period": "Q2",
        "profitloss": 875000000,
        "othercomprehensiveincomeforeigncurrencytransactionandtranslationgainlossbeforereclassificationandtax": -291000000,
        "othercomprehensiveincomelosspensionandotherpostretirementbenefitplansadjustmentbeforetax": -9000000,
        "othercomprehensiveincomelossbeforetax": -282000000,
        "othercomprehensiveincomelosstax": 2000000,
        "othercomprehensiveincomelossnetoftax": -284000000,
        "comprehensiveincomenetoftaxincludingportionattributabletononcontrollinginterest": 591000000,
        "comprehensiveincomenetoftaxattributabletononcontrollinginterest": 25000000,
        "comprehensiveincomenetoftax": 566000000,
        "exciseandsalestaxes": 1470000000,
        "revenuefromcontractwithcustomerincludingassessedtax": 30130000000,
        "costdirectmaterial": 131000000,
        "costofgoodsandservicessoldoverhead": 33000000,
        "costofgoodsandservicessolddepreciationandamortization": 19000000,
        "costofrevenue": 52000000,
        "othercostandexpenseoperating": 21000000,
        "generalandadministrativeexpense": 248000000,
        "depreciationandamortization": 13000000,
        "operatingincomeloss": -260000000,
        "othernonoperatingincomeexpense": -5000000,
        "interestexpense": 124000000,
        "incomelossfromcontinuingoperationsbeforeincometaxesextraordinaryitemsnoncontrollinginterest": 1124000000,
        "incometaxexpensebenefit": 249000000,
        "netincomelossattributabletononcontrollinginterest": 30000000,
        "netincomeloss": 845000000,
        "earningspersharebasic": 1.96,
        "weightedaveragenumberofsharesoutstandingbasic": 1000000,
        "earningspersharediluted": 1.96,
        "weightedaveragenumberofdilutedsharesoutstanding": 431000000,
        "commonstockdividendspersharecashpaid": 0.8
    },
    {
        "date": "2018-03-30",
        "symbol": "VLO",
        "period": "Q1",
        "profitloss": 469000000,
        "othercomprehensiveincomeforeigncurrencytransactionandtranslationgainlossbeforereclassificationandtax": 45000000,
        "othercomprehensiveincomelosspensionandotherpostretirementbenefitplansadjustmentbeforetax": -8000000,
        "othercomprehensiveincomelossbeforetax": 53000000,
        "othercomprehensiveincomelosstax": 2000000,
        "othercomprehensiveincomelossnetoftax": 48000000,
        "comprehensiveincomenetoftaxincludingportionattributabletononcontrollinginterest": 633000000,
        "comprehensiveincomenetoftaxattributabletononcontrollinginterest": 116000000,
        "comprehensiveincomenetoftax": 517000000,
        "exciseandsalestaxes": 1464000000,
        "refiningandmarketingrevenue": 25561000000,
        "refiningandmarketingcosts": 23188000000,
        "costofgoodsandservicessoldoverhead": 29000000,
        "costofgoodsandservicessolddepreciationandamortization": 19000000,
        "costofrevenue": 48000000,
        "othercostandexpenseoperating": 10000000,
        "generalandadministrativeexpense": 238000000,
        "depreciationandamortization": 13000000,
        "operatingincomeloss": -250000000,
        "othernonoperatingincomeexpense": 51000000,
        "interestexpense": 121000000,
        "incomelossfromcontinuingoperationsbeforeincometaxesextraordinaryitemsnoncontrollinginterest": 731000000,
        "incometaxexpensebenefit": 149000000,
        "netincomelossattributabletononcontrollinginterest": 113000000,
        "netincomeloss": 469000000,
        "earningspersharebasic": 1.09,
        "weightedaveragenumberofsharesoutstandingbasic": 1000000,
        "earningspersharediluted": 1.09,
        "weightedaveragenumberofdilutedsharesoutstanding": 432000000,
        "commonstockdividendspersharecashpaid": 0.8
    },
    {
        "date": "2017-09-29",
        "symbol": "VLO",
        "period": "Q3",
        "profitloss": 863000000,
        "othercomprehensiveincomeforeigncurrencytransactionandtranslationgainlossbeforereclassificationandtax": 228000000,
        "othercomprehensiveincomelosspensionandotherpostretirementbenefitplansadjustmentbeforetax": -4000000,
        "othercomprehensiveincomelossbeforetax": 232000000,
        "othercomprehensiveincomelosstax": 1000000,
        "othercomprehensiveincomelossnetoftax": 231000000,
        "comprehensiveincomenetoftaxincludingportionattributabletononcontrollinginterest": 1094000000,
        "comprehensiveincomenetoftaxattributabletononcontrollinginterest": 23000000,
        "comprehensiveincomenetoftax": 1071000000,
        "exciseandsalestaxes": 1447000000,
        "refiningandmarketingrevenue": 22728000000,
        "refiningandmarketingcosts": 19818000000,
        "costofgoodsandservicessoldoverhead": 26000000,
        "costofgoodsandservicessolddepreciationandamortization": 12000000,
        "costofrevenue": 38000000,
        "othercostandexpenseoperating": 3000000,
        "generalandadministrativeexpense": 229000000,
        "depreciationandamortization": 13000000,
        "operatingincomeloss": 69000000,
        "othernonoperatingincomeexpense": 17000000,
        "interestexpense": 114000000,
        "incomelossfromcontinuingoperationsbeforeincometaxesextraordinaryitemsnoncontrollinginterest": 1241000000,
        "incometaxexpensebenefit": 378000000,
        "netincomelossattributabletononcontrollinginterest": 22000000,
        "netincomeloss": 841000000,
        "earningspersharebasic": 1.91,
        "weightedaveragenumberofsharesoutstandingbasic": 2000000,
        "earningspersharediluted": 1.91,
        "weightedaveragenumberofdilutedsharesoutstanding": 441000000,
        "commonstockdividendspersharecashpaid": 0.7
    },
    {
        "date": "2017-06-29",
        "symbol": "VLO",
        "period": "Q2",
        "profitloss": 572000000,
        "othercomprehensiveincomeforeigncurrencytransactionandtranslationgainlossbeforereclassificationandtax": 208000000,
        "othercomprehensiveincomelosspensionandotherpostretirementbenefitplansadjustmentbeforetax": -4000000,
        "othercomprehensiveincomelossbeforetax": 212000000,
        "othercomprehensiveincomelosstax": 1000000,
        "othercomprehensiveincomelossnetoftax": 211000000,
        "comprehensiveincomenetoftaxincludingportionattributabletononcontrollinginterest": 783000000,
        "comprehensiveincomenetoftaxattributabletononcontrollinginterest": 24000000,
        "comprehensiveincomenetoftax": 759000000,
        "exciseandsalestaxes": 1384000000,
        "refiningandmarketingrevenue": 21415000000,
        "refiningandmarketingcosts": 18899000000,
        "operatingcostsandexpenses": 27000000,
        "generalandadministrativeexpense": 178000000,
        "depreciationamortizationandaccretionnet": 12000000,
        "costsandexpenses": 39000000,
        "operatingincomeloss": 71000000,
        "othernonoperatingincomeexpense": 16000000,
        "interestexpense": 119000000,
        "incomelossfromcontinuingoperationsbeforeincometaxesextraordinaryitemsnoncontrollinginterest": 768000000,
        "incometaxexpensebenefit": 196000000,
        "netincomelossattributabletononcontrollinginterest": 24000000,
        "netincomeloss": 548000000,
        "earningspersharebasic": 1.23,
        "weightedaveragenumberofsharesoutstandingbasic": 2000000,
        "earningspersharediluted": 1.23,
        "weightedaveragenumberofdilutedsharesoutstanding": 446000000,
        "commonstockdividendspersharecashpaid": 0.7
    },
    {
        "date": "2017-03-30",
        "symbol": "VLO",
        "period": "Q1",
        "profitloss": 305000000,
        "othercomprehensiveincomeforeigncurrencytransactionandtranslationgainlossbeforereclassificationandtax": 74000000,
        "othercomprehensiveincomelosspensionandotherpostretirementbenefitplansadjustmentbeforetax": -3000000,
        "othercomprehensiveincomelossbeforetax": 77000000,
        "othercomprehensiveincomelosstax": 1000000,
        "othercomprehensiveincomelossnetoftax": 76000000,
        "comprehensiveincomenetoftaxincludingportionattributabletononcontrollinginterest": 397000000,
        "comprehensiveincomenetoftaxattributabletononcontrollinginterest": 16000000,
        "comprehensiveincomenetoftax": 381000000,
        "exciseandsalestaxes": 1272000000,
        "refiningandmarketingrevenue": 20887000000,
        "refiningandmarketingcosts": 18641000000,
        "operatingcostsandexpenses": 24000000,
        "generalandadministrativeexpense": 190000000,
        "depreciationamortizationandaccretionnet": 12000000,
        "costsandexpenses": 36000000,
        "operatingincomeloss": 70000000,
        "othernonoperatingincomeexpense": 17000000,
        "interestexpense": 121000000,
        "incomelossfromcontinuingoperationsbeforeincometaxesextraordinaryitemsnoncontrollinginterest": 433000000,
        "incometaxexpensebenefit": 112000000,
        "netincomelossattributabletononcontrollinginterest": 16000000,
        "netincomeloss": 305000000,
        "earningspersharebasic": 0.68,
        "weightedaveragenumberofsharesoutstandingbasic": 2000000,
        "earningspersharediluted": 0.68,
        "weightedaveragenumberofdilutedsharesoutstanding": 451000000,
        "commonstockdividendspersharecashpaid": 0.7
    },
    {
        "date": "2016-06-29",
        "symbol": "VLO",
        "period": "Q2",
        "profitloss": 843000000,
        "othercomprehensiveincomeforeigncurrencytransactionandtranslationgainlossbeforereclassificationandtax": -202000000,
        "othercomprehensiveincomelosspensionandotherpostretirementbenefitplansadjustmentbeforetax": -3000000,
        "othercomprehensiveincomelossbeforetax": 3000000,
        "othercomprehensiveincomelosstax": 1000000,
        "othercomprehensiveincomelossnetoftax": 2000000,
        "comprehensiveincomenetoftaxincludingportionattributabletononcontrollinginterest": 643000000,
        "comprehensiveincomenetoftaxattributabletononcontrollinginterest": 29000000,
        "comprehensiveincomenetoftax": 614000000,
        "exciseandsalestaxes": 1470000000,
        "refiningandmarketingrevenue": 18664000000,
        "refiningandmarketingcosts": 17120000000,
        "inventorywritedown": -434000000,
        "operatingcostsandexpenses": 1001000000,
        "generalandadministrativeexpense": 159000000,
        "depreciationdepletionandamortization": 471000000,
        "impairmentoflonglivedassetsheldforuse": 56000000,
        "costsandexpenses": 18353000000,
        "operatingincomeloss": 1332000000,
        "othernonoperatingincomeexpense": 14000000,
        "interestexpense": 111000000,
        "incomelossfromcontinuingoperationsbeforeincometaxesextraordinaryitemsnoncontrollinginterest": 1134000000,
        "incometaxexpensebenefit": 291000000,
        "netincomelossattributabletononcontrollinginterest": 29000000,
        "netincomeloss": 814000000,
        "earningspersharebasic": 1.74,
        "weightedaveragenumberofsharesoutstandingbasic": 1000000,
        "earningspersharediluted": 1.73,
        "weightedaveragenumberofdilutedsharesoutstanding": 470000000,
        "commonstockdividendspersharecashpaid": 0.6
    },
    {
        "date": "2016-03-30",
        "symbol": "VLO",
        "period": "Q1",
        "profitloss": 495000000,
        "othercomprehensiveincomeforeigncurrencytransactionandtranslationgainlossbeforereclassificationandtax": 122000000,
        "othercomprehensiveincomelosspensionandotherpostretirementbenefitplansadjustmentbeforetax": -3000000,
        "othercomprehensiveincomelossbeforetax": 3000000,
        "othercomprehensiveincomelosstax": -7000000,
        "othercomprehensiveincomelossnetoftax": 131000000,
        "comprehensiveincomenetoftaxincludingportionattributabletononcontrollinginterest": 645000000,
        "comprehensiveincomenetoftaxattributabletononcontrollinginterest": 19000000,
        "comprehensiveincomenetoftax": 626000000,
        "exciseandsalestaxes": 1395000000,
        "refiningandmarketingrevenue": 14920000000,
        "refiningandmarketingcosts": 13507000000,
        "inventorywritedown": -263000000,
        "operatingcostsandexpenses": 1030000000,
        "generalandadministrativeexpense": 156000000,
        "depreciationdepletionandamortization": 485000000,
        "costsandexpenses": 14885000000,
        "operatingincomeloss": 958000000,
        "othernonoperatingincomeexpense": 9000000,
        "interestexpense": 108000000,
        "incomelossfromcontinuingoperationsbeforeincometaxesextraordinaryitemsnoncontrollinginterest": 730000000,
        "incometaxexpensebenefit": 217000000,
        "netincomelossattributabletononcontrollinginterest": 18000000,
        "netincomeloss": 495000000,
        "earningspersharebasic": 1.05,
        "weightedaveragenumberofsharesoutstandingbasic": 2000000,
        "earningspersharediluted": 1.05,
        "weightedaveragenumberofdilutedsharesoutstanding": 471000000,
        "commonstockdividendspersharecashpaid": 0.6
    },
    {
        "date": "2015-09-29",
        "symbol": "VLO",
        "period": "Q3",
        "profitloss": 1373000000,
        "othercomprehensiveincomeforeigncurrencytransactionandtranslationgainlossbeforereclassificationandtax": -270000000,
        "othercomprehensiveincomelosspensionandotherpostretirementbenefitplansadjustmentbeforetax": -6000000,
        "othercomprehensiveincomelossbeforetax": 6000000,
        "othercomprehensiveincomelosstax": 2000000,
        "othercomprehensiveincomelossnetoftax": 4000000,
        "comprehensiveincomenetoftaxincludingportionattributabletononcontrollinginterest": 1107000000,
        "comprehensiveincomenetoftaxattributabletononcontrollinginterest": -4000000,
        "comprehensiveincomenetoftax": 1111000000,
        "refiningandmarketingrevenue": 21739000000,
        "refiningandmarketingcosts": 18677000000,
        "refiningoperatingcostsandexpenses": 986000000,
        "ethanoloperatingcostsandexpenses": 116000000,
        "generalandadministrativeexpense": 179000000,
        "depreciationdepletionandamortization": 482000000,
        "costsandexpenses": 20440000000,
        "operatingincomeloss": 2295000000,
        "othernonoperatingincomeexpense": 3000000,
        "interestexpense": 112000000,
        "incomelossfromcontinuingoperationsbeforeincometaxesextraordinaryitemsnoncontrollinginterest": 2030000000,
        "incometaxexpensebenefit": 657000000,
        "incomelossfromcontinuingoperationsincludingportionattributabletononcontrollinginterest": 1373000000,
        "netincomelossattributabletononcontrollinginterest": -4000000,
        "netincomeloss": 1377000000,
        "incomelossfromcontinuingoperations": 1377000000,
        "incomelossfromcontinuingoperationsperbasicshare": 2.79,
        "earningspersharebasic": 2.79,
        "weightedaveragenumberofsharesoutstandingbasic": 2000000,
        "incomelossfromcontinuingoperationsperdilutedshare": 2.79,
        "earningspersharediluted": 2.79,
        "weightedaveragenumberofdilutedsharesoutstanding": 494000000,
        "commonstockdividendspersharecashpaid": 0.4
    },
    {
        "date": "2015-06-29",
        "symbol": "VLO",
        "period": "Q2",
        "profitloss": 1365000000,
        "othercomprehensiveincomeforeigncurrencytransactionandtranslationgainlossbeforereclassificationandtax": 197000000,
        "othercomprehensiveincomelosspensionandotherpostretirementbenefitplansadjustmentbeforetax": -6000000,
        "othercomprehensiveincomelossbeforetax": 203000000,
        "othercomprehensiveincomelosstax": 2000000,
        "othercomprehensiveincomelossnetoftax": 201000000,
        "comprehensiveincomenetoftaxincludingportionattributabletononcontrollinginterest": 1566000000,
        "comprehensiveincomenetoftaxattributabletononcontrollinginterest": 14000000,
        "comprehensiveincomenetoftax": 1552000000,
        "refiningandmarketingrevenue": 24350000000,
        "refiningandmarketingcosts": 21394000000,
        "refiningoperatingcostsandexpenses": 935000000,
        "ethanoloperatingcostsandexpenses": 108000000,
        "generalandadministrativeexpense": 178000000,
        "depreciationdepletionandamortization": 425000000,
        "costsandexpenses": 23040000000,
        "operatingincomeloss": 2161000000,
        "othernonoperatingincomeexpense": 8000000,
        "interestexpense": 113000000,
        "incomelossfromcontinuingoperationsbeforeincometaxesextraordinaryitemsnoncontrollinginterest": 1973000000,
        "incometaxexpensebenefit": 608000000,
        "incomelossfromcontinuingoperationsincludingportionattributabletononcontrollinginterest": 1365000000,
        "netincomelossattributabletononcontrollinginterest": 14000000,
        "netincomeloss": 1351000000,
        "incomelossfromcontinuingoperations": 1351000000,
        "incomelossfromcontinuingoperationsperbasicshare": 2.67,
        "earningspersharebasic": 2.67,
        "weightedaveragenumberofsharesoutstandingbasic": 2000000,
        "incomelossfromcontinuingoperationsperdilutedshare": 2.66,
        "earningspersharediluted": 2.66,
        "weightedaveragenumberofdilutedsharesoutstanding": 508000000,
        "commonstockdividendspersharecashpaid": 0.4
    },
    {
        "date": "2015-03-30",
        "symbol": "VLO",
        "period": "Q1",
        "profitloss": 964000000,
        "othercomprehensiveincomeforeigncurrencytransactionandtranslationgainlossbeforereclassificationandtax": -366000000,
        "othercomprehensiveincomelosspensionandotherpostretirementbenefitplansadjustmentbeforetax": -5000000,
        "othercomprehensiveincomelossbeforetax": -361000000,
        "othercomprehensiveincomelosstax": 2000000,
        "othercomprehensiveincomelossnetoftax": -363000000,
        "comprehensiveincomenetoftaxincludingportionattributabletononcontrollinginterest": 605000000,
        "comprehensiveincomenetoftaxattributabletononcontrollinginterest": 4000000,
        "comprehensiveincomenetoftax": 601000000,
        "refiningandmarketingrevenue": 20529000000,
        "refiningandmarketingcosts": 18163000000,
        "refiningoperatingcostsandexpenses": 964000000,
        "ethanoloperatingcostsandexpenses": 120000000,
        "generalandadministrativeexpense": 147000000,
        "depreciationdepletionandamortization": 441000000,
        "costsandexpenses": 19835000000,
        "operatingincomeloss": 1641000000,
        "othernonoperatingincomeexpense": 24000000,
        "interestexpense": 101000000,
        "incomelossfromcontinuingoperationsbeforeincometaxesextraordinaryitemsnoncontrollinginterest": 1418000000,
        "incometaxexpensebenefit": 450000000,
        "incomelossfromcontinuingoperationsincludingportionattributabletononcontrollinginterest": 968000000,
        "netincomelossattributabletononcontrollinginterest": 4000000,
        "netincomeloss": 964000000,
        "incomelossfromcontinuingoperations": 964000000,
        "incomelossfromcontinuingoperationsperbasicshare": 1.87,
        "earningspersharebasic": 1.87,
        "weightedaveragenumberofsharesoutstandingbasic": 2000000,
        "incomelossfromcontinuingoperationsperdilutedshare": 1.87,
        "earningspersharediluted": 1.87,
        "weightedaveragenumberofdilutedsharesoutstanding": 516000000,
        "commonstockdividendspersharecashpaid": 0.4
    },
    {
        "date": "2014-06-29",
        "symbol": "VLO",
        "period": "Q2",
        "profitloss": 588000000,
        "othercomprehensiveincomeforeigncurrencytransactionandtranslationgainlossbeforereclassificationandtax": 150000000,
        "othercomprehensiveincomelosspensionandotherpostretirementbenefitplansadjustmentbeforetax": 0,
        "othercomprehensiveincomelossderivativesqualifyingashedgesbeforetax": -3000000,
        "othercomprehensiveincomelossbeforetax": 147000000,
        "othercomprehensiveincomelosstax": -2000000,
        "othercomprehensiveincomelossnetoftax": 73000000,
        "comprehensiveincomenetoftaxincludingportionattributabletononcontrollinginterest": 742000000,
        "comprehensiveincomenetoftaxattributabletononcontrollinginterest": 5000000,
        "comprehensiveincomenetoftax": 737000000,
        "refiningandmarketingrevenue": 33457000000,
        "refiningandmarketingcosts": 32167000000,
        "refiningoperatingcostsandexpenses": 966000000,
        "ethanoloperatingcostsandexpenses": 111000000,
        "generalandadministrativeexpense": 170000000,
        "depreciationdepletionandamortization": 414000000,
        "costsandexpenses": 33828000000,
        "operatingincomeloss": 2531000000,
        "othernonoperatingincomeexpense": 12000000,
        "interestexpense": 98000000,
        "incomelossfromcontinuingoperationsbeforeincometaxesextraordinaryitemsnoncontrollinginterest": 2262000000,
        "incometaxexpensebenefit": 771000000,
        "netincomelossattributabletononcontrollinginterest": 5000000,
        "netincomeloss": 588000000,
        "earningspersharebasic": 1.11,
        "weightedaveragenumberofsharesoutstandingbasic": 0,
        "earningspersharediluted": 1.1099999999999999,
        "weightedaveragenumberofdilutedsharesoutstanding": -1000000,
        "commonstockdividendspersharecashpaid": 0.25
    },
    {
        "date": "2014-03-30",
        "symbol": "VLO",
        "period": "Q1",
        "profitloss": 828000000,
        "othercomprehensiveincomeforeigncurrencytransactionandtranslationgainlossbeforereclassificationandtax": -74000000,
        "othercomprehensiveincomelosspensionandotherpostretirementbenefitplansadjustmentbeforetax": 2000000,
        "othercomprehensiveincomelossderivativesqualifyingashedgesbeforetax": 4000000,
        "othercomprehensiveincomelossbeforetax": -72000000,
        "othercomprehensiveincomelosstax": 1000000,
        "othercomprehensiveincomelossnetoftax": 3000000,
        "comprehensiveincomenetoftaxincludingportionattributabletononcontrollinginterest": 763000000,
        "comprehensiveincomenetoftaxattributabletononcontrollinginterest": 8000000,
        "comprehensiveincomenetoftax": 755000000,
        "refiningandmarketingrevenue": 32452000000,
        "refiningandmarketingcosts": 30630000000,
        "refiningoperatingcostsandexpenses": 973000000,
        "ethanoloperatingcostsandexpenses": 129000000,
        "generalandadministrativeexpense": 160000000,
        "depreciationdepletionandamortization": 421000000,
        "costsandexpenses": 32313000000,
        "operatingincomeloss": -172000000,
        "othernonoperatingincomeexpense": 15000000,
        "interestexpense": 100000000,
        "incomelossfromcontinuingoperationsbeforeincometaxesextraordinaryitemsnoncontrollinginterest": 3000000,
        "incometaxexpensebenefit": 1000000,
        "netincomelossattributabletononcontrollinginterest": 8000000,
        "netincomeloss": 828000000,
        "earningspersharebasic": 1.55,
        "weightedaveragenumberofsharesoutstandingbasic": 2000000,
        "earningspersharediluted": 1.54,
        "weightedaveragenumberofdilutedsharesoutstanding": 536000000,
        "commonstockdividendspersharecashpaid": 0.25
    },
    {
        "date": "2013-03-30",
        "symbol": "VLO",
        "period": "Q1",
        "profitloss": -5000000,
        "othercomprehensiveincomeforeigncurrencytransactionandtranslationgainlossbeforereclassificationandtax": -204000000,
        "othercomprehensiveincomedefinedbenefitplannetpriorservicecostcreditarisingduringperiodbeforetax": -328000000,
        "othercomprehensiveincomereclassificationofdefinedbenefitplansnetgainlossrecognizedinnetperiodicbenefitcostbeforetax": 14000000,
        "othercomprehensiveincomelossamortizationpensionandotherpostretirementbenefitplansnetpriorservicecostrecognizedinnetperiodicbenefitcostbeforetax": 6000000,
        "othercomprehensiveincomelosspensionandotherpostretirementbenefitplansadjustmentbeforetax": -336000000,
        "othercomprehensiveincomeunrealizedgainlossonderivativesarisingduringperiodbeforetax": 1000000,
        "othercomprehensiveincomelossreclassificationadjustmentonderivativesincludedinnetincomebeforetax": -3000000,
        "othercomprehensiveincomelossderivativesqualifyingashedgesbeforetax": -2000000,
        "othercomprehensiveincomelossbeforetax": 130000000,
        "othercomprehensiveincomelosstax": 117000000,
        "othercomprehensiveincomelossnetoftax": -204000000,
        "comprehensiveincomenetoftaxincludingportionattributabletononcontrollinginterest": 665000000,
        "comprehensiveincomenetoftaxattributabletononcontrollinginterest": -2000000,
        "comprehensiveincomenetoftax": 667000000,
        "refiningandmarketingrevenue": 1004000000,
        "refiningandmarketingcosts": 30685000000,
        "refiningoperatingcostsandexpenses": 876000000,
        "sellingexpense": 169000000,
        "ethanoloperatingcostsandexpenses": 77000000,
        "generalandadministrativeexpense": 176000000,
        "depreciationdepletionandamortization": 430000000,
        "costsandexpenses": 32413000000,
        "operatingincomeloss": 14000000,
        "othernonoperatingincomeexpense": 14000000,
        "interestexpense": 83000000,
        "incomelossfromcontinuingoperationsbeforeincometaxesextraordinaryitemsnoncontrollinginterest": 3000000,
        "incometaxexpensebenefit": 1000000,
        "netincomelossattributabletononcontrollinginterest": -2000000,
        "netincomeloss": 654000000,
        "earningspersharebasic": 1.18,
        "weightedaveragenumberofsharesoutstandingbasic": 3000000,
        "earningspersharediluted": 1.18,
        "weightedaveragenumberofdilutedsharesoutstanding": 556000000,
        "commonstockdividendspersharecashpaid": 0.2,
        "exciseandsalestaxes": 236000000
    },
    {
        "date": "2012-09-29",
        "symbol": "VLO",
        "period": "Q3",
        "profitloss": 673000000,
        "othercomprehensiveincomeforeigncurrencytransactionandtranslationgainlossbeforereclassificationandtax": 143000000,
        "othercomprehensiveincomelossamortizationpensionandotherpostretirementbenefitplansnetpriorservicecostrecognizedinnetperiodicbenefitcostbeforetax": 5000000,
        "othercomprehensiveincomereclassificationofdefinedbenefitplansnetgainlossrecognizedinnetperiodicbenefitcostbeforetax": 8000000,
        "othercomprehensiveincomelosspensionandotherpostretirementbenefitplansadjustmentbeforetax": -3000000,
        "othercomprehensiveincomeunrealizedgainlossonderivativesarisingduringperiodbeforetax": 27000000,
        "othercomprehensiveincomelossreclassificationadjustmentonderivativesincludedinnetincomebeforetax": -45000000,
        "othercomprehensiveincomelossderivativesqualifyingashedgesbeforetax": -18000000,
        "othercomprehensiveincomelossbeforetax": 128000000,
        "othercomprehensiveincomelosstax": -5000000,
        "othercomprehensiveincomelossnetoftax": 133000000,
        "comprehensiveincomenetoftaxincludingportionattributabletononcontrollinginterest": 806000000,
        "comprehensiveincomenetoftaxattributabletononcontrollinginterest": -1000000,
        "comprehensiveincomenetoftax": 807000000,
        "refiningandmarketingrevenue": 1091000000,
        "refiningandmarketingcosts": 31312000000,
        "refiningoperatingcostsandexpenses": 930000000,
        "sellingexpense": 178000000,
        "ethanoloperatingcostsandexpenses": 76000000,
        "generalandadministrativeexpense": 174000000,
        "depreciationdepletionandamortization": 6000000,
        "impairmentoflonglivedassetsheldforuse": 345000000,
        "costsandexpenses": 33417000000,
        "operatingincomeloss": 1528000000,
        "othernonoperatingincomeexpense": -2000000,
        "interestexpensedebt": 70000000,
        "incomelossfromcontinuingoperationsbeforeincometaxesextraordinaryitemsnoncontrollinginterest": 1237000000,
        "incometaxexpensebenefit": 564000000,
        "incomelossfromcontinuingoperationsincludingportionattributabletononcontrollinginterest": 673000000,
        "netincomelossattributabletononcontrollinginterest": -1000000,
        "netincomeloss": 674000000,
        "incomelossfromcontinuingoperations": 674000000,
        "incomelossfromcontinuingoperationsperbasicshare": 1.22,
        "earningspersharebasic": 1.22,
        "weightedaveragenumberofsharesoutstandingbasic": 3000000,
        "incomelossfromcontinuingoperationsperdilutedshare": 1.21,
        "earningspersharediluted": 1.21,
        "weightedaveragenumberofdilutedsharesoutstanding": 556000000,
        "commonstockdividendspersharecashpaid": 0.18,
        "exciseandsalestaxes": 248000000
    },
    {
        "date": "2011-03-30",
        "symbol": "VLO",
        "period": "Q1",
        "netincomeloss": 98000000,
        "othercomprehensiveincomeforeigncurrencytransactionandtranslationadjustmentnetoftaxperiodincreasedecrease": 92000000,
        "othercomprehensiveincomereclassificationofdefinedbenefitplansnetgainlossrecognizedinnetperiodicbenefitcostnetoftax": -1000000,
        "othercomprehensiveincomelossnetoftaxperiodincreasedecrease": 91000000,
        "comprehensiveincomenetoftax": 189000000,
        "othercomprehensiveincomereclassificationofdefinedbenefitplansnetgainlossrecognizedinnetperiodicbenefitcosttax": 1000000,
        "refiningandmarketingrevenue": 2684000000,
        "refiningandmarketingcosts": 24568000000,
        "refiningoperatingcostsandexpenses": 744000000,
        "sellingexpense": 162000000,
        "ethanoloperatingcostsandexpenses": 95000000,
        "generalandadministrativeexpense": 130000000,
        "depreciationdepletionandamortization": 365000000,
        "costsandexpenses": 26064000000,
        "operatingincomeloss": 276000000,
        "othernonoperatingincomeexpense": 17000000,
        "interestexpense": 144000000,
        "interestexpensecapitalizedreductionofexpense": 27000000,
        "incomelossfromcontinuingoperationsbeforeincometaxesminorityinterestandincomelossfromequitymethodinvestments": 144000000,
        "incometaxexpensebenefit": 40000000,
        "incomelossfromcontinuingoperations": 104000000,
        "incomelossfromdiscontinuedoperationsnetoftax": -6000000,
        "incomelossfromcontinuingoperationsperbasicshare": 0.18,
        "incomelossfromdiscontinuedoperationsnetoftaxperbasicshare": -0.01,
        "earningspersharebasic": 0.17,
        "weightedaveragenumberofsharesoutstandingbasic": 566000000,
        "incomelossfromcontinuingoperationsperdilutedshare": 0.18,
        "incomelossfromdiscontinuedoperationsnetoftaxperdilutedshare": -0.01,
        "earningspersharediluted": 0.17,
        "weightedaveragenumberofdilutedsharesoutstanding": 573000000,
        "commonstockdividendspersharecashpaid": 0.05,
        "excisetaxes": 214000000
    },
    {
        "date": "2010-03-30",
        "symbol": "VLO",
        "period": "Q1",
        "refiningandmarketingrevenue": 19643000000,
        "refiningandmarketingcosts": 18136000000,
        "operatingcostsandexpenses": 912000000,
        "sellingexpense": 173000000,
        "generalandadministrativeexpense": 97000000,
        "depreciationdepletionandamortization": 357000000,
        "costsandexpenses": 19675000000,
        "operatingincomeloss": -32000000,
        "othernonoperatingincomeexpense": 11000000,
        "interestexpense": 147000000,
        "interestcostscapitalized": -20000000,
        "incomelossfromcontinuingoperationsbeforeincometaxesminorityinterestandincomelossfromequitymethodinvestments": -148000000,
        "incometaxexpensebenefit": -47000000,
        "incomelossfromcontinuingoperations": -101000000,
        "incomelossfromdiscontinuedoperationsnetoftaxattributabletoreportingentity": -12000000,
        "netincomeloss": -113000000,
        "incomelossfromcontinuingoperationsperbasicshare": -0.18,
        "incomelossfromdiscontinuedoperationsnetoftaxperbasicshare": -0.02,
        "earningspersharebasic": -0.2,
        "weightedaveragenumberofsharesoutstandingbasic": 562000000,
        "incomelossfromcontinuingoperationsperdilutedshare": -0.18,
        "incomelossfromdiscontinuedoperationsnetoftaxperdilutedshare": -0.02,
        "earningspersharediluted": -0.2,
        "weightedaveragenumberofdilutedsharesoutstanding": 562000000,
        "commonstockdividendspersharecashpaid": 0.05,
        "excisetaxes": 208000000,
        "othercomprehensiveincomeforeigncurrencytransactionandtranslationadjustmentnetoftaxperiodincreasedecrease": 101000000,
        "othercomprehensiveincomereclassificationofdefinedbenefitplansnetgainlossrecognizedinnetperiodicbenefitcostnetoftax": -1000000,
        "othercomprehensiveincomeunrealizedgainlossonderivativesarisingduringperiodnetoftax": -1000000,
        "othercomprehensiveincomereclassificationadjustmentonderivativesincludedinnetincomenetoftax": -32000000,
        "othercomprehensiveincomederivativesqualifyingashedgesnetoftaxperiodincreasedecrease": -33000000,
        "othercomprehensiveincomelossnetoftaxperiodincreasedecrease": 67000000,
        "comprehensiveincomenetoftax": -46000000,
        "othercomprehensiveincomeunrealizedgainlossonderivativesarisingduringperiodtax": 1000000,
        "othercomprehensiveincomereclassificationadjustmentonderivativesincludedinnetincometax": 17000000
    },
    {
        "date": "2009-09-29",
        "symbol": "VLO",
        "period": "Q3",
        "refiningandmarketingrevenue": 19489000000,
        "refiningandmarketingcosts": 18104000000,
        "operatingcostsandexpenses": 923000000,
        "sellingexpense": 182000000,
        "generalandadministrativeexpense": 167000000,
        "depreciationdepletionandamortization": 389000000,
        "otherassetimpairmentcharges": 417000000,
        "costsandexpenses": 20182000000,
        "operatingincomeloss": -693000000,
        "othernonoperatingincomeexpense": 9000000,
        "interestexpense": 149000000,
        "interestcostscapitalized": -19000000,
        "incomelossfromcontinuingoperationsbeforeincometaxesminorityinterestandincomelossfromequitymethodinvestments": -814000000,
        "incometaxexpensebenefit": -185000000,
        "profitloss": -629000000,
        "earningspersharebasic": -1.12,
        "weightedaveragenumberofsharesoutstandingbasic": 561000000,
        "earningspersharediluted": -1.12,
        "weightedaveragenumberofdilutedsharesoutstanding": 561000000,
        "commonstockdividendspersharecashpaid": 0.15,
        "excisetaxes": 226000000,
        "othercomprehensiveincomeforeigncurrencytransactionandtranslationadjustmentnetoftaxperiodincreasedecrease": 214000000,
        "othercomprehensiveincomedefinedbenefitplansadjustmentnetoftaxperiodincreasedecrease": -1000000,
        "othercomprehensiveincomeunrealizedgainlossonderivativesarisingduringperiodnetoftax": 24000000,
        "othercomprehensiveincomereclassificationadjustmentonderivativesincludedinnetincomenetoftax": -54000000,
        "othercomprehensiveincomederivativesqualifyingashedgesnetoftaxperiodincreasedecrease": -30000000,
        "othercomprehensiveincomelossnetoftaxperiodincreasedecrease": 183000000,
        "comprehensiveincomenetoftaxincludingportionattributabletononcontrollinginterest": -446000000,
        "othercomprehensiveincomedefinedbenefitplanstax": 1000000,
        "othercomprehensiveincomeunrealizedgainlossonderivativesarisingduringperiodtax": -12000000,
        "othercomprehensiveincomereclassificationadjustmentonderivativesincludedinnetincometax": 29000000
    },
    {
        "date": "2009-06-29",
        "symbol": "VLO",
        "period": "Q2",
        "refiningandmarketingrevenue": 17925000000,
        "refiningandmarketingcosts": 16543000000,
        "operatingcostsandexpenses": 1015000000,
        "sellingexpense": 171000000,
        "generalandadministrativeexpense": 124000000,
        "depreciationdepletionandamortization": 389000000,
        "costsandexpenses": 18242000000,
        "operatingincomeloss": -317000000,
        "othernonoperatingincomeexpense": -24000000,
        "interestexpense": 118000000,
        "interestcostscapitalized": -36000000,
        "incomelossfromcontinuingoperationsbeforeincometaxesminorityinterestandincomelossfromequitymethodinvestments": -423000000,
        "incometaxexpensebenefit": -169000000,
        "profitloss": -254000000,
        "earningspersharebasic": -0.48,
        "weightedaveragenumberofsharesoutstandingbasic": 525000000,
        "earningspersharediluted": -0.48,
        "weightedaveragenumberofdilutedsharesoutstanding": 525000000,
        "commonstockdividendspersharecashpaid": 0.15,
        "excisetaxes": 229000000,
        "othercomprehensiveincomeforeigncurrencytransactionandtranslationadjustmentnetoftaxperiodincreasedecrease": 191000000,
        "othercomprehensiveincomeunrealizedgainlossonderivativesarisingduringperiodnetoftax": 3000000,
        "othercomprehensiveincomereclassificationadjustmentonderivativesincludedinnetincomenetoftax": -72000000,
        "othercomprehensiveincomederivativesqualifyingashedgesnetoftaxperiodincreasedecrease": -69000000,
        "othercomprehensiveincomelossnetoftaxperiodincreasedecrease": 122000000,
        "comprehensiveincomenetoftaxincludingportionattributabletononcontrollinginterest": -132000000,
        "othercomprehensiveincomeunrealizedgainlossonderivativesarisingduringperiodtax": -2000000,
        "othercomprehensiveincomereclassificationadjustmentonderivativesincludedinnetincometax": 39000000
    }
]