[
    {
        "date": "2024-03-30",
        "symbol": "MCD",
        "period": "Q1",
        "salesbycompanyoperatedrestaurants": 2355000000,
        "revenuesfromfranchisedrestaurants": 3723000000,
        "otherrevenues": 91000000,
        "revenues": 6169000000,
        "companyoperatedrestaurantexpenses": 2035000000,
        "costofgoodsandservicessold": 627000000,
        "otherexpenses": 68000000,
        "depreciationdepletionandamortization": 99000000,
        "othersellinggeneralandadministrativeexpense": 622000000,
        "otheroperatingincomeexpensenet": 17000000,
        "costsandexpenses": 3433000000,
        "operatingincomeloss": 2736000000,
        "interestexpense": 372000000,
        "nonoperatingincomeexpense": 45000000,
        "incomelossfromcontinuingoperationsbeforeincometaxes": 2409000000,
        "incometaxexpensebenefit": 479000000,
        "netincomeloss": 1929000000,
        "earningspersharebasic": 2.67,
        "earningspersharediluted": 2.66,
        "commonstockdividendspersharedeclared": 1.67,
        "weightedaveragenumberofsharesoutstandingbasic": 721.8,
        "weightedaveragenumberofdilutedsharesoutstanding": 725.9,
        "othercomprehensiveincomeforeigncurrencytransactionandtranslationgainlossarisingduringperiodnetoftax": -115000000,
        "othercomprehensiveincomelossforeigncurrencytransactionandtranslationadjustmentnetoftax": -115000000,
        "othercomprehensiveincomelosscashflowhedgegainlossbeforereclassificationaftertax": 36000000,
        "othercomprehensiveincomelosscashflowhedgegainlossreclassificationaftertax": -1000000,
        "othercomprehensiveincomelosscashflowhedgegainlossafterreclassificationandtax": 37000000,
        "othercomprehensiveincomelosspensionandotherpostretirementbenefitplansadjustmentbeforereclassificationadjustmentsnetoftax": -11000000,
        "othercomprehensiveincomelossreclassificationadjustmentfromaocipensionandotherpostretirementbenefitplansfornetgainlossnetoftax": 10000000,
        "othercomprehensiveincomelosspensionandotherpostretirementbenefitplansadjustmentnetoftax": -1000000,
        "othercomprehensiveincomelossnetoftax": -77000000,
        "comprehensiveincomenetoftax": 1852000000,
        "othercomprehensiveincomelosscashflowhedgegainlossafterreclassificationtax": 12000000,
        "othercomprehensiveincomelosspensionandotherpostretirementbenefitplanstax": 1000000,
        "othercomprehensiveincomelossforeigncurrencytranslationadjustmenttax": 93000000
    },
    {
        "date": "2023-12-30",
        "symbol": "MCD",
        "period": "Q4",
        "salesbycompanyoperatedrestaurants": 2474100000,
        "revenuesfromfranchisedrestaurants": 3868600000,
        "otherrevenues": 63500000,
        "revenues": 6406200000,
        "otherexpenses": 44600000,
        "depreciationdepletionandamortization": 90500000,
        "othersellinggeneralandadministrativeexpense": 730900000,
        "otheroperatingincomeexpensenet": -30900000,
        "costsandexpenses": 3604300000,
        "operatingincomeloss": 2801900000,
        "interestexpense": 360200000,
        "nonoperatingincomeexpense": 73300000,
        "incomelossfromcontinuingoperationsbeforeincometaxes": 2515000000,
        "incometaxexpensebenefit": 476000000,
        "netincomeloss": 2039000000,
        "earningspersharebasic": 2.810000000000001,
        "earningspersharediluted": 2.8000000000000007,
        "commonstockdividendspersharedeclared": 1.6700000000000008,
        "weightedaveragenumberofdilutedsharesoutstanding": 732.3,
        "othercomprehensiveincomeforeigncurrencytransactionandtranslationgainlossarisingduringperiodnetoftax": 226600000,
        "othercomprehensiveincomelossforeigncurrencytransactionandtranslationadjustmentnetoftax": 226600000,
        "othercomprehensiveincomelosscashflowhedgegainlossbeforereclassificationaftertax": -62900000,
        "othercomprehensiveincomelosscashflowhedgegainlossreclassificationaftertax": 4500000,
        "othercomprehensiveincomelosscashflowhedgegainlossafterreclassificationandtax": -67400000,
        "othercomprehensiveincomelosspensionandotherpostretirementbenefitplansadjustmentbeforereclassificationadjustmentsnetoftax": 79400000,
        "othercomprehensiveincomelosspensionandotherpostretirementbenefitplansadjustmentnetoftax": 69500000,
        "othercomprehensiveincomelossnetoftax": 89700000,
        "comprehensiveincomenetoftax": 2128700000,
        "othercomprehensiveincomelossforeigncurrencytranslationadjustmenttax": -137800000,
        "othercomprehensiveincomelosscashflowhedgegainlossafterreclassificationtax": -18200000
    },
    {
        "date": "2023-09-29",
        "symbol": "MCD",
        "period": "Q3",
        "salesbycompanyoperatedrestaurants": 2556200000,
        "revenuesfromfranchisedrestaurants": 4047100000,
        "otherrevenues": 88900000,
        "revenues": 1409800000,
        "companyoperatedrestaurantexpenses": 2135000000,
        "costofgoodsandservicessold": 625400000,
        "otherexpenses": 68100000,
        "depreciationdepletionandamortization": 96700000,
        "othersellinggeneralandadministrativeexpense": 583500000,
        "otheroperatingincomeexpensenet": 24800000,
        "costsandexpenses": 3483900000,
        "operatingincomeloss": 720500000,
        "interestexpense": 340700000,
        "nonoperatingincomeexpense": 55900000,
        "incomelossfromcontinuingoperationsbeforeincometaxes": 2923500000,
        "incometaxexpensebenefit": 606400000,
        "netincomeloss": 2317100000,
        "earningspersharebasic": 3.19,
        "earningspersharediluted": 3.16,
        "commonstockdividendspersharedeclared": 1.5199999999999996,
        "weightedaveragenumberofdilutedsharesoutstanding": -1100000,
        "othercomprehensiveincomeforeigncurrencytransactionandtranslationgainlossarisingduringperiodnetoftax": -145300000,
        "othercomprehensiveincomelossforeigncurrencytransactionandtranslationadjustmentnetoftax": -145300000,
        "othercomprehensiveincomelosscashflowhedgegainlossbeforereclassificationaftertax": 50000000,
        "othercomprehensiveincomelosscashflowhedgegainlossreclassificationaftertax": -500000.00000000093,
        "othercomprehensiveincomelosscashflowhedgegainlossafterreclassificationandtax": 50500000,
        "othercomprehensiveincomelosspensionandotherpostretirementbenefitplansadjustmentbeforereclassificationadjustmentsnetoftax": -4700000,
        "othercomprehensiveincomelosspensionandotherpostretirementbenefitplansadjustmentnetoftax": -4700000,
        "othercomprehensiveincomelossnetoftax": -72300000,
        "comprehensiveincomenetoftax": 2227000000,
        "othercomprehensiveincomelosscashflowhedgegainlossafterreclassificationtax": 13700000,
        "othercomprehensiveincomelossforeigncurrencytranslationadjustmenttax": 97500000
    },
    {
        "date": "2023-06-29",
        "symbol": "MCD",
        "period": "Q2",
        "salesbycompanyoperatedrestaurants": 2487000000,
        "revenuesfromfranchisedrestaurants": 3933300000,
        "otherrevenues": 77200000,
        "revenues": 11779900000,
        "companyoperatedrestaurantexpenses": 2091300000,
        "costofgoodsandservicessold": 618200000,
        "otherexpenses": 57000000,
        "depreciationdepletionandamortization": 95200000,
        "othersellinggeneralandadministrativeexpense": 567500000,
        "otheroperatingincomeexpensenet": 35800000,
        "costsandexpenses": 3393400000,
        "operatingincomeloss": 5591900000,
        "interestexpense": 330200000,
        "nonoperatingincomeexpense": 42800000,
        "incomelossfromcontinuingoperationsbeforeincometaxes": 2816700000,
        "incometaxexpensebenefit": 506300000,
        "netincomeloss": 2310400000,
        "earningspersharebasic": 3.1599999999999997,
        "earningspersharediluted": 3.1499999999999995,
        "commonstockdividendspersharedeclared": 1.52,
        "weightedaveragenumberofdilutedsharesoutstanding": -600000,
        "othercomprehensiveincomeforeigncurrencytransactionandtranslationgainlossarisingduringperiodnetoftax": 39800000,
        "othercomprehensiveincomelossforeigncurrencytransactionandtranslationadjustmentnetoftax": 39800000,
        "othercomprehensiveincomelosscashflowhedgegainlossbeforereclassificationaftertax": 1600000,
        "othercomprehensiveincomelosscashflowhedgegainlossreclassificationaftertax": 4400000.000000001,
        "othercomprehensiveincomelosscashflowhedgegainlossafterreclassificationandtax": -2800000,
        "othercomprehensiveincomelosspensionandotherpostretirementbenefitplansadjustmentbeforereclassificationadjustmentsnetoftax": 3200000,
        "othercomprehensiveincomelossreclassificationadjustmentfromaocipensionandotherpostretirementbenefitplansfornetgainlossnetoftax": 0,
        "othercomprehensiveincomelosspensionandotherpostretirementbenefitplansadjustmentnetoftax": 3200000,
        "othercomprehensiveincomelossnetoftax": 16000000,
        "comprehensiveincomenetoftax": 2344200000,
        "othercomprehensiveincomelosscashflowhedgegainlossafterreclassificationtax": -800000,
        "othercomprehensiveincomelosspensionandotherpostretirementbenefitplanstax": 0,
        "othercomprehensiveincomelossforeigncurrencytranslationadjustmenttax": -18200000
    },
    {
        "date": "2023-03-30",
        "symbol": "MCD",
        "period": "Q1",
        "salesbycompanyoperatedrestaurants": 2224300000,
        "revenuesfromfranchisedrestaurants": 3587500000,
        "otherrevenues": 86000000,
        "revenues": 5897800000,
        "companyoperatedrestaurantexpenses": 1923100000,
        "costofgoodsandservicessold": 598300000,
        "otherexpenses": 62800000,
        "depreciationdepletionandamortization": 99300000,
        "othersellinggeneralandadministrativeexpense": 553300000,
        "otheroperatingincomeexpensenet": -128600000,
        "costsandexpenses": 3365400000,
        "operatingincomeloss": 2532400000,
        "interestexpense": 329700000,
        "nonoperatingincomeexpense": 64300000,
        "incomelossfromcontinuingoperationsbeforeincometaxes": 2267000000,
        "incometaxexpensebenefit": 464700000,
        "netincomeloss": 1802300000,
        "earningspersharebasic": 2.47,
        "earningspersharediluted": 2.45,
        "commonstockdividendspersharedeclared": 1.52,
        "weightedaveragenumberofsharesissuedbasic": 730900000,
        "weightedaveragenumberofdilutedsharesoutstanding": 735500000,
        "othercomprehensiveincomeforeigncurrencytransactionandtranslationgainlossarisingduringperiodnetoftax": 15000000,
        "othercomprehensiveincomelossforeigncurrencytransactionandtranslationadjustmentnetoftax": 15000000,
        "othercomprehensiveincomelosscashflowhedgegainlossbeforereclassificationaftertax": -8500000,
        "othercomprehensiveincomelosscashflowhedgegainlossreclassificationaftertax": 8200000,
        "othercomprehensiveincomelosscashflowhedgegainlossafterreclassificationandtax": -16700000,
        "othercomprehensiveincomelosspensionandotherpostretirementbenefitplansadjustmentbeforereclassificationadjustmentsnetoftax": -8400000,
        "othercomprehensiveincomelossreclassificationadjustmentfromaocipensionandotherpostretirementbenefitplansfornetgainlossnetoftax": 9500000,
        "othercomprehensiveincomelosspensionandotherpostretirementbenefitplansadjustmentnetoftax": 1100000,
        "othercomprehensiveincomelossnetoftax": -2800000,
        "comprehensiveincomenetoftax": 1799500000,
        "othercomprehensiveincomelosscashflowhedgegainlossafterreclassificationtax": -4500000,
        "othercomprehensiveincomelosspensionandotherpostretirementbenefitplanstax": 1100000,
        "othercomprehensiveincomelossforeigncurrencytranslationadjustmenttax": -35600000
    },
    {
        "date": "2022-12-30",
        "symbol": "MCD",
        "period": "Q4",
        "salesbycompanyoperatedrestaurants": 2208400000,
        "revenuesfromfranchisedrestaurants": 3645000000,
        "otherrevenues": 73100000,
        "revenues": 570700000,
        "otherexpenses": 57200000.000000015,
        "depreciationdepletionandamortization": 91400000,
        "othersellinggeneralandadministrativeexpense": 720300000,
        "otheroperatingincomeexpensenet": -14500000,
        "costsandexpenses": 3343800000,
        "operatingincomeloss": -42300000,
        "interestexpense": 322900000,
        "nonoperatingincomeexpense": 79100000,
        "incomelossfromcontinuingoperationsbeforeincometaxes": 2338900000,
        "incometaxexpensebenefit": 435500000,
        "netincomeloss": 1903400000,
        "earningspersharebasic": 2.6000000000000005,
        "earningspersharediluted": 2.5800000000000005,
        "commonstockdividendspersharedeclared": 1.5200000000000005,
        "weightedaveragenumberofsharesoutstandingbasic": -1800000,
        "weightedaveragenumberofdilutedsharesoutstanding": -1700000,
        "othercomprehensiveincomeforeigncurrencytransactionandtranslationgainlossarisingduringperiodnetoftax": 290200000,
        "othercomprehensiveincomelossforeigncurrencytransactionandtranslationadjustmentnetoftax": 290500000,
        "othercomprehensiveincomelosscashflowhedgegainlossbeforereclassificationaftertax": -71500000,
        "othercomprehensiveincomelosscashflowhedgegainlossreclassificationaftertax": 33900000,
        "othercomprehensiveincomelosscashflowhedgegainlossafterreclassificationandtax": -105400000,
        "othercomprehensiveincomelosspensionandotherpostretirementbenefitplansadjustmentnetoftax": 112000000,
        "othercomprehensiveincomelossnetoftax": 290500000,
        "comprehensiveincomenetoftax": 1976500000,
        "othercomprehensiveincomelossforeigncurrencytranslationadjustmenttax": -228100000,
        "othercomprehensiveincomelosscashflowhedgegainlossafterreclassificationtax": -30200000
    },
    {
        "date": "2022-09-29",
        "symbol": "MCD",
        "period": "Q3",
        "salesbycompanyoperatedrestaurants": 2124800000,
        "revenuesfromfranchisedrestaurants": 3671200000,
        "otherrevenues": 76100000,
        "revenues": 16127300000,
        "companyoperatedrestaurantexpenses": 1779600000,
        "costofgoodsandservicessold": 589000000,
        "otherexpenses": 57400000.000000015,
        "depreciationdepletionandamortization": 93300000,
        "othersellinggeneralandadministrativeexpense": 576400000,
        "otheroperatingincomeexpensenet": -12500000,
        "costsandexpenses": 3108200000,
        "operatingincomeloss": 6500300000,
        "interestexpense": 306200000,
        "nonoperatingincomeexpense": 78500000,
        "incomelossfromcontinuingoperationsbeforeincometaxes": 2536200000,
        "incometaxexpensebenefit": 554600000,
        "netincomeloss": 1981600000,
        "earningspersharebasic": 2.6899999999999995,
        "earningspersharediluted": 2.6700000000000004,
        "commonstockdividendspersharedeclared": 1.38,
        "weightedaveragenumberofsharesoutstandingbasic": -1700000,
        "weightedaveragenumberofdilutedsharesoutstanding": -1800000,
        "othercomprehensiveincomeforeigncurrencytransactionandtranslationgainlossarisingduringperiodnetoftax": -369500000,
        "othercomprehensiveincomelossforeigncurrencytransactionandtranslationadjustmentnetoftax": -369500000,
        "othercomprehensiveincomelosscashflowhedgegainlossbeforereclassificationaftertax": 101400000,
        "othercomprehensiveincomelosscashflowhedgegainlossreclassificationaftertax": 42500000,
        "othercomprehensiveincomelosscashflowhedgegainlossafterreclassificationandtax": 58900000,
        "othercomprehensiveincomelossreclassificationadjustmentfromaocipensionandotherpostretirementbenefitplansfornetgainlossnetoftax": 2000000.0000000005,
        "othercomprehensiveincomelosspensionandotherpostretirementbenefitplansadjustmentnetoftax": 2700000,
        "othercomprehensiveincomelossnetoftax": -215300000,
        "comprehensiveincomenetoftax": 1668300000,
        "othercomprehensiveincomelosscashflowhedgegainlossafterreclassificationtax": 16900000,
        "othercomprehensiveincomelossforeigncurrencytranslationadjustmenttax": 198700000
    },
    {
        "date": "2022-06-29",
        "symbol": "MCD",
        "period": "Q2",
        "salesbycompanyoperatedrestaurants": 2112800000,
        "revenuesfromfranchisedrestaurants": 3526800000,
        "otherrevenues": 78800000,
        "revenues": 560900000,
        "companyoperatedrestaurantexpenses": 1769800000,
        "costofgoodsandservicessold": 588600000,
        "otherexpenses": 57899999.999999985,
        "depreciationdepletionandamortization": 93000000,
        "othersellinggeneralandadministrativeexpense": 611200000,
        "otheroperatingincomeexpensenet": -886100000,
        "costsandexpenses": 4006600000,
        "operatingincomeloss": 255600000,
        "interestexpense": 290600000,
        "nonoperatingincomeexpense": -12100000,
        "incomelossfromcontinuingoperationsbeforeincometaxes": 1409100000,
        "incometaxexpensebenefit": 221100000,
        "netincomeloss": 1188000000,
        "earningspersharebasic": 1.61,
        "earningspersharediluted": 1.6,
        "commonstockdividendspersharedeclared": 1.38,
        "weightedaveragenumberofsharesoutstandingbasic": -2600000,
        "weightedaveragenumberofdilutedsharesoutstanding": -2800000,
        "othercomprehensiveincomeforeigncurrencytransactionandtranslationgainlossarisingduringperiodnetoftax": -190600000,
        "othercomprehensiveincomelossforeigncurrencytransactionandtranslationadjustmentnetoftax": 313500000,
        "othercomprehensiveincomelosscashflowhedgegainlossbeforereclassificationaftertax": 103000000,
        "othercomprehensiveincomelosscashflowhedgegainlossreclassificationaftertax": 18300000,
        "othercomprehensiveincomelosscashflowhedgegainlossafterreclassificationandtax": 84700000,
        "othercomprehensiveincomelosspensionandotherpostretirementbenefitplansadjustmentbeforereclassificationadjustmentsnetoftax": 0,
        "othercomprehensiveincomelossreclassificationadjustmentfromaocipensionandotherpostretirementbenefitplansfornetgainlossnetoftax": 2699999.9999999995,
        "othercomprehensiveincomelosspensionandotherpostretirementbenefitplansadjustmentnetoftax": 2700000,
        "othercomprehensiveincomelossnetoftax": 313500000,
        "comprehensiveincomenetoftax": 1583500000,
        "othercomprehensiveincomelosscashflowhedgegainlossafterreclassificationtax": 24300000,
        "othercomprehensiveincomelossforeigncurrencytranslationadjustmenttax": 178000000
    },
    {
        "date": "2022-03-30",
        "symbol": "MCD",
        "period": "Q1",
        "salesbycompanyoperatedrestaurants": 2302400000,
        "revenuesfromfranchisedrestaurants": 3262800000,
        "otherrevenues": 100400000,
        "revenues": 567900000,
        "companyoperatedrestaurantexpenses": 1959200000,
        "costofgoodsandservicessold": 584000000,
        "otherexpenses": 72300000,
        "depreciationdepletionandamortization": 92700000,
        "othersellinggeneralandadministrativeexpense": 584300000,
        "otheroperatingincomeexpensenet": -60500000,
        "costsandexpenses": 3353000000,
        "operatingincomeloss": 32400000,
        "interestexpense": 287300000,
        "nonoperatingincomeexpense": -484100000,
        "incomelossfromcontinuingoperationsbeforeincometaxes": 1541200000,
        "incometaxexpensebenefit": 436800000,
        "netincomeloss": 1104400000,
        "earningspersharebasic": 1.49,
        "earningspersharediluted": 1.48,
        "commonstockdividendspersharedeclared": 1.38,
        "weightedaveragenumberofsharesoutstandingbasic": 742600000,
        "weightedaveragenumberofdilutedsharesoutstanding": 747600000,
        "othercomprehensiveincomeforeigncurrencytransactionandtranslationgainlossarisingduringperiodnetoftax": -84200000,
        "othercomprehensiveincomelossforeigncurrencytransactionandtranslationadjustmentnetoftax": -84200000,
        "othercomprehensiveincomelosscashflowhedgegainlossbeforereclassificationaftertax": 27400000,
        "othercomprehensiveincomelosscashflowhedgegainlossreclassificationaftertax": 10100000,
        "othercomprehensiveincomelosscashflowhedgegainlossafterreclassificationandtax": 17300000,
        "othercomprehensiveincomelosspensionandotherpostretirementbenefitplansadjustmentbeforereclassificationadjustmentsnetoftax": -100000,
        "othercomprehensiveincomelossreclassificationadjustmentfromaocipensionandotherpostretirementbenefitplansfornetgainlossnetoftax": 1400000,
        "othercomprehensiveincomelosspensionandotherpostretirementbenefitplansadjustmentnetoftax": 1300000,
        "othercomprehensiveincomelossnetoftax": -84200000,
        "comprehensiveincomenetoftax": 1036200000,
        "othercomprehensiveincomelossforeigncurrencytranslationadjustmenttax": 59000000,
        "othercomprehensiveincomelosscashflowhedgegainlossafterreclassificationtax": 5000000
    },
    {
        "date": "2021-12-30",
        "symbol": "MCD",
        "period": "Q4",
        "salesbycompanyoperatedrestaurants": 2538800000,
        "revenuesfromfranchisedrestaurants": 3391600000,
        "otherrevenues": 78700000,
        "revenues": 546900000,
        "otherexpenses": 55999999.99999997,
        "depreciationdepletionandamortization": 86500000,
        "othersellinggeneralandadministrativeexpense": 755400000,
        "otheroperatingincomeexpensenet": -22000000,
        "costsandexpenses": 3612000000,
        "operatingincomeloss": -94900000,
        "interestexpense": 295600000,
        "nonoperatingincomeexpense": 6300000,
        "incomelossfromcontinuingoperationsbeforeincometaxes": 2107800000,
        "incometaxexpensebenefit": 469000000,
        "netincomeloss": 1638800000,
        "earningspersharebasic": 2.1999999999999997,
        "earningspersharediluted": 2.179999999999999,
        "commonstockdividendspersharedeclared": 0,
        "weightedaveragenumberofsharesoutstandingbasic": -200000,
        "weightedaveragenumberofdilutedsharesoutstanding": -100000,
        "othercomprehensiveincomeforeigncurrencytransactionandtranslationgainlossarisingduringperiodnetoftax": -43500000,
        "othercomprehensiveincomelossforeigncurrencytransactionandtranslationreclassificationadjustmentfromaocirealizeduponsaleorliquidationnetoftax": 0,
        "othercomprehensiveincomelossforeigncurrencytransactionandtranslationadjustmentnetoftax": -43500000,
        "othercomprehensiveincomelosspensionandotherpostretirementbenefitplansadjustmentbeforereclassificationadjustmentsnetoftax": -107200000,
        "othercomprehensiveincomelosspensionandotherpostretirementbenefitplansadjustmentnetoftax": -127600000,
        "othercomprehensiveincomelossnetoftax": -43500000,
        "comprehensiveincomenetoftax": 1728300000,
        "othercomprehensiveincomelossforeigncurrencytranslationadjustmenttax": 52800000
    },
    {
        "date": "2021-09-29",
        "symbol": "MCD",
        "period": "Q3",
        "salesbycompanyoperatedrestaurants": 2598400000,
        "revenuesfromfranchisedrestaurants": 3510200000,
        "otherrevenues": 92700000,
        "revenues": 567900000,
        "companyoperatedrestaurantexpenses": 2108400000,
        "costofgoodsandservicessold": 592600000,
        "otherexpenses": 68900000,
        "depreciationdepletionandamortization": 84100000,
        "othersellinggeneralandadministrativeexpense": 559600000,
        "otheroperatingincomeexpensenet": 198800000,
        "costsandexpenses": 3214800000,
        "operatingincomeloss": 212000000,
        "interestexpense": 293700000,
        "nonoperatingincomeexpense": -1400000,
        "incomelossfromcontinuingoperationsbeforeincometaxes": 2691400000,
        "incometaxexpensebenefit": 541500000,
        "netincomeloss": 2149900000,
        "earningspersharebasic": 2.8799999999999994,
        "earningspersharediluted": 2.8600000000000003,
        "commonstockdividendspersharedeclared": 2.67,
        "weightedaveragenumberofsharesoutstandingbasic": 300000,
        "weightedaveragenumberofdilutedsharesoutstanding": 300000,
        "othercomprehensiveincomeforeigncurrencytransactionandtranslationgainlossarisingduringperiodnetoftax": -132800000,
        "othercomprehensiveincomelossforeigncurrencytransactionandtranslationreclassificationadjustmentfromaocirealizeduponsaleorliquidationnetoftax": -14300000,
        "othercomprehensiveincomelossforeigncurrencytransactionandtranslationadjustmentnetoftax": -118500000,
        "othercomprehensiveincomelosspensionandotherpostretirementbenefitplansadjustmentbeforereclassificationadjustmentsnetoftax": -100000,
        "othercomprehensiveincomelossreclassificationadjustmentfromaocipensionandotherpostretirementbenefitplansfornetgainlossnetoftax": 4400000,
        "othercomprehensiveincomelosspensionandotherpostretirementbenefitplansadjustmentnetoftax": 4300000,
        "othercomprehensiveincomelossnetoftax": -118500000,
        "comprehensiveincomenetoftax": 2057900000,
        "othercomprehensiveincomelossforeigncurrencytranslationadjustmenttax": 66100000
    },
    {
        "date": "2021-06-29",
        "symbol": "MCD",
        "period": "Q2",
        "salesbycompanyoperatedrestaurants": 2488700000,
        "revenuesfromfranchisedrestaurants": 3306200000,
        "otherrevenues": 93000000,
        "revenues": 5887900000,
        "companyoperatedrestaurantexpenses": 2021000000,
        "costofgoodsandservicessold": 579100000,
        "otherexpenses": 68300000,
        "depreciationdepletionandamortization": 83100000,
        "othersellinggeneralandadministrativeexpense": 572400000,
        "otheroperatingincomeexpensenet": 127100000,
        "costsandexpenses": 3196800000,
        "operatingincomeloss": 2691100000,
        "interestexpense": 296500000,
        "nonoperatingincomeexpense": -18600000,
        "incomelossfromcontinuingoperationsbeforeincometaxes": 2376000000,
        "incometaxexpensebenefit": 156700000,
        "netincomeloss": 2219300000,
        "earningspersharebasic": 2.97,
        "earningspersharediluted": 2.95,
        "commonstockdividendspersharedeclared": 1.29,
        "weightedaveragenumberofsharesoutstandingbasic": 400000,
        "weightedaveragenumberofdilutedsharesoutstanding": 600000,
        "documentfiscalyearfocus": 0,
        "othercomprehensiveincomeforeigncurrencytransactionandtranslationgainlossarisingduringperiodnetoftax": 47800000,
        "othercomprehensiveincomelossforeigncurrencytransactionandtranslationreclassificationadjustmentfromaocirealizeduponsaleorliquidationnetoftax": -9700000,
        "othercomprehensiveincomelossforeigncurrencytransactionandtranslationadjustmentnetoftax": 57500000,
        "othercomprehensiveincomeunrealizedgainlossonderivativesarisingduringperiodnetoftax": -1200000,
        "othercomprehensiveincomelossreclassificationadjustmentfromaocionderivativesnetoftax": -13400000,
        "othercomprehensiveincomelossderivativesqualifyingashedgesnetoftax": 12200000,
        "othercomprehensiveincomelosspensionandotherpostretirementbenefitplansadjustmentbeforereclassificationadjustmentsnetoftax": -100000,
        "othercomprehensiveincomelossreclassificationadjustmentfromaocipensionandotherpostretirementbenefitplansfornetgainlossnetoftax": 5100000,
        "othercomprehensiveincomelosspensionandotherpostretirementbenefitplansadjustmentnetoftax": 5000000,
        "othercomprehensiveincomelossnetoftax": 64700000,
        "comprehensiveincomenetoftax": 2284000000,
        "othercomprehensiveincomelossforeigncurrencytranslationadjustmenttax": -22700000,
        "othercomprehensiveincomelossderivativesqualifyingashedgestax": 3700000
    },
    {
        "date": "2021-03-30",
        "symbol": "MCD",
        "period": "Q1",
        "salesbycompanyoperatedrestaurants": 2161500000,
        "revenuesfromfranchisedrestaurants": 2877400000,
        "otherrevenues": 85700000,
        "revenues": 5124600000,
        "companyoperatedrestaurantexpenses": 1817600000,
        "costofgoodsandservicessold": 571500000,
        "otherexpenses": 67200000,
        "depreciationdepletionandamortization": 76000000,
        "othersellinggeneralandadministrativeexpense": 490400000,
        "otheroperatingincomeexpensenet": 179400000,
        "costsandexpenses": 2843300000,
        "operatingincomeloss": 2281300000,
        "interestexpense": 300000000,
        "nonoperatingincomeexpense": -28600000,
        "incomelossfromcontinuingoperationsbeforeincometaxes": 1952700000,
        "incometaxexpensebenefit": 415500000,
        "netincomeloss": 1537200000,
        "earningspersharebasic": 2.06,
        "earningspersharediluted": 2.05,
        "commonstockdividendspersharedeclared": 1.29,
        "weightedaveragenumberofsharesoutstandingbasic": 745800000,
        "weightedaveragenumberofdilutedsharesoutstanding": 751000000,
        "documentfiscalyearfocus": 2021,
        "othercomprehensiveincomeforeigncurrencytransactionandtranslationgainlossarisingduringperiodnetoftax": -87700000,
        "othercomprehensiveincomelossforeigncurrencytransactionandtranslationreclassificationadjustmentfromaocirealizeduponsaleorliquidationnetoftax": -10700000,
        "othercomprehensiveincomelossforeigncurrencytransactionandtranslationadjustmentnetoftax": -77000000,
        "othercomprehensiveincomeunrealizedgainlossonderivativesarisingduringperiodnetoftax": 23100000,
        "othercomprehensiveincomelossreclassificationadjustmentfromaocionderivativesnetoftax": -15000000,
        "othercomprehensiveincomelossderivativesqualifyingashedgesnetoftax": 38100000,
        "othercomprehensiveincomelosspensionandotherpostretirementbenefitplansadjustmentbeforereclassificationadjustmentsnetoftax": -700000,
        "othercomprehensiveincomelossreclassificationadjustmentfromaocipensionandotherpostretirementbenefitplansfornetgainlossnetoftax": 10900000,
        "othercomprehensiveincomelosspensionandotherpostretirementbenefitplansadjustmentnetoftax": 10200000,
        "othercomprehensiveincomelossnetoftax": -49100000,
        "comprehensiveincomenetoftax": 1488100000,
        "othercomprehensiveincomelossforeigncurrencytranslationadjustmenttax": 90300000,
        "othercomprehensiveincomelossderivativesqualifyingashedgestax": 11200000
    },
    {
        "date": "2020-12-30",
        "symbol": "MCD",
        "period": "Q4",
        "salesbycompanyoperatedrestaurants": 2233300000,
        "revenuesfromfranchisedrestaurants": 2985300000,
        "otherrevenues": 95200000,
        "revenues": 501100000,
        "otherexpenses": 69000000,
        "depreciationdepletionandamortization": 80300000,
        "othersellinggeneralandadministrativeexpense": 698000000,
        "otheroperatingincomeexpensenet": 141000000,
        "costsandexpenses": 3170900000,
        "operatingincomeloss": 56400000,
        "interestexpense": 308900000,
        "nonoperatingincomeexpense": -4000000,
        "incomelossfromcontinuingoperationsbeforeincometaxes": 1830000000,
        "incometaxexpensebenefit": 452800000,
        "netincomeloss": 1377200000,
        "earningspersharebasic": 1.8499999999999999,
        "earningspersharediluted": 1.8399999999999996,
        "commonstockdividendspersharedeclared": 1.29,
        "weightedaveragenumberofsharesoutstandingbasic": 200000,
        "weightedaveragenumberofdilutedsharesoutstanding": 300000,
        "othercomprehensiveincomeforeigncurrencytransactionandtranslationgainlossarisingduringperiodnetoftax": 248500000.00000003,
        "othercomprehensiveincomelossforeigncurrencytransactionandtranslationadjustmentnetoftax": 256600000.00000003,
        "othercomprehensiveincomeunrealizedgainlossonderivativesarisingduringperiodnetoftax": -44900000,
        "othercomprehensiveincomelossreclassificationadjustmentfromaocionderivativesnetoftax": -11600000,
        "othercomprehensiveincomelossderivativesqualifyingashedgesnetoftax": -33300000,
        "othercomprehensiveincomelosspensionandotherpostretirementbenefitplansadjustmentbeforereclassificationadjustmentsnetoftax": 41500000,
        "othercomprehensiveincomelossreclassificationadjustmentfromaocipensionandotherpostretirementbenefitplansfornetgainlossnetoftax": 9800000,
        "othercomprehensiveincomelosspensionandotherpostretirementbenefitplansadjustmentnetoftax": 51300000,
        "othercomprehensiveincomelossnetoftax": 256600000.00000003,
        "comprehensiveincomenetoftax": 1549200000,
        "othercomprehensiveincomelossforeigncurrencytranslationadjustmenttax": -137200000,
        "othercomprehensiveincomelossderivativesqualifyingashedgestax": -9500000
    },
    {
        "date": "2020-09-29",
        "symbol": "MCD",
        "period": "Q3",
        "netincomeloss": 1762600000,
        "othercomprehensiveincomeforeigncurrencytransactionandtranslationgainlossarisingduringperiodnetoftax": 56600000,
        "othercomprehensiveincomelossforeigncurrencytransactionandtranslationadjustmentnetoftax": 65600000,
        "othercomprehensiveincomeunrealizedgainlossonderivativesarisingduringperiodnetoftax": -27000000,
        "othercomprehensiveincomelossreclassificationadjustmentfromaocionderivativesnetoftax": -5000000,
        "othercomprehensiveincomelossderivativesqualifyingashedgesnetoftax": -22000000,
        "othercomprehensiveincomelosspensionandotherpostretirementbenefitplansadjustmentbeforereclassificationadjustmentsnetoftax": -500000,
        "othercomprehensiveincomelossreclassificationadjustmentfromaocipensionandotherpostretirementbenefitplansfornetgainlossnetoftax": -3400000,
        "othercomprehensiveincomelosspensionandotherpostretirementbenefitplansadjustmentnetoftax": -3900000,
        "othercomprehensiveincomelossnetoftax": 47500000,
        "comprehensiveincomenetoftax": 1810100000,
        "othercomprehensiveincomelossforeigncurrencytranslationadjustmenttax": -116800000,
        "othercomprehensiveincomelossderivativesqualifyingashedgestax": -6600000,
        "othercomprehensiveincomelosspensionandotherpostretirementbenefitplanstax": 0,
        "salesbycompanyoperatedrestaurants": 2286400000,
        "revenuesfromfranchisedrestaurants": 3044800000,
        "otherrevenues": 86900000,
        "revenues": 5418100000,
        "companyoperatedrestaurantexpenses": 1876300000,
        "costofgoodsandservicessold": 567900000,
        "otherexpenses": 69200000,
        "depreciationdepletionandamortization": 75800000,
        "othersellinggeneralandadministrativeexpense": 454700000,
        "otheroperatingincomeexpensenet": 152200000,
        "costsandexpenses": 2891700000,
        "operatingincomeloss": 2526400000,
        "interestexpense": 310100000,
        "nonoperatingincomeexpense": 800000,
        "incomelossfromcontinuingoperationsbeforeincometaxes": 2217100000,
        "incometaxexpensebenefit": 454500000,
        "earningspersharebasic": 2.3599999999999994,
        "earningspersharediluted": 2.3499999999999996,
        "commonstockdividendspersharedeclared": 1.25,
        "weightedaveragenumberofsharesoutstandingbasic": 100000,
        "weightedaveragenumberofdilutedsharesoutstanding": 200000
    },
    {
        "date": "2020-06-29",
        "symbol": "MCD",
        "period": "Q2",
        "documentfiscalyearfocus": 0,
        "netincomeloss": 483800000,
        "othercomprehensiveincomeforeigncurrencytransactionandtranslationgainlossarisingduringperiodnetoftax": 207100000,
        "othercomprehensiveincomelossforeigncurrencytransactionandtranslationadjustmentnetoftax": 207100000,
        "othercomprehensiveincomeunrealizedgainlossonderivativesarisingduringperiodnetoftax": -17600000,
        "othercomprehensiveincomelossreclassificationadjustmentfromaocionderivativesnetoftax": 1700000,
        "othercomprehensiveincomelossderivativesqualifyingashedgesnetoftax": -19300000,
        "othercomprehensiveincomelosspensionandotherpostretirementbenefitplansadjustmentbeforereclassificationadjustmentsnetoftax": 600000,
        "othercomprehensiveincomelossreclassificationadjustmentfromaocipensionandotherpostretirementbenefitplansfornetgainlossnetoftax": -2900000,
        "othercomprehensiveincomelosspensionandotherpostretirementbenefitplansadjustmentnetoftax": -2300000,
        "othercomprehensiveincomelossnetoftax": 190100000,
        "comprehensiveincomenetoftax": 673900000,
        "othercomprehensiveincomelossforeigncurrencytranslationadjustmenttax": -66100000,
        "othercomprehensiveincomelossderivativesqualifyingashedgestax": -5800000,
        "othercomprehensiveincomelosspensionandotherpostretirementbenefitplanstax": 100000,
        "salesbycompanyoperatedrestaurants": 1593700000,
        "revenuesfromfranchisedrestaurants": 2088000000,
        "otherrevenues": 79800000,
        "revenues": 3761500000,
        "companyoperatedrestaurantexpenses": 1448400000,
        "costofgoodsandservicessold": 524500000,
        "otherexpenses": 63300000,
        "depreciationdepletionandamortization": 71000000,
        "othersellinggeneralandadministrativeexpense": 576000000,
        "otheroperatingincomeexpensenet": -117200000,
        "costsandexpenses": 2800400000,
        "operatingincomeloss": 961100000,
        "interestexpense": 319100000,
        "nonoperatingincomeexpense": 6700000,
        "incomelossfromcontinuingoperationsbeforeincometaxes": 648700000,
        "incometaxexpensebenefit": 164900000,
        "earningspersharebasic": 0.6500000000000001,
        "earningspersharediluted": 0.6500000000000001,
        "commonstockdividendspersharedeclared": 1.25,
        "weightedaveragenumberofsharesoutstandingbasic": -500000,
        "weightedaveragenumberofdilutedsharesoutstanding": -1100000
    },
    {
        "date": "2020-03-30",
        "symbol": "MCD",
        "period": "Q1",
        "documentfiscalyearfocus": 2020,
        "netincomeloss": 1106900000,
        "othercomprehensiveincomeforeigncurrencytransactionandtranslationgainlossarisingduringperiodnetoftax": -466200000,
        "othercomprehensiveincomelossforeigncurrencytransactionandtranslationadjustmentnetoftax": -466200000,
        "othercomprehensiveincomeunrealizedgainlossonderivativesarisingduringperiodnetoftax": -39600000,
        "othercomprehensiveincomelossreclassificationadjustmentfromaocionderivativesnetoftax": 9100000,
        "othercomprehensiveincomelossderivativesqualifyingashedgesnetoftax": -48700000,
        "othercomprehensiveincomelosspensionandotherpostretirementbenefitplansadjustmentbeforereclassificationadjustmentsnetoftax": 1900000,
        "othercomprehensiveincomelossreclassificationadjustmentfromaocipensionandotherpostretirementbenefitplansfornetgainlossnetoftax": -3100000,
        "othercomprehensiveincomelosspensionandotherpostretirementbenefitplansadjustmentnetoftax": -1200000,
        "othercomprehensiveincomelossnetoftax": -513700000,
        "comprehensiveincomenetoftax": 593200000,
        "othercomprehensiveincomelossforeigncurrencytranslationadjustmenttax": 115300000,
        "othercomprehensiveincomelossderivativesqualifyingashedgestax": -14700000,
        "othercomprehensiveincomelosspensionandotherpostretirementbenefitplanstax": 400000,
        "salesbycompanyoperatedrestaurants": 2025800000,
        "revenuesfromfranchisedrestaurants": 2608000000,
        "otherrevenues": 80600000,
        "revenues": 4714400000,
        "companyoperatedrestaurantexpenses": 1752800000,
        "costofgoodsandservicessold": 554200000,
        "otherexpenses": 65500000,
        "depreciationdepletionandamortization": 73500000,
        "othersellinggeneralandadministrativeexpense": 516300000,
        "otheroperatingincomeexpensenet": -58500000,
        "costsandexpenses": 3020800000,
        "operatingincomeloss": 1693600000,
        "interestexpense": 280000000,
        "nonoperatingincomeexpense": 31300000,
        "incomelossfromcontinuingoperationsbeforeincometaxes": 1444900000,
        "incometaxexpensebenefit": 338000000,
        "earningspersharebasic": 1.49,
        "earningspersharediluted": 1.47,
        "commonstockdividendspersharedeclared": 1.25,
        "weightedaveragenumberofsharesoutstandingbasic": 744800000,
        "weightedaveragenumberofdilutedsharesoutstanding": 750700000
    },
    {
        "date": "2019-12-30",
        "symbol": "MCD",
        "period": "Q4",
        "netincomeloss": 1572200000,
        "othercomprehensiveincomeforeigncurrencytransactionandtranslationgainlossarisingduringperiodnetoftax": 235800000,
        "othercomprehensiveincomelossforeigncurrencytransactionandtranslationadjustmentnetoftax": 235800000,
        "othercomprehensiveincomeunrealizedgainlossonderivativesarisingduringperiodnetoftax": -16300000,
        "othercomprehensiveincomelossreclassificationadjustmentfromaocionderivativesnetoftax": 7300000,
        "othercomprehensiveincomelossderivativesqualifyingashedgesnetoftax": -23600000,
        "othercomprehensiveincomelossreclassificationadjustmentfromaocipensionandotherpostretirementbenefitplansfornetgainlossnetoftax": 6800000,
        "othercomprehensiveincomelosspensionandotherpostretirementbenefitplansadjustmentnetoftax": 31800000,
        "othercomprehensiveincomelossnetoftax": 235800000,
        "comprehensiveincomenetoftax": 1752600000,
        "revenues": 465100000,
        "sellinggeneralandadministrativeexpense": 653600000,
        "otheroperatingincomeexpensenet": 100100000,
        "costsandexpenses": 3056400000,
        "operatingincomeloss": 25100000,
        "interestexpense": 283000000,
        "nonoperatingincomeexpense": 17200000,
        "incomelossfromcontinuingoperationsbeforeincometaxes": 2026800000,
        "incometaxexpensebenefit": 454600000,
        "earningspersharebasic": 2.1000000000000005,
        "earningspersharediluted": 2.08,
        "commonstockdividendspersharedeclared": 4.440892098500626e-16,
        "weightedaveragenumberofsharesoutstandingbasic": -3000000,
        "weightedaveragenumberofdilutedsharesoutstanding": -3200000
    },
    {
        "date": "2019-09-29",
        "symbol": "MCD",
        "period": "Q3",
        "netincomeloss": 1607900000,
        "othercomprehensiveincomeforeigncurrencytransactionandtranslationgainlossarisingduringperiodnetoftax": -179100000,
        "othercomprehensiveincomelossforeigncurrencytransactionandtranslationreclassificationadjustmentfromaocirealizeduponsaleorliquidationnetoftax": 0,
        "othercomprehensiveincomelossforeigncurrencytransactionandtranslationadjustmentnetoftax": -179100000,
        "othercomprehensiveincomeunrealizedgainlossonderivativesarisingduringperiodnetoftax": 24400000,
        "othercomprehensiveincomelossreclassificationadjustmentfromaocionderivativesnetoftax": 13400000,
        "othercomprehensiveincomelossderivativesqualifyingashedgesnetoftax": 11000000,
        "othercomprehensiveincomelossreclassificationadjustmentfromaocipensionandotherpostretirementbenefitplansfornetgainlossnetoftax": -1500000,
        "othercomprehensiveincomelosspensionandotherpostretirementbenefitplansadjustmentnetoftax": -1600000,
        "othercomprehensiveincomelossnetoftax": -166500000,
        "comprehensiveincomenetoftax": 1441400000,
        "othercomprehensiveincomelossforeigncurrencytranslationadjustmenttax": 145400000,
        "othercomprehensiveincomelossderivativesqualifyingashedgestax": 3300000,
        "revenues": 5430600000,
        "companyoperatedrestaurantexpenses": 1967700000,
        "sellinggeneralandadministrativeexpense": 543600000,
        "otheroperatingincomeexpensenet": 49500000,
        "costsandexpenses": 3021300000,
        "operatingincomeloss": 2409300000,
        "interestexpense": 280600000,
        "nonoperatingincomeexpense": 23500000,
        "incomelossfromcontinuingoperationsbeforeincometaxes": 2152200000,
        "incometaxexpensebenefit": 544300000,
        "earningspersharebasic": 2.119999999999999,
        "earningspersharediluted": 2.1100000000000003,
        "commonstockdividendspersharedeclared": 2.41,
        "weightedaveragenumberofsharesoutstandingbasic": -2200000,
        "weightedaveragenumberofdilutedsharesoutstanding": -2100000
    },
    {
        "date": "2019-06-29",
        "symbol": "MCD",
        "period": "Q2",
        "documentfiscalyearfocus": 0,
        "netincomeloss": 1516900000,
        "othercomprehensiveincomeforeigncurrencytransactionandtranslationgainlossarisingduringperiodnetoftax": 27400000,
        "othercomprehensiveincomelossforeigncurrencytransactionandtranslationreclassificationadjustmentfromaocirealizeduponsaleorliquidationnetoftax": -1200000,
        "othercomprehensiveincomelossforeigncurrencytransactionandtranslationadjustmentnetoftax": 28600000,
        "othercomprehensiveincomeunrealizedgainlossonderivativesarisingduringperiodnetoftax": 900000,
        "othercomprehensiveincomelossreclassificationadjustmentfromaocionderivativesnetoftax": 7900000,
        "othercomprehensiveincomelossderivativesqualifyingashedgesnetoftax": -7000000,
        "othercomprehensiveincomelossreclassificationadjustmentfromaocipensionandotherpostretirementbenefitplansfornetgainlossnetoftax": -1500000,
        "othercomprehensiveincomelosspensionandotherpostretirementbenefitplansadjustmentnetoftax": -1900000,
        "othercomprehensiveincomelossnetoftax": 23500000,
        "comprehensiveincomenetoftax": 1540400000,
        "othercomprehensiveincomelossforeigncurrencytranslationadjustmenttax": -27800000,
        "othercomprehensiveincomelossderivativesqualifyingashedgestax": -2100000,
        "revenues": 5341300000,
        "companyoperatedrestaurantexpenses": 1967100000,
        "sellinggeneralandadministrativeexpense": 533100000,
        "otheroperatingincomeexpensenet": -22500000,
        "costsandexpenses": 3067400000,
        "operatingincomeloss": 2273900000,
        "interestexpense": 284200000,
        "nonoperatingincomeexpense": 18100000,
        "incomelossfromcontinuingoperationsbeforeincometaxes": 2007800000,
        "incometaxexpensebenefit": 490900000,
        "earningspersharebasic": 1.99,
        "earningspersharediluted": 1.97,
        "commonstockdividendspersharedeclared": 1.16,
        "weightedaveragenumberofsharesoutstandingbasic": -1600000,
        "weightedaveragenumberofdilutedsharesoutstanding": -1400000
    },
    {
        "date": "2019-03-30",
        "symbol": "MCD",
        "period": "Q1",
        "documentfiscalyearfocus": 2019,
        "netincomeloss": 1328400000,
        "othercomprehensiveincomeforeigncurrencytransactionandtranslationgainlossarisingduringperiodnetoftax": 43400000,
        "othercomprehensiveincomelossforeigncurrencytransactionandtranslationreclassificationadjustmentfromaocirealizeduponsaleorliquidationnetoftax": -45600000,
        "othercomprehensiveincomelossforeigncurrencytransactionandtranslationadjustmentnetoftax": 89000000,
        "othercomprehensiveincomeunrealizedgainlossonderivativesarisingduringperiodnetoftax": 8300000,
        "othercomprehensiveincomelossreclassificationadjustmentfromaocionderivativesnetoftax": 9100000,
        "othercomprehensiveincomelossderivativesqualifyingashedgesnetoftax": -800000,
        "othercomprehensiveincomelossreclassificationadjustmentfromaocipensionandotherpostretirementbenefitplansfornetgainlossnetoftax": -1200000,
        "othercomprehensiveincomelosspensionandotherpostretirementbenefitplansadjustmentnetoftax": -1200000,
        "othercomprehensiveincomelossnetoftax": 89400000,
        "comprehensiveincomenetoftax": 1417800000,
        "othercomprehensiveincomelossforeigncurrencytranslationadjustmenttax": 60000000,
        "othercomprehensiveincomelossderivativesqualifyingashedgestax": -200000,
        "salesrevenuegoodsnet": 2240500000,
        "franchiserevenue": 2715100000,
        "revenues": 4955600000,
        "companyoperatedrestaurantexpenses": 1886200000,
        "franchisecosts": 533100000,
        "sellinggeneralandadministrativeexpense": 499100000,
        "otheroperatingincomeexpensenet": 56800000,
        "costsandexpenses": 2861600000,
        "operatingincomeloss": 2094000000,
        "interestexpense": 274100000,
        "nonoperatingincomeexpense": 11400000,
        "incomelossfromcontinuingoperationsbeforeincometaxes": 1831300000,
        "incometaxexpensebenefit": 502900000,
        "earningspersharebasic": 1.74,
        "earningspersharediluted": 1.72,
        "commonstockdividendspersharedeclared": 1.16,
        "weightedaveragenumberofsharesoutstandingbasic": 764900000,
        "weightedaveragenumberofdilutedsharesoutstanding": 771600000
    },
    {
        "date": "2018-12-30",
        "symbol": "MCD",
        "period": "Q4",
        "netincomeloss": 1415300000,
        "othercomprehensiveincomeforeigncurrencytransactionandtranslationgainlossarisingduringperiodnetoftax": -74100000,
        "othercomprehensiveincomelossforeigncurrencytransactionandtranslationadjustmentnetoftax": -74100000,
        "othercomprehensiveincomeunrealizedgainlossonderivativesarisingduringperiodnetoftax": 13300000,
        "othercomprehensiveincomelossreclassificationadjustmentfromaocionderivativesnetoftax": 8000000,
        "othercomprehensiveincomelossderivativesqualifyingashedgesnetoftax": 5300000,
        "othercomprehensiveincomelossreclassificationadjustmentfromaocipensionandotherpostretirementbenefitplansfornetgainlossnetoftax": 6500000,
        "othercomprehensiveincomelosspensionandotherpostretirementbenefitplansadjustmentnetoftax": 32400000,
        "othercomprehensiveincomelossnetoftax": -74100000,
        "comprehensiveincomenetoftax": 1314099999.9999995,
        "salesrevenuegoodsnet": 132800000,
        "franchiserevenue": 309300000,
        "revenues": 442100000,
        "franchisecosts": 509700000,
        "sellinggeneralandadministrativeexpense": 609800000,
        "otheroperatingincomeexpensenet": -87400000,
        "costsandexpenses": 3163500000,
        "operatingincomeloss": 16600000,
        "interestexpense": 254100000,
        "nonoperatingincomeexpense": 6000000,
        "incomelossfromcontinuingoperationsbeforeincometaxes": 1751400000,
        "incometaxexpensebenefit": 336100000,
        "earningspersharebasic": 1.840000000000001,
        "earningspersharediluted": 1.82,
        "commonstockdividendspersharedeclared": -4.440892098500626e-16,
        "weightedaveragenumberofsharesoutstandingbasic": -3000000,
        "weightedaveragenumberofdilutedsharesoutstanding": -2900000
    },
    {
        "date": "2018-09-29",
        "symbol": "MCD",
        "period": "Q3",
        "netincomeloss": 1637300000,
        "othercomprehensiveincomeforeigncurrencytransactionandtranslationgainlossarisingduringperiodnetoftax": -78800000,
        "othercomprehensiveincomelossforeigncurrencytransactionandtranslationadjustmentnetoftax": -78800000,
        "othercomprehensiveincomeunrealizedgainlossonderivativesarisingduringperiodnetoftax": 8500000,
        "othercomprehensiveincomelossreclassificationadjustmentfromaocionderivativesnetoftax": 5200000,
        "othercomprehensiveincomelossderivativesqualifyingashedgesnetoftax": 3300000,
        "othercomprehensiveincomelossreclassificationadjustmentfromaocipensionandotherpostretirementbenefitplansfornetgainlossnetoftax": -2200000,
        "othercomprehensiveincomelosspensionandotherpostretirementbenefitplansadjustmentnetoftax": -2200000,
        "othercomprehensiveincomelossnetoftax": -73300000,
        "comprehensiveincomenetoftax": 1564000000,
        "othercomprehensiveincomelossforeigncurrencytranslationadjustmenttax": 19000000,
        "othercomprehensiveincomelossderivativesqualifyingashedgestax": 1300000,
        "othercomprehensiveincomelosspensionandotherpostretirementbenefitplanstax": 0,
        "salesrevenuegoodsnet": 2511000000,
        "franchiserevenue": 2858400000,
        "revenues": 5369400000,
        "companyoperatedrestaurantexpenses": 2047900000,
        "franchisecosts": 499400000,
        "sellinggeneralandadministrativeexpense": 515200000,
        "otheroperatingincomeexpensenet": 110800000,
        "costsandexpenses": 2951700000,
        "operatingincomeloss": 2417700000,
        "interestexpense": 250100000,
        "nonoperatingincomeexpense": -8900000,
        "incomelossfromcontinuingoperationsbeforeincometaxes": 2158700000,
        "incometaxexpensebenefit": 521400000,
        "earningspersharebasic": 2.1099999999999994,
        "earningspersharediluted": 2.0999999999999996,
        "commonstockdividendspersharedeclared": 2.170000000000001,
        "weightedaveragenumberofsharesoutstandingbasic": -4200000,
        "weightedaveragenumberofdilutedsharesoutstanding": -4500000
    },
    {
        "date": "2018-06-29",
        "symbol": "MCD",
        "period": "Q2",
        "netincomeloss": 1496300000,
        "othercomprehensiveincomeforeigncurrencytransactionandtranslationgainlossarisingduringperiodnetoftax": -326400000,
        "othercomprehensiveincomelossforeigncurrencytransactionandtranslationadjustmentnetoftax": -326400000,
        "othercomprehensiveincomeunrealizedgainlossonderivativesarisingduringperiodnetoftax": 32200000,
        "othercomprehensiveincomelossreclassificationadjustmentfromaocionderivativesnetoftax": -3600000,
        "othercomprehensiveincomelossderivativesqualifyingashedgesnetoftax": 35800000,
        "othercomprehensiveincomelosspensionandotherpostretirementbenefitplansadjustmentbeforereclassificationadjustmentsnetoftax": 0,
        "othercomprehensiveincomelossreclassificationadjustmentfromaocipensionandotherpostretirementbenefitplansfornetgainlossnetoftax": -2100000,
        "othercomprehensiveincomelosspensionandotherpostretirementbenefitplansadjustmentnetoftax": -2100000,
        "othercomprehensiveincomelossnetoftax": -288500000,
        "comprehensiveincomenetoftax": 1207800000,
        "othercomprehensiveincomelossforeigncurrencytranslationadjustmenttax": 143900000,
        "othercomprehensiveincomelossderivativesqualifyingashedgestax": 10500000,
        "othercomprehensiveincomelosspensionandotherpostretirementbenefitplanstax": 100000,
        "salesrevenuegoodsnet": 2594900000,
        "franchiserevenue": 2759000000,
        "revenues": 5353900000,
        "companyoperatedrestaurantexpenses": 2130500000,
        "franchisecosts": 483900000,
        "sellinggeneralandadministrativeexpense": 542100000,
        "otheroperatingincomeexpensenet": 64900000,
        "costsandexpenses": 3091600000,
        "operatingincomeloss": 2262300000,
        "interestexpense": 240200000,
        "nonoperatingincomeexpense": -4000000,
        "incomelossfromcontinuingoperationsbeforeincometaxes": 2018100000,
        "incometaxexpensebenefit": 521800000,
        "earningspersharebasic": 1.9200000000000002,
        "earningspersharediluted": 1.9000000000000001,
        "commonstockdividendspersharedeclared": 1.01,
        "weightedaveragenumberofsharesoutstandingbasic": -5500000,
        "weightedaveragenumberofdilutedsharesoutstanding": -5700000
    },
    {
        "date": "2018-03-30",
        "symbol": "MCD",
        "period": "Q1",
        "netincomeloss": 1375400000,
        "othercomprehensiveincomeforeigncurrencytransactionandtranslationgainlossarisingduringperiodnetoftax": 25700000,
        "othercomprehensiveincomelossforeigncurrencytransactionandtranslationadjustmentnetoftax": 25700000,
        "othercomprehensiveincomeunrealizedgainlossonderivativesarisingduringperiodnetoftax": -7500000,
        "othercomprehensiveincomelossreclassificationadjustmentfromaocionderivativesnetoftax": -12000000,
        "othercomprehensiveincomelossderivativesqualifyingashedgesnetoftax": 4500000,
        "othercomprehensiveincomelosspensionandotherpostretirementbenefitplansadjustmentbeforereclassificationadjustmentsnetoftax": 1100000,
        "othercomprehensiveincomelossreclassificationadjustmentfromaocipensionandotherpostretirementbenefitplansfornetgainlossnetoftax": -2800000,
        "othercomprehensiveincomelosspensionandotherpostretirementbenefitplansadjustmentnetoftax": -1700000,
        "othercomprehensiveincomelossnetoftax": 31900000,
        "comprehensiveincomenetoftax": 1407300000,
        "othercomprehensiveincomelossforeigncurrencytranslationadjustmenttax": -72300000,
        "othercomprehensiveincomelossderivativesqualifyingashedgestax": 1200000,
        "othercomprehensiveincomelosspensionandotherpostretirementbenefitplanstax": -900000,
        "salesrevenuegoodsnet": 2535600000,
        "franchiserevenue": 2603300000,
        "revenues": 5138900000,
        "companyoperatedrestaurantexpenses": 2130900000,
        "franchisecosts": 480300000,
        "sellinggeneralandadministrativeexpense": 533100000,
        "otheroperatingincomeexpensenet": 148500000,
        "costsandexpenses": 2995800000,
        "operatingincomeloss": 2143100000,
        "interestexpense": 236800000,
        "nonoperatingincomeexpense": -18400000,
        "incomelossfromcontinuingoperationsbeforeincometaxes": 1887900000,
        "incometaxexpensebenefit": 512500000,
        "earningspersharebasic": 1.74,
        "earningspersharediluted": 1.72,
        "commonstockdividendspersharedeclared": 1.01,
        "weightedaveragenumberofsharesoutstandingbasic": 790900000,
        "weightedaveragenumberofdilutedsharesoutstanding": 798700000
    },
    {
        "date": "2017-12-30",
        "symbol": "MCD",
        "period": "Q4",
        "netincomeloss": 698700000,
        "othercomprehensiveincomeforeigncurrencytransactionandtranslationgainlossarisingduringperiodnetoftax": 47100000.00000006,
        "othercomprehensiveincomelossforeigncurrencytransactionandtranslationreclassificationadjustmentfromaocirealizeduponsaleorliquidationnetoftax": 0,
        "othercomprehensiveincomelossforeigncurrencytransactionandtranslationadjustmentnetoftax": 47100000,
        "othercomprehensiveincomeunrealizedgainlossonderivativesarisingduringperiodnetoftax": -3600000,
        "othercomprehensiveincomelossreclassificationadjustmentfromaocionderivativesnetoftax": -5800000,
        "othercomprehensiveincomelossderivativesqualifyingashedgesnetoftax": 2200000,
        "othercomprehensiveincomelossreclassificationadjustmentfromaocipensionandotherpostretirementbenefitplansfornetgainlossnetoftax": 7599999.999999999,
        "othercomprehensiveincomelosspensionandotherpostretirementbenefitplansadjustmentnetoftax": -9000000,
        "othercomprehensiveincomelossnetoftax": 80800000,
        "comprehensiveincomenetoftax": 757000000,
        "salesrevenuegoodsnet": 2673100000,
        "franchiserevenue": 2667100000,
        "revenues": 426700000,
        "franchisecosts": 464600000,
        "sellinggeneralandadministrativeexpense": 617600000,
        "otheroperatingincomeexpensenet": 96299999.99999988,
        "costsandexpenses": 3196000000,
        "operatingincomeloss": 89500000,
        "interestexpense": 235100000,
        "nonoperatingincomeexpense": -24000000,
        "incomelossfromcontinuingoperationsbeforeincometaxes": 1885100000,
        "incometaxexpensebenefit": 1186400000,
        "earningspersharebasic": 0.8899999999999997,
        "earningspersharediluted": 0.8899999999999995,
        "commonstockdividendspersharedeclared": 0,
        "weightedaveragenumberofsharesoutstandingbasic": -4400000,
        "weightedaveragenumberofdilutedsharesoutstanding": -3900000
    },
    {
        "date": "2017-09-29",
        "symbol": "MCD",
        "period": "Q3",
        "salesrevenuegoodsnet": 3064300000,
        "franchiserevenue": 2690300000,
        "revenues": 16405100000,
        "companyoperatedrestaurantexpenses": 2479800000,
        "franchisecosts": 457300000,
        "sellinggeneralandadministrativeexpense": 567000000,
        "otheroperatingincomeexpensenet": 828900000,
        "costsandexpenses": 2675200000,
        "operatingincomeloss": 7193000000,
        "interestexpense": 236700000,
        "nonoperatingincomeexpense": -23200000,
        "incomelossfromcontinuingoperationsbeforeincometaxes": 2819500000,
        "incometaxexpensebenefit": 935800000,
        "netincomeloss": 1883700000,
        "earningspersharebasic": 2.34,
        "earningspersharediluted": 2.3100000000000005,
        "commonstockdividendspersharedeclared": 1.9500000000000002,
        "weightedaveragenumberofsharesoutstandingbasic": -3400000,
        "weightedaveragenumberofdilutedsharesoutstanding": -2900000,
        "othercomprehensiveincomeforeigncurrencytransactionandtranslationgainlossarisingduringperiodnetoftax": 247300000.00000006,
        "othercomprehensiveincomelossforeigncurrencytransactionandtranslationreclassificationadjustmentfromaocirealizeduponsaleorliquidationnetoftax": -4900000,
        "othercomprehensiveincomelossforeigncurrencytransactionandtranslationadjustmentnetoftax": 252200000,
        "othercomprehensiveincomeunrealizedgainlossonderivativesarisingduringperiodnetoftax": -14500000,
        "othercomprehensiveincomelossreclassificationadjustmentfromaocionderivativesnetoftax": -9100000,
        "othercomprehensiveincomelossderivativesqualifyingashedgesnetoftax": -5400000,
        "othercomprehensiveincomelossreclassificationadjustmentfromaocipensionandotherpostretirementbenefitplansfornetgainlossnetoftax": -2900000,
        "othercomprehensiveincomelosspensionandotherpostretirementbenefitplansadjustmentnetoftax": -2900000,
        "othercomprehensiveincomelossnetoftax": 249700000,
        "comprehensiveincomenetoftax": 2133400000,
        "othercomprehensiveincomelossforeigncurrencytranslationadjustmenttax": -104300000,
        "othercomprehensiveincomelossderivativesqualifyingashedgestax": -3000000
    },
    {
        "date": "2017-06-29",
        "symbol": "MCD",
        "period": "Q2",
        "salesrevenuegoodsnet": 3569600000,
        "franchiserevenue": 2480100000,
        "revenues": -4600800000,
        "companyoperatedrestaurantexpenses": 2903300000,
        "franchisecosts": 438000000,
        "sellinggeneralandadministrativeexpense": 525400000,
        "otheroperatingincomeexpensenet": 112100000,
        "costsandexpenses": 3754600000,
        "operatingincomeloss": -1818500000,
        "interestexpense": 230900000,
        "nonoperatingincomeexpense": -2800000,
        "incomelossfromcontinuingoperationsbeforeincometaxes": 2061400000,
        "incometaxexpensebenefit": 666300000,
        "netincomeloss": 1395100000,
        "earningspersharebasic": 1.7200000000000002,
        "earningspersharediluted": 1.7,
        "commonstockdividendspersharedeclared": 0.94,
        "weightedaveragenumberofsharesoutstandingbasic": -3600000,
        "weightedaveragenumberofdilutedsharesoutstanding": -2900000,
        "othercomprehensiveincomeforeigncurrencytransactionandtranslationgainlossarisingduringperiodnetoftax": 245699999.99999994,
        "othercomprehensiveincomelossforeigncurrencytransactionandtranslationreclassificationadjustmentfromaocirealizeduponsaleorliquidationnetoftax": 4600000,
        "othercomprehensiveincomelossforeigncurrencytransactionandtranslationadjustmentnetoftax": 241100000,
        "othercomprehensiveincomeunrealizedgainlossonderivativesarisingduringperiodnetoftax": -23200000,
        "othercomprehensiveincomelossreclassificationadjustmentfromaocionderivativesnetoftax": 2000000,
        "othercomprehensiveincomelossderivativesqualifyingashedgesnetoftax": -25200000,
        "othercomprehensiveincomelosspensionandotherpostretirementbenefitplansadjustmentbeforereclassificationadjustmentsnetoftax": 0,
        "othercomprehensiveincomelossreclassificationadjustmentfromaocipensionandotherpostretirementbenefitplansfornetgainlossnetoftax": -2700000,
        "othercomprehensiveincomelosspensionandotherpostretirementbenefitplansadjustmentnetoftax": -2700000,
        "othercomprehensiveincomelossnetoftax": 218600000,
        "comprehensiveincomenetoftax": 1613700000,
        "othercomprehensiveincomelossforeigncurrencytranslationadjustmenttax": -227600000,
        "othercomprehensiveincomelossderivativesqualifyingashedgestax": -14300000,
        "othercomprehensiveincomelosspensionandotherpostretirementbenefitplanstax": 0
    },
    {
        "date": "2017-03-30",
        "symbol": "MCD",
        "period": "Q1",
        "salesrevenuegoodsnet": 3411900000,
        "franchiserevenue": 2264000000,
        "revenues": 5675900000,
        "companyoperatedrestaurantexpenses": 2816400000,
        "franchisecosts": 430100000,
        "sellinggeneralandadministrativeexpense": 521300000,
        "otheroperatingincomeexpensenet": 125900000,
        "costsandexpenses": 3641900000,
        "operatingincomeloss": 2034000000,
        "interestexpense": 218600000,
        "nonoperatingincomeexpense": -7900000,
        "incomelossfromcontinuingoperationsbeforeincometaxes": 1807500000,
        "incometaxexpensebenefit": 592700000,
        "netincomeloss": 1214800000,
        "earningspersharebasic": 1.48,
        "earningspersharediluted": 1.47,
        "commonstockdividendspersharedeclared": 0.94,
        "weightedaveragenumberofsharesoutstandingbasic": 818800000,
        "weightedaveragenumberofdilutedsharesoutstanding": 825200000,
        "othercomprehensiveincomeforeigncurrencytransactionandtranslationgainlossarisingduringperiodnetoftax": 287600000,
        "othercomprehensiveincomelossforeigncurrencytransactionandtranslationreclassificationadjustmentfromaocirealizeduponsaleorliquidationnetoftax": -109000000,
        "othercomprehensiveincomelossforeigncurrencytransactionandtranslationadjustmentnetoftax": 396600000,
        "othercomprehensiveincomeunrealizedgainlossonderivativesarisingduringperiodnetoftax": -7100000,
        "othercomprehensiveincomelossreclassificationadjustmentfromaocionderivativesnetoftax": 3900000,
        "othercomprehensiveincomelossderivativesqualifyingashedgesnetoftax": -11000000,
        "othercomprehensiveincomelosspensionandotherpostretirementbenefitplansadjustmentbeforereclassificationadjustmentsnetoftax": 300000,
        "othercomprehensiveincomelossreclassificationadjustmentfromaocipensionandotherpostretirementbenefitplansfornetgainlossnetoftax": -2600000,
        "othercomprehensiveincomelosspensionandotherpostretirementbenefitplansadjustmentnetoftax": -2300000,
        "othercomprehensiveincomelossnetoftax": 387900000,
        "comprehensiveincomenetoftax": 1602700000,
        "othercomprehensiveincomelossforeigncurrencytranslationadjustmenttax": -44500000,
        "othercomprehensiveincomelossderivativesqualifyingashedgestax": -6200000,
        "othercomprehensiveincomelosspensionandotherpostretirementbenefitplanstax": -500000
    },
    {
        "date": "2016-12-30",
        "symbol": "MCD",
        "period": "Q4",
        "netincomeloss": 1193400000,
        "othercomprehensiveincomeforeigncurrencytransactionandtranslationgainlossarisingduringperiodnetoftax": -527800000,
        "othercomprehensiveincomelossforeigncurrencytransactionandtranslationadjustmentnetoftax": -452100000,
        "othercomprehensiveincomeunrealizedgainlossonderivativesarisingduringperiodnetoftax": 26900000,
        "othercomprehensiveincomelossreclassificationadjustmentfromaocionderivativesnetoftax": 5400000,
        "othercomprehensiveincomelossderivativesqualifyingashedgesnetoftax": 21500000,
        "othercomprehensiveincomelosspensionandotherpostretirementbenefitplansadjustmentbeforereclassificationadjustmentsnetoftax": 46200000,
        "othercomprehensiveincomelossreclassificationadjustmentfromaocipensionandotherpostretirementbenefitplansfornetgainlossnetoftax": -6500000,
        "othercomprehensiveincomelosspensionandotherpostretirementbenefitplansadjustmentnetoftax": 39700000,
        "othercomprehensiveincomelossnetoftax": -436000000,
        "comprehensiveincomenetoftax": 723100000,
        "othercomprehensiveincomelossforeigncurrencytranslationadjustmenttax": 197500000,
        "othercomprehensiveincomelossderivativesqualifyingashedgestax": 12200000,
        "salesrevenuegoodsnet": 3652800000,
        "franchiserevenue": 2376100000,
        "revenues": 1770900000,
        "franchisecosts": 434800000,
        "sellinggeneralandadministrativeexpense": 627500000,
        "otheroperatingincomeexpensenet": 38300000,
        "costsandexpenses": 4059900000,
        "operatingincomeloss": 711200000,
        "interestexpense": 221200000,
        "nonoperatingincomeexpense": -12900000,
        "incomelossfromcontinuingoperationsbeforeincometaxes": 1734900000,
        "incometaxexpensebenefit": 541500000,
        "earningspersharebasic": 1.4500000000000004,
        "earningspersharediluted": 1.4300000000000006,
        "commonstockdividendspersharedeclared": 0.9400000000000001,
        "weightedaveragenumberofsharesoutstandingbasic": -10300000,
        "weightedaveragenumberofdilutedsharesoutstanding": -10600000
    },
    {
        "date": "2016-09-29",
        "symbol": "MCD",
        "period": "Q3",
        "salesrevenuegoodsnet": 3972100000,
        "franchiserevenue": 2452000000,
        "revenues": 1881200000,
        "companyoperatedrestaurantexpenses": 3239500000,
        "franchisecosts": 437600000,
        "sellinggeneralandadministrativeexpense": 582900000,
        "otheroperatingincomeexpensenet": -26800000,
        "costsandexpenses": 4286800000,
        "operatingincomeloss": 754100000,
        "interestexpense": 221400000,
        "nonoperatingincomeexpense": -11400000,
        "incomelossfromcontinuingoperationsbeforeincometaxes": 1904500000,
        "incometaxexpensebenefit": 1681800000,
        "netincomeloss": 1275400000,
        "earningspersharebasic": 1.51,
        "earningspersharediluted": 1.5,
        "commonstockdividendspersharedeclared": 0.8899999999999998,
        "weightedaveragenumberofsharesoutstandingbasic": -11700000,
        "weightedaveragenumberofdilutedsharesoutstanding": -12000000,
        "othercomprehensiveincomeforeigncurrencytransactionandtranslationgainlossarisingduringperiodnetoftax": 50700000,
        "othercomprehensiveincomelossforeigncurrencytransactionandtranslationadjustmentnetoftax": 50700000,
        "othercomprehensiveincomeunrealizedgainlossonderivativesarisingduringperiodnetoftax": -1300000,
        "othercomprehensiveincomelossreclassificationadjustmentfromaocionderivativesnetoftax": -1800000,
        "othercomprehensiveincomelossderivativesqualifyingashedgesnetoftax": 500000,
        "othercomprehensiveincomelosspensionandotherpostretirementbenefitplansadjustmentbeforereclassificationadjustmentsnetoftax": 100000,
        "othercomprehensiveincomelossreclassificationadjustmentfromaocipensionandotherpostretirementbenefitplansfornetgainlossnetoftax": -1100000,
        "othercomprehensiveincomelosspensionandotherpostretirementbenefitplansadjustmentnetoftax": -1000000,
        "othercomprehensiveincomelossnetoftax": 52200000,
        "comprehensiveincomenetoftax": 1327600000,
        "othercomprehensiveincomelossforeigncurrencytranslationadjustmenttax": -30400000,
        "othercomprehensiveincomelossderivativesqualifyingashedgestax": 100000
    },
    {
        "date": "2016-06-29",
        "symbol": "MCD",
        "period": "Q2",
        "salesrevenuegoodsnet": 3916600000,
        "franchiserevenue": 2348400000,
        "revenues": -2332600000,
        "companyoperatedrestaurantexpenses": 3248100000,
        "franchisecosts": 430900000,
        "sellinggeneralandadministrativeexpense": 596100000,
        "otheroperatingincomeexpensenet": -132000000,
        "costsandexpenses": 4407100000,
        "operatingincomeloss": -407200000,
        "interestexpense": 223900000,
        "nonoperatingincomeexpense": 16200000,
        "incomelossfromcontinuingoperationsbeforeincometaxes": 1650200000,
        "incometaxexpensebenefit": -521600000,
        "netincomeloss": 1119100000,
        "earningspersharebasic": 1.2899999999999998,
        "earningspersharediluted": 1.2799999999999998,
        "commonstockdividendspersharedeclared": 0.89,
        "weightedaveragenumberofsharesoutstandingbasic": -12500000,
        "weightedaveragenumberofdilutedsharesoutstanding": -11100000,
        "othercomprehensiveincomeforeigncurrencytransactionandtranslationgainlossarisingduringperiodnetoftax": -275500000,
        "othercomprehensiveincomelossforeigncurrencytransactionandtranslationreclassificationadjustmentfromaocirealizeduponsaleorliquidationnetoftax": 0,
        "othercomprehensiveincomelossforeigncurrencytransactionandtranslationadjustmentnetoftax": -275500000,
        "othercomprehensiveincomeunrealizedgainlossonderivativesarisingduringperiodnetoftax": 2900000,
        "othercomprehensiveincomelossreclassificationadjustmentfromaocionderivativesnetoftax": 1200000,
        "othercomprehensiveincomelossderivativesqualifyingashedgesnetoftax": 1700000,
        "othercomprehensiveincomelosspensionandotherpostretirementbenefitplansadjustmentbeforereclassificationadjustmentsnetoftax": -100000,
        "othercomprehensiveincomelossreclassificationadjustmentfromaocipensionandotherpostretirementbenefitplansfornetgainlossnetoftax": -1500000,
        "othercomprehensiveincomelosspensionandotherpostretirementbenefitplansadjustmentnetoftax": -1600000,
        "othercomprehensiveincomelossnetoftax": -272200000,
        "comprehensiveincomenetoftax": 846900000,
        "othercomprehensiveincomelossforeigncurrencytranslationadjustmenttax": 168200000,
        "othercomprehensiveincomelossderivativesqualifyingashedgestax": 1100000
    },
    {
        "date": "2016-03-30",
        "symbol": "MCD",
        "period": "Q1",
        "salesrevenuegoodsnet": 3753500000,
        "franchiserevenue": 2150400000,
        "revenues": 5903900000,
        "companyoperatedrestaurantexpenses": 3175300000,
        "franchisecosts": 415100000,
        "sellinggeneralandadministrativeexpense": 578000000,
        "otheroperatingincomeexpensenet": 44800000,
        "costsandexpenses": 4123600000,
        "operatingincomeloss": 1780300000,
        "interestexpense": 218300000,
        "nonoperatingincomeexpense": 14400000,
        "incomelossfromcontinuingoperationsbeforeincometaxes": 1576400000,
        "incometaxexpensebenefit": 477800000,
        "netincomeloss": 1098600000,
        "earningspersharebasic": 1.24,
        "earningspersharediluted": 1.23,
        "commonstockdividendspersharedeclared": 0.89,
        "weightedaveragenumberofsharesoutstandingbasic": 888900000,
        "weightedaveragenumberofdilutedsharesoutstanding": 894900000,
        "othercomprehensiveincomeforeigncurrencytransactionandtranslationgainlossarisingduringperiodnetoftax": 479800000,
        "othercomprehensiveincomelossforeigncurrencytransactionandtranslationreclassificationadjustmentfromaocirealizeduponsaleorliquidationnetoftax": -18300000,
        "othercomprehensiveincomelossforeigncurrencytransactionandtranslationadjustmentnetoftax": 498100000,
        "othercomprehensiveincomeunrealizedgainlossonderivativesarisingduringperiodnetoftax": -10000000,
        "othercomprehensiveincomelossreclassificationadjustmentfromaocionderivativesnetoftax": 10800000,
        "othercomprehensiveincomelossderivativesqualifyingashedgesnetoftax": -20800000,
        "othercomprehensiveincomelosspensionandotherpostretirementbenefitplansadjustmentbeforereclassificationadjustmentsnetoftax": 900000,
        "othercomprehensiveincomelossreclassificationadjustmentfromaocipensionandotherpostretirementbenefitplansfornetgainlossnetoftax": -800000,
        "othercomprehensiveincomelosspensionandotherpostretirementbenefitplansadjustmentnetoftax": 100000,
        "othercomprehensiveincomelossnetoftax": 477200000,
        "comprehensiveincomenetoftax": 1575800000,
        "othercomprehensiveincomelossforeigncurrencytranslationadjustmenttax": -70900000,
        "othercomprehensiveincomelossderivativesqualifyingashedgestax": -11800000
    },
    {
        "date": "2015-12-30",
        "symbol": "MCD",
        "period": "Q4",
        "netincomeloss": 1206200000,
        "othercomprehensiveincomeforeigncurrencytransactionandtranslationgainlossarisingduringperiodnetoftax": -264300000,
        "othercomprehensiveincomelossforeigncurrencytransactionandtranslationadjustmentnetoftax": -263200000,
        "othercomprehensiveincomeunrealizedgainlossonderivativesarisingduringperiodnetoftax": 8500000,
        "othercomprehensiveincomelossreclassificationadjustmentfromaocionderivativesnetoftax": 10200000,
        "othercomprehensiveincomelossderivativesqualifyingashedgesnetoftax": -1700000,
        "othercomprehensiveincomelossreclassificationadjustmentfromaocipensionandotherpostretirementbenefitplansfornetgainlossnetoftax": 3400000,
        "othercomprehensiveincomelosspensionandotherpostretirementbenefitplansadjustmentnetoftax": 7400000,
        "othercomprehensiveincomelossnetoftax": -258300000,
        "comprehensiveincomenetoftax": 933900000,
        "othercomprehensiveincomelossforeigncurrencytranslationadjustmenttax": 117200000,
        "othercomprehensiveincomelossderivativesqualifyingashedgestax": -900000,
        "salesrevenuegoodsnet": 4030200000,
        "franchiserevenue": 2311100000,
        "revenues": 1915600000,
        "franchisecosts": 416200000,
        "sellinggeneralandadministrativeexpense": 675100000,
        "otheroperatingincomeexpensenet": 49000000,
        "costsandexpenses": 4460900000,
        "operatingincomeloss": 701000000,
        "interestexpense": 180900000,
        "nonoperatingincomeexpense": 11300000,
        "incomelossfromcontinuingoperationsbeforeincometaxes": 1710800000,
        "incometaxexpensebenefit": 504600000,
        "earningspersharebasic": 1.3100000000000005,
        "earningspersharediluted": 1.3099999999999996,
        "commonstockdividendspersharedeclared": 0.8900000000000002,
        "weightedaveragenumberofsharesoutstandingbasic": -8500000,
        "weightedaveragenumberofdilutedsharesoutstanding": -8100000
    },
    {
        "date": "2015-09-29",
        "symbol": "MCD",
        "period": "Q3",
        "salesrevenuegoodsnet": 4282900000,
        "franchiserevenue": 2332200000,
        "revenues": 1122500000,
        "companyoperatedrestaurantexpenses": 3607700000,
        "franchisecosts": 416100000,
        "sellinggeneralandadministrativeexpense": 584000000,
        "otheroperatingincomeexpensenet": 23000000,
        "costsandexpenses": 4584800000,
        "operatingincomeloss": 724800000,
        "interestexpense": 160900000,
        "nonoperatingincomeexpense": 9000000,
        "incomelossfromcontinuingoperationsbeforeincometaxes": 1878400000,
        "incometaxexpensebenefit": 569200000,
        "netincomeloss": 1309200000,
        "earningspersharebasic": 1.4099999999999997,
        "earningspersharediluted": 1.4000000000000004,
        "commonstockdividendspersharedeclared": 0.8499999999999998,
        "weightedaveragenumberofsharesoutstandingbasic": -9000000,
        "weightedaveragenumberofdilutedsharesoutstanding": -9000000,
        "othercomprehensiveincomeforeigncurrencytransactionandtranslationgainlossarisingduringperiodnetoftax": -492600000,
        "othercomprehensiveincomelossforeigncurrencytransactionandtranslationadjustmentnetoftax": -492600000,
        "othercomprehensiveincomeunrealizedgainlossonderivativesarisingduringperiodnetoftax": 1700000,
        "othercomprehensiveincomelossreclassificationadjustmentfromaocionderivativesnetoftax": 8300000,
        "othercomprehensiveincomelossderivativesqualifyingashedgesnetoftax": -6600000,
        "othercomprehensiveincomelossreclassificationadjustmentfromaocipensionandotherpostretirementbenefitplansfornetgainlossnetoftax": -1700000,
        "othercomprehensiveincomelosspensionandotherpostretirementbenefitplansadjustmentnetoftax": -1700000,
        "othercomprehensiveincomelossnetoftax": -497500000,
        "comprehensiveincomenetoftax": 811700000,
        "othercomprehensiveincomelossforeigncurrencytranslationadjustmenttax": -300000,
        "othercomprehensiveincomelossderivativesqualifyingashedgestax": -3800000
    },
    {
        "date": "2015-06-29",
        "symbol": "MCD",
        "period": "Q2",
        "salesrevenuegoodsnet": 4261100000,
        "franchiserevenue": 2236600000,
        "revenues": 2412600000,
        "companyoperatedrestaurantexpenses": 3596300000,
        "franchisecosts": 411000000,
        "sellinggeneralandadministrativeexpense": 592400000,
        "otheroperatingincomeexpensenet": -48700000,
        "costsandexpenses": 4648400000,
        "operatingincomeloss": 685900000,
        "interestexpense": 149200000,
        "nonoperatingincomeexpense": 12300000,
        "incomelossfromcontinuingoperationsbeforeincometaxes": 1712400000,
        "incometaxexpensebenefit": 510000000,
        "netincomeloss": 1202400000,
        "earningspersharebasic": 1.2600000000000002,
        "earningspersharediluted": 1.25,
        "commonstockdividendspersharedeclared": 0.85,
        "weightedaveragenumberofsharesoutstandingbasic": -3700000,
        "weightedaveragenumberofdilutedsharesoutstanding": -3800000,
        "othercomprehensiveincomeforeigncurrencytransactionandtranslationgainlossarisingduringperiodnetoftax": 389200000,
        "othercomprehensiveincomelossforeigncurrencytransactionandtranslationadjustmentnetoftax": 389400000,
        "othercomprehensiveincomeunrealizedgainlossonderivativesarisingduringperiodnetoftax": -10200000,
        "othercomprehensiveincomelossreclassificationadjustmentfromaocionderivativesnetoftax": 9400000,
        "othercomprehensiveincomelossderivativesqualifyingashedgesnetoftax": -19600000,
        "othercomprehensiveincomelosspensionandotherpostretirementbenefitplansadjustmentbeforereclassificationadjustmentsnetoftax": 0,
        "othercomprehensiveincomelossreclassificationadjustmentfromaocipensionandotherpostretirementbenefitplansfornetgainlossnetoftax": -2200000,
        "othercomprehensiveincomelosspensionandotherpostretirementbenefitplansadjustmentnetoftax": -2200000,
        "othercomprehensiveincomelossnetoftax": 372000000,
        "comprehensiveincomenetoftax": 1574400000,
        "othercomprehensiveincomelossforeigncurrencytranslationadjustmenttax": -67000000,
        "othercomprehensiveincomelossderivativesqualifyingashedgestax": -11000000,
        "othercomprehensiveincomelosspensionandotherpostretirementbenefitplanstax": 0
    },
    {
        "date": "2015-03-30",
        "symbol": "MCD",
        "period": "Q1",
        "salesrevenuegoodsnet": 3914100000,
        "franchiserevenue": 2044800000,
        "revenues": 2164200000,
        "companyoperatedrestaurantexpenses": 3354300000,
        "franchisecosts": 403600000,
        "sellinggeneralandadministrativeexpense": 582800000,
        "otheroperatingincomeexpensenet": -232700000,
        "costsandexpenses": 4573400000,
        "operatingincomeloss": 600900000,
        "interestexpense": 147300000,
        "nonoperatingincomeexpense": 15900000,
        "incomelossfromcontinuingoperationsbeforeincometaxes": 1254100000,
        "incometaxexpensebenefit": 442600000,
        "netincomeloss": 811500000,
        "earningspersharebasic": 0.84,
        "earningspersharediluted": 0.84,
        "commonstockdividendspersharedeclared": 0.85,
        "weightedaveragenumberofsharesoutstandingbasic": 960600000,
        "weightedaveragenumberofdilutedsharesoutstanding": 965500000,
        "othercomprehensiveincomeforeigncurrencytransactionandtranslationgainlossarisingduringperiodnetoftax": -979700000,
        "othercomprehensiveincomelossforeigncurrencytransactionandtranslationadjustmentnetoftax": -979700000,
        "othercomprehensiveincomeunrealizedgainlossonderivativesarisingduringperiodnetoftax": 22200000,
        "othercomprehensiveincomelossreclassificationadjustmentfromaocionderivativesnetoftax": 5300000,
        "othercomprehensiveincomelossderivativesqualifyingashedgesnetoftax": 16900000,
        "othercomprehensiveincomelosspensionandotherpostretirementbenefitplansadjustmentbeforereclassificationadjustmentsnetoftax": 1400000,
        "othercomprehensiveincomelossreclassificationadjustmentfromaocipensionandotherpostretirementbenefitplansfornetgainlossnetoftax": -1900000,
        "othercomprehensiveincomelosspensionandotherpostretirementbenefitplansadjustmentnetoftax": -500000,
        "othercomprehensiveincomelossnetoftax": -962300000,
        "comprehensiveincomenetoftax": -150800000,
        "othercomprehensiveincomelossforeigncurrencytranslationadjustmenttax": 159900000,
        "othercomprehensiveincomelossderivativesqualifyingashedgestax": 9500000,
        "othercomprehensiveincomelosspensionandotherpostretirementbenefitplanstax": 600000
    },
    {
        "date": "2014-12-30",
        "symbol": "MCD",
        "period": "Q4",
        "netincomeloss": 1097500000,
        "othercomprehensiveincomeforeigncurrencytransactionandtranslationgainlossarisingduringperiodnetoftax": -893900000,
        "othercomprehensiveincomelossforeigncurrencytransactionandtranslationadjustmentnetoftax": -893900000,
        "othercomprehensiveincomeunrealizedgainlossonderivativesarisingduringperiodnetoftax": 7100000,
        "othercomprehensiveincomelossreclassificationadjustmentfromaocionderivativesnetoftax": 600000,
        "othercomprehensiveincomelossderivativesqualifyingashedgesnetoftax": 6500000,
        "othercomprehensiveincomelossreclassificationadjustmentfromaocipensionandotherpostretirementbenefitplansfornetgainlossnetoftax": 2900000,
        "othercomprehensiveincomelosspensionandotherpostretirementbenefitplansadjustmentnetoftax": 36000000,
        "othercomprehensiveincomelossnetoftax": -932500000,
        "comprehensiveincomenetoftax": 174100000,
        "othercomprehensiveincomelossforeigncurrencytranslationadjustmenttax": 102800000,
        "othercomprehensiveincomelossderivativesqualifyingashedgestax": 3600000,
        "salesrevenuegoodsnet": 4296700000,
        "franchiserevenue": 2275500000,
        "revenues": 6263800000,
        "franchisecosts": 421400000,
        "sellinggeneralandadministrativeexpense": 662500000,
        "otheroperatingincomeexpensenet": -59900000,
        "costsandexpenses": 4820500000,
        "operatingincomeloss": 3202000000,
        "interestexpense": 147800000,
        "nonoperatingincomeexpense": -7800000,
        "incomelossfromcontinuingoperationsbeforeincometaxes": 1596100000,
        "incometaxexpensebenefit": 498600000,
        "earningspersharebasic": 1.1299999999999988,
        "earningspersharediluted": 1.1300000000000003,
        "commonstockdividendspersharedeclared": 0,
        "weightedaveragenumberofsharesoutstandingbasic": -4700000,
        "weightedaveragenumberofdilutedsharesoutstanding": -4800000
    },
    {
        "date": "2014-09-29",
        "symbol": "MCD",
        "period": "Q3",
        "salesrevenuegoodsnet": 4596200000,
        "franchiserevenue": 2390900000,
        "revenues": 1530500000,
        "companyoperatedrestaurantexpenses": 3874700000,
        "franchisecosts": 431200000,
        "sellinggeneralandadministrativeexpense": 575800000,
        "otheroperatingincomeexpensenet": -32900000,
        "costsandexpenses": 4914600000,
        "operatingincomeloss": -1527900000,
        "interestexpense": 149300000,
        "nonoperatingincomeexpense": -2100000,
        "incomelossfromcontinuingoperationsbeforeincometaxes": 1921100000,
        "incometaxexpensebenefit": 852700000,
        "netincomeloss": 1068400000,
        "earningspersharebasic": 1.1000000000000003,
        "earningspersharediluted": 1.08,
        "commonstockdividendspersharedeclared": 1.6599999999999997,
        "weightedaveragenumberofsharesoutstandingbasic": -3300000,
        "weightedaveragenumberofdilutedsharesoutstanding": -3500000,
        "othercomprehensiveincomeforeigncurrencytransactionandtranslationgainlossarisingduringperiodnetoftax": -1168900000,
        "othercomprehensiveincomelossforeigncurrencytransactionandtranslationreclassificationadjustmentfromaocirealizeduponsaleorliquidationnetoftax": 0,
        "othercomprehensiveincomelossforeigncurrencytransactionandtranslationadjustmentnetoftax": -1168900000,
        "othercomprehensiveincomeunrealizedgainlossonderivativesarisingduringperiodnetoftax": 19500000,
        "othercomprehensiveincomelossreclassificationadjustmentfromaocionderivativesnetoftax": 100000,
        "othercomprehensiveincomelossderivativesqualifyingashedgesnetoftax": 19400000,
        "othercomprehensiveincomelossreclassificationadjustmentfromaocipensionandotherpostretirementbenefitplansfornetgainlossnetoftax": -1300000,
        "othercomprehensiveincomelosspensionandotherpostretirementbenefitplansadjustmentnetoftax": -1300000,
        "othercomprehensiveincomelossnetoftax": -1148200000,
        "comprehensiveincomenetoftax": -79800000,
        "othercomprehensiveincomelossforeigncurrencytranslationadjustmenttax": 110400000,
        "othercomprehensiveincomelossderivativesqualifyingashedgestax": 11800000
    },
    {
        "date": "2014-06-29",
        "symbol": "MCD",
        "period": "Q2",
        "salesrevenuegoodsnet": 4785900000,
        "franchiserevenue": 2395800000,
        "revenues": 1229000000,
        "companyoperatedrestaurantexpenses": 3969800000,
        "franchisecosts": 427600000,
        "sellinggeneralandadministrativeexpense": 629200000,
        "otheroperatingincomeexpensenet": 33900000,
        "costsandexpenses": 4992700000,
        "operatingincomeloss": 853600000,
        "interestexpense": 137900000,
        "nonoperatingincomeexpense": 20400000,
        "incomelossfromcontinuingoperationsbeforeincometaxes": 2071500000,
        "incometaxexpensebenefit": 684400000,
        "netincomeloss": 1387100000,
        "earningspersharebasic": 1.4000000000000001,
        "earningspersharediluted": 1.4,
        "commonstockdividendspersharedeclared": 0.81,
        "weightedaveragenumberofsharesoutstandingbasic": -1100000,
        "weightedaveragenumberofdilutedsharesoutstanding": -1300000,
        "othercomprehensiveincomeforeigncurrencytransactionandtranslationgainlossarisingduringperiodnetoftax": 113500000,
        "othercomprehensiveincomelossforeigncurrencytransactionandtranslationreclassificationadjustmentfromaocirealizeduponsaleorliquidationnetoftax": -2100000,
        "othercomprehensiveincomelossforeigncurrencytransactionandtranslationadjustmentnetoftax": 115600000,
        "othercomprehensiveincomeunrealizedgainlossonderivativesarisingduringperiodnetoftax": -16700000,
        "othercomprehensiveincomelossreclassificationadjustmentfromaocionderivativesnetoftax": -7300000,
        "othercomprehensiveincomelossderivativesqualifyingashedgesnetoftax": -9400000,
        "othercomprehensiveincomelosspensionandotherpostretirementbenefitplansadjustmentbeforereclassificationadjustmentsnetoftax": 0,
        "othercomprehensiveincomelossreclassificationadjustmentfromaocipensionandotherpostretirementbenefitplansfornetgainlossnetoftax": -1400000,
        "othercomprehensiveincomelosspensionandotherpostretirementbenefitplansadjustmentnetoftax": -1400000,
        "othercomprehensiveincomelossnetoftax": 107600000,
        "comprehensiveincomenetoftax": 1494700000,
        "othercomprehensiveincomelossforeigncurrencytranslationadjustmenttax": 200000,
        "othercomprehensiveincomelossderivativesqualifyingashedgestax": -4400000,
        "othercomprehensiveincomelosspensionandotherpostretirementbenefitplanstax": 0
    },
    {
        "date": "2014-03-30",
        "symbol": "MCD",
        "period": "Q1",
        "salesrevenuegoodsnet": 4490500000,
        "franchiserevenue": 2209800000,
        "revenues": 2054100000,
        "companyoperatedrestaurantexpenses": 3767100000,
        "franchisecosts": 417100000,
        "sellinggeneralandadministrativeexpense": 620400000,
        "otheroperatingincomeexpensenet": 40300000,
        "costsandexpenses": 4764300000,
        "operatingincomeloss": 752500000,
        "interestexpense": 135500000,
        "nonoperatingincomeexpense": -17200000,
        "incomelossfromcontinuingoperationsbeforeincometaxes": 1783300000,
        "incometaxexpensebenefit": 578500000,
        "netincomeloss": 1204800000,
        "earningspersharebasic": 1.22,
        "earningspersharediluted": 1.21,
        "commonstockdividendspersharedeclared": 0.81,
        "weightedaveragenumberofsharesoutstandingbasic": 989600000,
        "weightedaveragenumberofdilutedsharesoutstanding": 995900000,
        "othercomprehensiveincomeforeigncurrencytransactionandtranslationgainlossarisingduringperiodnetoftax": -22300000,
        "othercomprehensiveincomelossforeigncurrencytransactionandtranslationreclassificationadjustmentfromaocirealizeduponsaleorliquidationnetoftax": -13100000,
        "othercomprehensiveincomelossforeigncurrencytransactionandtranslationadjustmentnetoftax": -9200000,
        "othercomprehensiveincomeunrealizedgainlossonderivativesarisingduringperiodnetoftax": 30200000,
        "othercomprehensiveincomelossreclassificationadjustmentfromaocionderivativesnetoftax": 13400000,
        "othercomprehensiveincomelossderivativesqualifyingashedgesnetoftax": 16800000,
        "othercomprehensiveincomelosspensionandotherpostretirementbenefitplansadjustmentbeforereclassificationadjustmentsnetoftax": -6500000,
        "othercomprehensiveincomelossreclassificationadjustmentfromaocipensionandotherpostretirementbenefitplansfornetgainlossnetoftax": -2600000,
        "othercomprehensiveincomelosspensionandotherpostretirementbenefitplansadjustmentnetoftax": -9100000,
        "othercomprehensiveincomelossnetoftax": 16700000,
        "comprehensiveincomenetoftax": 1221500000,
        "othercomprehensiveincomelossforeigncurrencytranslationadjustmenttax": -17400000,
        "othercomprehensiveincomelossderivativesqualifyingashedgestax": 7200000,
        "othercomprehensiveincomelosspensionandotherpostretirementbenefitplanstax": -4400000
    },
    {
        "date": "2013-12-30",
        "symbol": "MCD",
        "period": "Q4",
        "netincomeloss": 1397000000,
        "othercomprehensiveincomeforeigncurrencytransactionandtranslationgainlossarisingduringperiodnetoftax": -26300000,
        "othercomprehensiveincomelossforeigncurrencytransactionandtranslationadjustmentnetoftax": -26300000,
        "othercomprehensiveincomeunrealizedgainlossonderivativesarisingduringperiodnetoftax": -25500000,
        "othercomprehensiveincomelossderivativesqualifyingashedgesnetoftax": -10300000,
        "othercomprehensiveincomelosspensionandotherpostretirementbenefitplansadjustmentnetoftax": 52400000,
        "othercomprehensiveincomelossnetoftax": 400000,
        "comprehensiveincomenetoftax": 1308000000,
        "othercomprehensiveincomelossforeigncurrencytranslationadjustmenttax": 11000000,
        "othercomprehensiveincomelossderivativesqualifyingashedgestax": -5100000,
        "salesrevenuegoodsnet": 4744300000,
        "franchiserevenue": 2348900000,
        "revenues": -1901600000,
        "franchisecosts": 421700000,
        "sellinggeneralandadministrativeexpense": 627800000,
        "otheroperatingincomeexpensenet": 85400000,
        "costsandexpenses": 4892800000,
        "operatingincomeloss": 945000000,
        "interestexpense": 133500000,
        "nonoperatingincomeexpense": -11700000,
        "incomelossfromcontinuingoperationsbeforeincometaxes": 2055200000,
        "incometaxexpensebenefit": 658200000,
        "earningspersharebasic": 1.399999999999999,
        "earningspersharediluted": 1.3899999999999995,
        "commonstockdividendspersharedeclared": 0,
        "weightedaveragenumberofsharesoutstandingbasic": -2100000,
        "weightedaveragenumberofdilutedsharesoutstanding": -2200000
    },
    {
        "date": "2013-09-29",
        "symbol": "MCD",
        "period": "Q3",
        "salesrevenuegoodsnet": 4923100000,
        "franchiserevenue": 2400300000,
        "revenues": 4007900000,
        "companyoperatedrestaurantexpenses": 4004400000,
        "franchisecosts": 408400000,
        "sellinggeneralandadministrativeexpense": 554300000,
        "otheroperatingincomeexpensenet": 60400000,
        "costsandexpenses": 4906700000,
        "operatingincomeloss": 1484500000,
        "interestexpense": 130500000,
        "nonoperatingincomeexpense": -13600000,
        "incomelossfromcontinuingoperationsbeforeincometaxes": 2272600000,
        "incometaxexpensebenefit": 750400000,
        "netincomeloss": 1522200000,
        "earningspersharebasic": 1.5300000000000007,
        "earningspersharediluted": 1.5200000000000002,
        "commonstockdividendspersharedeclared": 1.58,
        "weightedaveragenumberofsharesoutstandingbasic": -1003600000,
        "weightedaveragenumberofdilutedsharesoutstanding": -1011300000,
        "othercomprehensiveincomelossforeigncurrencytranslationadjustmenttax": -57600000,
        "othercomprehensiveincomelossderivativesqualifyingashedgestax": -3500000,
        "othercomprehensiveincomeforeigncurrencytransactionandtranslationgainlossarisingduringperiodnetoftax": 496400000,
        "othercomprehensiveincomelossforeigncurrencytransactionandtranslationadjustmentnetoftax": 496400000,
        "othercomprehensiveincomeunrealizedgainlossonderivativesarisingduringperiodnetoftax": -17600000,
        "othercomprehensiveincomelossderivativesqualifyingashedgesnetoftax": -9200000,
        "othercomprehensiveincomelosspensionandotherpostretirementbenefitplansadjustmentbeforereclassificationadjustmentsnetoftax": 0,
        "othercomprehensiveincomelosspensionandotherpostretirementbenefitplansadjustmentnetoftax": -200000,
        "othercomprehensiveincomelossnetoftax": 487400000,
        "comprehensiveincomenetoftax": 2009600000
    },
    {
        "date": "2013-06-29",
        "symbol": "MCD",
        "period": "Q2",
        "salesrevenuegoodsnet": 4761400000,
        "franchiserevenue": 2322400000,
        "revenues": 2282400000,
        "companyoperatedrestaurantexpenses": 3919500000,
        "franchisecosts": 399100000,
        "sellinggeneralandadministrativeexpense": 607000000,
        "otheroperatingincomeexpensenet": 39500000,
        "costsandexpenses": 4886100000,
        "operatingincomeloss": 967900000,
        "interestexpense": 129800000,
        "nonoperatingincomeexpense": -8000000,
        "incomelossfromcontinuingoperationsbeforeincometaxes": 2059900000,
        "incometaxexpensebenefit": 663400000,
        "netincomeloss": 1396500000,
        "earningspersharebasic": 1.39,
        "earningspersharediluted": 1.38,
        "commonstockdividendspersharedeclared": 0.77,
        "weightedaveragenumberofsharesoutstandingbasic": 1001400000,
        "weightedaveragenumberofdilutedsharesoutstanding": 1008700000,
        "othercomprehensiveincomelossforeigncurrencytranslationadjustmenttax": -7700000,
        "othercomprehensiveincomelossderivativesqualifyingashedgestax": -100000,
        "othercomprehensiveincomelosspensionandotherpostretirementbenefitplanstax": 300000,
        "othercomprehensiveincomeforeigncurrencytransactionandtranslationgainlossarisingduringperiodnetoftax": -363100000,
        "othercomprehensiveincomelossforeigncurrencytransactionandtranslationadjustmentnetoftax": -363100000,
        "othercomprehensiveincomeunrealizedgainlossonderivativesarisingduringperiodnetoftax": -22100000,
        "othercomprehensiveincomelossreclassificationadjustmentfromaocionderivativesnetoftax": 21600000,
        "othercomprehensiveincomelossderivativesqualifyingashedgesnetoftax": -500000,
        "othercomprehensiveincomelosspensionandotherpostretirementbenefitplansadjustmentbeforereclassificationadjustmentsnetoftax": 1100000,
        "othercomprehensiveincomelossreclassificationadjustmentfromaocipensionandotherpostretirementbenefitplansfornetgainlossnetoftax": 100000,
        "othercomprehensiveincomelosspensionandotherpostretirementbenefitplansadjustmentnetoftax": 1000000,
        "othercomprehensiveincomelossnetoftax": -364600000,
        "comprehensiveincomenetoftax": 1031900000
    },
    {
        "date": "2013-03-30",
        "symbol": "MCD",
        "period": "Q1",
        "salesrevenuegoodsnet": 4445400000,
        "franchiserevenue": 2159900000,
        "revenues": 2088500000,
        "companyoperatedrestaurantexpenses": 3726000000,
        "franchisecosts": 395200000,
        "sellinggeneralandadministrativeexpense": 596500000,
        "otheroperatingincomeexpensenet": 61900000,
        "costsandexpenses": 4655800000,
        "operatingincomeloss": 381900000,
        "interestexpense": 128100000,
        "nonoperatingincomeexpense": -4600000,
        "incomelossfromcontinuingoperationsbeforeincometaxes": 1816800000,
        "incometaxexpensebenefit": 546600000,
        "netincomeloss": 1270200000,
        "earningspersharebasic": 1.27,
        "earningspersharediluted": 1.26,
        "commonstockdividendspersharedeclared": 0.77,
        "weightedaveragenumberofsharesoutstandingbasic": 1002700000,
        "weightedaveragenumberofdilutedsharesoutstanding": 1010800000,
        "othercomprehensiveincomelossforeigncurrencytranslationadjustmenttax": 59600000,
        "othercomprehensiveincomelossderivativesqualifyingashedgestax": -2700000,
        "othercomprehensiveincomelosspensionandotherpostretirementbenefitplanstax": -300000,
        "othercomprehensiveincomeforeigncurrencytransactionandtranslationgainlossarisingduringperiodnetoftax": -386400000,
        "othercomprehensiveincomelossforeigncurrencytransactionandtranslationadjustmentnetoftax": -386400000,
        "othercomprehensiveincomeunrealizedgainlossonderivativesarisingduringperiodnetoftax": -8200000,
        "othercomprehensiveincomelossreclassificationadjustmentonderivativesincludedinnetincomenetoftax": -9300000,
        "othercomprehensiveincomelossderivativesqualifyingashedgesnetoftax": -17500000,
        "othercomprehensiveincomelosspensionandotherpostretirementbenefitplansadjustmentbeforereclassificationadjustmentsnetoftax": -1200000,
        "othercomprehensiveincomereclassificationofdefinedbenefitplansnetgainlossrecognizedinnetperiodicbenefitcostnetoftax": 100000,
        "othercomprehensiveincomelosspensionandotherpostretirementbenefitplansadjustmentnetoftax": -1300000,
        "othercomprehensiveincomelossnetoftax": -402600000,
        "comprehensiveincomenetoftax": 867600000
    },
    {
        "date": "2012-09-29",
        "symbol": "MCD",
        "period": "Q3",
        "salesrevenuegoodsnet": 4838400000,
        "franchiserevenue": 2314000000,
        "revenues": 2256500000,
        "companyoperatedrestaurantexpenses": 3914400000,
        "franchisecosts": 383400000,
        "sellinggeneralandadministrativeexpense": 620900000,
        "restructuringsettlementandimpairmentprovisions": 6200000,
        "otheroperatingincomeexpensenet": 59700000,
        "costsandexpenses": 4865200000,
        "operatingincomeloss": 848700000,
        "interestexpense": 128100000,
        "nonoperatingincomeexpense": -5500000,
        "incomelossfromcontinuingoperationsbeforeincometaxes": 2153600000,
        "incometaxexpensebenefit": 698600000,
        "netincomeloss": 1455000000,
        "earningspersharebasic": 1.45,
        "earningspersharediluted": 1.43,
        "commonstockdividendspersharedeclared": 1.47,
        "weightedaveragenumberofsharesoutstandingbasic": 1006100000,
        "weightedaveragenumberofdilutedsharesoutstanding": 1015400000,
        "comprehensiveincomenetoftax": 1779700000
    },
    {
        "date": "2012-06-29",
        "symbol": "MCD",
        "period": "Q2",
        "salesrevenuegoodsnet": 4673500000,
        "franchiserevenue": 2242400000,
        "revenues": 384500000,
        "companyoperatedrestaurantexpenses": 3823800000,
        "franchisecosts": 376200000,
        "sellinggeneralandadministrativeexpense": 617300000,
        "otheroperatingincomeexpensenet": 56400000,
        "costsandexpenses": 4760900000,
        "operatingincomeloss": 16900000,
        "interestexpense": 130000000,
        "nonoperatingincomeexpense": -15100000,
        "incomelossfromcontinuingoperationsbeforeincometaxes": 2009900000,
        "incometaxexpensebenefit": 662900000,
        "netincomeloss": 1347000000,
        "earningspersharebasic": 1.33,
        "earningspersharediluted": 1.32,
        "commonstockdividendspersharedeclared": 0.7,
        "weightedaveragenumberofsharesoutstandingbasic": 1013800000,
        "weightedaveragenumberofdilutedsharesoutstanding": 1023900000,
        "comprehensiveincomenetoftax": 832600000
    },
    {
        "date": "2012-03-30",
        "symbol": "MCD",
        "period": "Q1",
        "salesrevenuegoodsnet": 4432200000,
        "franchiserevenue": 2114400000,
        "revenues": 352200000,
        "companyoperatedrestaurantexpenses": 3654400000,
        "franchisecosts": 374700000,
        "sellinggeneralandadministrativeexpense": 592500000,
        "otheroperatingincomeexpensenet": 39600000,
        "costsandexpenses": 4582000000,
        "operatingincomeloss": 10100000,
        "interestexpense": 128900000,
        "nonoperatingincomeexpense": 11800000,
        "incomelossfromcontinuingoperationsbeforeincometaxes": 1847500000,
        "incometaxexpensebenefit": 580800000,
        "netincomeloss": 1266700000,
        "earningspersharebasic": 1.24,
        "earningspersharediluted": 1.23,
        "commonstockdividendspersharedeclared": 0.7,
        "weightedaveragenumberofsharesoutstandingbasic": 1018200000,
        "weightedaveragenumberofdilutedsharesoutstanding": 1030000000,
        "comprehensiveincomenetoftax": 1616200000
    },
    {
        "date": "2011-09-29",
        "symbol": "MCD",
        "period": "Q3",
        "salesrevenuegoodsnet": 4855500000,
        "franchiserevenue": 2310800000,
        "revenues": 430600000,
        "companyoperatedrestaurantexpenses": 3883300000,
        "franchisecosts": 376200000,
        "sellinggeneralandadministrativeexpense": 580900000,
        "restructuringsettlementandimpairmentprovisions": -6600000,
        "otheroperatingincomeexpensenet": 62200000,
        "costsandexpenses": 4771600000,
        "operatingincomeloss": 59600000,
        "interestexpense": 124000000,
        "nonoperatingincomeexpense": -7500000,
        "incomelossfromcontinuingoperationsbeforeincometaxes": 2263200000,
        "incometaxexpensebenefit": 755900000,
        "netincomeloss": 1507300000,
        "earningspersharebasic": 1.47,
        "earningspersharediluted": 1.45,
        "commonstockdividendspersharedeclared": 1.31,
        "weightedaveragenumberofsharesoutstandingbasic": 1028800000,
        "weightedaveragenumberofdilutedsharesoutstanding": 1041300000
    },
    {
        "date": "2011-06-29",
        "symbol": "MCD",
        "period": "Q2",
        "salesrevenuegoodsnet": 4697400000,
        "franchiserevenue": 2208000000,
        "revenues": 404500000,
        "companyoperatedrestaurantexpenses": 3806800000,
        "franchisecosts": 373000000,
        "sellinggeneralandadministrativeexpense": 588000000,
        "restructuringsettlementandimpairmentprovisions": 2400000,
        "otheroperatingincomeexpensenet": 53900000,
        "costsandexpenses": 4716300000,
        "operatingincomeloss": 38100000,
        "interestexpense": 121800000,
        "nonoperatingincomeexpense": -900000,
        "incomelossfromcontinuingoperationsbeforeincometaxes": 2066400000,
        "incometaxexpensebenefit": 656200000,
        "netincomeloss": 1410200000,
        "earningspersharebasic": 1.36,
        "earningspersharediluted": 1.35,
        "commonstockdividendspersharedeclared": 0.61,
        "weightedaveragenumberofsharesoutstandingbasic": 1035600000,
        "weightedaveragenumberofdilutedsharesoutstanding": 1047700000
    },
    {
        "date": "2011-03-30",
        "symbol": "MCD",
        "period": "Q1",
        "salesrevenuegoodsnet": 4152700000,
        "franchiserevenue": 1958900000,
        "revenues": 345300000,
        "companyoperatedrestaurantexpenses": 3416700000,
        "franchisecosts": 354300000,
        "sellinggeneralandadministrativeexpense": 563600000,
        "otheroperatingincomeexpense": -48900000,
        "costsandexpenses": 4285700000,
        "operatingincomeloss": 9600000,
        "interestexpense": 120100000,
        "nonoperatingincomeexpense": -6900000,
        "incomelossfromcontinuingoperationsbeforeincometaxes": 1698900000,
        "incometaxexpensebenefit": 489900000,
        "netincomeloss": 1209000000,
        "earningspersharebasic": 1.16,
        "earningspersharediluted": 1.15,
        "commonstockdividendspersharedeclared": 0.61,
        "weightedaveragenumberofsharesoutstandingbasic": 1042400000,
        "weightedaveragenumberofdilutedsharesoutstanding": 1054600000
    },
    {
        "date": "2010-09-29",
        "symbol": "MCD",
        "period": "Q3",
        "salesrevenuegoodsnet": 4246600000,
        "franchiserevenue": 2058300000,
        "revenues": 1333300000,
        "companyoperatedrestaurantexpenses": 3354000000,
        "franchisecosts": 344400000,
        "sellinggeneralandadministrativeexpense": 556300000,
        "restructuringsettlementandimpairmentprovisions": 3600000,
        "otheroperatingincomeexpense": 49900000,
        "costsandexpenses": 4208400000,
        "operatingincomeloss": 341100000,
        "interestexpense": 114800000,
        "nonoperatingincomeexpense": -7200000,
        "incomelossfromcontinuingoperationsbeforeincometaxes": 1974500000,
        "incometaxexpensebenefit": 586100000,
        "netincomeloss": 1388400000,
        "earningspersharebasic": 1.31,
        "earningspersharediluted": 1.29,
        "commonstockdividendspersharedeclared": 1.16,
        "weightedaveragenumberofsharesoutstandingbasic": 1061000000,
        "weightedaveragenumberofdilutedsharesoutstanding": 1074900000
    },
    {
        "date": "2010-06-29",
        "symbol": "MCD",
        "period": "Q2",
        "salesrevenuegoodsnet": 4013400000,
        "franchiserevenue": 1932100000,
        "revenues": 1211200000,
        "companyoperatedrestaurantexpenses": 3214800000,
        "franchisecosts": 334300000,
        "sellinggeneralandadministrativeexpense": 564900000,
        "restructuringsettlementandimpairmentprovisions": 6800000,
        "otheroperatingincomeexpense": 20600000,
        "costsandexpenses": 4100200000,
        "operatingincomeloss": 273500000,
        "interestexpense": 108100000,
        "nonoperatingincomeexpense": -1900000,
        "incomelossfromcontinuingoperationsbeforeincometaxes": 1735300000,
        "incometaxexpensebenefit": 509500000,
        "netincomeloss": 1225800000,
        "earningspersharebasic": 1.14,
        "earningspersharediluted": 1.13,
        "commonstockdividendspersharedeclared": 0.55,
        "weightedaveragenumberofsharesoutstandingbasic": 1072100000,
        "weightedaveragenumberofdilutedsharesoutstanding": 1085900000
    },
    {
        "date": "2010-03-30",
        "symbol": "MCD",
        "period": "Q1",
        "salesrevenuegoodsnet": 3803100000,
        "franchiserevenue": 1807000000,
        "revenues": 5610100000,
        "companyoperatedrestaurantexpenses": 3110900000,
        "franchisecosts": 339300000,
        "sellinggeneralandadministrativeexpense": 546300000,
        "restructuringsettlementandimpairmentprovisions": 30800000,
        "otheroperatingincomeexpense": 91300000,
        "costsandexpenses": 3936000000,
        "operatingincomeloss": 1674100000,
        "interestexpense": 111000000,
        "nonoperatingincomeexpense": -6200000,
        "incomelossfromcontinuingoperationsbeforeincometaxes": 1556900000,
        "incometaxexpensebenefit": 467100000,
        "netincomeloss": 1089800000,
        "earningspersharebasic": 1.01,
        "earningspersharediluted": 1,
        "commonstockdividendspersharedeclared": 0.55,
        "weightedaveragenumberofsharesoutstandingbasic": 1076000000,
        "weightedaveragenumberofdilutedsharesoutstanding": 1090100000
    },
    {
        "date": "2009-09-29",
        "symbol": "MCD",
        "period": "Q3",
        "salesrevenuegoodsnet": 4093600000,
        "franchiserevenue": 1953100000,
        "revenues": 6046700000,
        "companyoperatedrestaurantexpenses": 3299800000,
        "franchisecosts": 338600000,
        "sellinggeneralandadministrativeexpense": 549600000,
        "restructuringsettlementandimpairmentprovisions": -1500000,
        "otheroperatingincomeexpense": 72600000,
        "costsandexpenses": 4113900000,
        "operatingincomeloss": 1932800000,
        "interestexpense": 117800000,
        "nonoperatingincomeexpense": 6000000,
        "disposalgroupnotdiscontinuedoperationgainlossondisposal": 600000,
        "incomelossfromcontinuingoperationsbeforeincometaxes": 1821600000,
        "incometaxexpensebenefit": 560600000,
        "netincomeloss": 1261000000,
        "earningspersharebasic": 1.16,
        "earningspersharediluted": 1.15,
        "commonstockdividendspersharedeclared": 1.05,
        "weightedaveragenumberofsharesoutstandingbasic": 1084500000,
        "weightedaveragenumberofdilutedsharesoutstanding": 1098200000
    }
]