[
    {
        "date": "2024-09-29",
        "symbol": "DAL",
        "period": "Q3",
        "revenuefromcontractwithcustomerexcludingassessedtax": -27463000000,
        "laborandrelatedexpense": 4232000000,
        "fuelcosts": 2746000000,
        "ancillarybusinessesandrefineryexpenses": 1250000000,
        "professionalandcontractservicesexpense": 1069000000,
        "landingfeesandotherrentals": 833000000,
        "aircraftmaintenancematerialsandrepairs": 627000000,
        "depreciationdepletionandamortization": 643000000,
        "sellingandmarketingexpense": 643000000,
        "airlinecapacitypurchasearrangements": 601000000,
        "costofservicescatering": 463000000,
        "otherlaborrelatedexpenses": 320000000,
        "aircraftrental": 137000000,
        "othercostandexpenseoperating": 717000000,
        "costsandexpenses": 14281000000,
        "operatingincomeloss": 1397000000,
        "equitysecuritiesfvnigainloss": 350000000,
        "gainslossesonextinguishmentofdebt": 0,
        "othernonoperatingincomeexpense": -12000000,
        "nonoperatingincomeexpense": 164000000,
        "incomelossfromcontinuingoperationsbeforeincometaxesextraordinaryitemsnoncontrollinginterest": 1561000000,
        "incometaxexpensebenefit": 289000000,
        "netincomeloss": 1272000000,
        "earningspersharebasic": 1.98,
        "earningspersharediluted": 1.9700000000000002,
        "comprehensiveincomenetoftax": 1321000000
    },
    {
        "date": "2024-06-29",
        "symbol": "DAL",
        "period": "Q2",
        "revenuefromcontractwithcustomerexcludingassessedtax": 13841000000,
        "laborandrelatedexpense": 4012000000,
        "fuelcosts": 2813000000,
        "ancillarybusinessesandrefineryexpenses": 1463000000,
        "professionalandcontractservicesexpense": 1041000000,
        "landingfeesandotherrentals": 766000000,
        "aircraftmaintenancematerialsandrepairs": 684000000,
        "depreciationdepletionandamortization": 620000000,
        "sellingandmarketingexpense": 672000000,
        "airlinecapacitypurchasearrangements": 580000000,
        "costofservicescatering": 463000000,
        "otherlaborrelatedexpenses": 519000000,
        "aircraftrental": 138000000,
        "othercostandexpenseoperating": 620000000,
        "costsandexpenses": 14391000000,
        "operatingincomeloss": 2267000000,
        "interestincomeexpensenonoperatingnet": -188000000,
        "equitysecuritiesfvnigainloss": -196000000,
        "gainslossesonextinguishmentofdebt": -32000000,
        "othernonoperatingincomeexpense": -78000000,
        "nonoperatingincomeexpense": -494000000,
        "incomelossfromcontinuingoperationsbeforeincometaxesextraordinaryitemsnoncontrollinginterest": 1773000000,
        "incometaxexpensebenefit": 468000000,
        "netincomeloss": 1305000000,
        "earningspersharebasic": 2.04,
        "earningspersharediluted": 2.01,
        "comprehensiveincomenetoftax": 1358000000
    },
    {
        "date": "2024-03-30",
        "symbol": "DAL",
        "period": "Q1",
        "revenuefromcontractwithcustomerexcludingassessedtax": 11131000000,
        "laborandrelatedexpense": 3791000000,
        "fuelcosts": 2598000000,
        "ancillarybusinessesandrefineryexpenses": 1370000000,
        "professionalandcontractservicesexpense": 1024000000,
        "landingfeesandotherrentals": 748000000,
        "aircraftmaintenancematerialsandrepairs": 679000000,
        "depreciationdepletionandamortization": 615000000,
        "airlinecapacitypurchasearrangements": 550000000,
        "sellingandmarketingexpense": 550000000,
        "costofservicescatering": 413000000,
        "aircraftrental": 136000000,
        "otherlaborrelatedexpenses": 125000000,
        "othercostandexpenseoperating": 535000000,
        "costsandexpenses": 13134000000,
        "operatingincomeloss": 614000000,
        "interestincomeexpensenet": -205000000,
        "equitysecuritiesfvnigainloss": -227000000,
        "gainslossesonextinguishmentofdebt": -4000000,
        "othernonoperatingincomeexpense": -56000000,
        "nonoperatingincomeexpense": -492000000,
        "incomelossfromcontinuingoperationsbeforeincometaxesextraordinaryitemsnoncontrollinginterest": 122000000,
        "incometaxexpensebenefit": 85000000,
        "netincomeloss": 37000000,
        "earningspersharebasic": 0.06,
        "earningspersharediluted": 0.06,
        "comprehensiveincomenetoftax": 89000000
    },
    {
        "date": "2023-12-30",
        "symbol": "DAL",
        "period": "Q4",
        "revenuefromcontractwithcustomerexcludingassessedtax": 50255000000,
        "laborandrelatedexpense": 3769000000,
        "fuelcosts": 2941000000,
        "ancillarybusinessesandrefineryexpenses": 745000000,
        "professionalandcontractservicesexpense": 1032000000,
        "landingfeesandotherrentals": 683000000,
        "aircraftmaintenancematerialsandrepairs": 572000000,
        "depreciationdepletionandamortization": 610000000,
        "sellingandmarketingexpense": 564000000,
        "airlinecapacitypurchasearrangements": 536000000,
        "costofservicescatering": 443000000,
        "otherlaborrelatedexpenses": 299000000,
        "aircraftrental": 137000000,
        "othercostandexpenseoperating": 570000000,
        "costsandexpenses": 12901000000,
        "operatingincomeloss": 1322000000,
        "interestincomeexpensenet": -207000000,
        "equitysecuritiesfvnigainloss": 1218000000,
        "gainslossesonextinguishmentofdebt": 0,
        "netperiodicdefinedbenefitsexpensereversalofexpenseexcludingservicecostcomponent": 61000000,
        "othernonoperatingincomeexpense": 3000000,
        "nonoperatingincomeexpense": 953000000,
        "incomelossfromcontinuingoperationsbeforeincometaxesextraordinaryitemsnoncontrollinginterest": 2275000000,
        "incometaxexpensebenefit": 238000000,
        "netincomeloss": 2037000000,
        "earningspersharebasic": 3.1799999999999997,
        "earningspersharediluted": 3.1699999999999995,
        "comprehensiveincomenetoftax": 1852000000
    },
    {
        "date": "2023-09-29",
        "symbol": "DAL",
        "period": "Q3",
        "revenuefromcontractwithcustomerexcludingassessedtax": -1131000000,
        "laborandrelatedexpense": 3760000000,
        "fuelcosts": 2936000000,
        "ancillarybusinessesandrefineryexpenses": 1129000000,
        "professionalandcontractservicesexpense": 1005000000,
        "landingfeesandotherrentals": 679000000,
        "aircraftmaintenancematerialsandrepairs": 661000000,
        "sellingandmarketingexpense": 618000000,
        "depreciationdepletionandamortization": 1777000000,
        "airlinecapacitypurchasearrangements": 547000000,
        "costofservicescatering": 448000000,
        "otherlaborrelatedexpenses": 417000000,
        "aircraftrental": 131000000,
        "othercostandexpenseoperating": 579000000,
        "costsandexpenses": 13504000000,
        "operatingincomeloss": 3933000000,
        "interestincomeexpensenet": -635000000,
        "equitysecuritiesfvnigainloss": -206000000,
        "gainslossesonextinguishmentofdebt": -13000000,
        "netperiodicdefinedbenefitsexpensereversalofexpenseexcludingservicecostcomponent": 61000000,
        "othernonoperatingincomeexpense": 14000000,
        "nonoperatingincomeexpense": -463000000,
        "incomelossfromcontinuingoperationsbeforeincometaxesextraordinaryitemsnoncontrollinginterest": 1521000000,
        "incometaxexpensebenefit": 413000000,
        "netincomeloss": 1108000000,
        "earningspersharebasic": 1.7400000000000002,
        "earningspersharediluted": 1.7200000000000002,
        "comprehensiveincomenetoftax": 1157000000
    },
    {
        "date": "2023-06-29",
        "symbol": "DAL",
        "period": "Q2",
        "revenuefromcontractwithcustomerexcludingassessedtax": -89000000,
        "laborandrelatedexpense": 3692000000,
        "fuelcosts": 2516000000,
        "ancillarybusinessesandrefineryexpenses": 1173000000,
        "professionalandcontractservicesexpense": 994000000,
        "landingfeesandotherrentals": 617000000,
        "aircraftmaintenancematerialsandrepairs": 614000000,
        "sellingandmarketingexpense": 652000000,
        "depreciationdepletionandamortization": -23000000,
        "airlinecapacitypurchasearrangements": 558000000,
        "pilotagreementandrelatedexpenses": 0,
        "costofservicescatering": 443000000,
        "otherlaborrelatedexpenses": 595000000,
        "aircraftrental": 132000000,
        "othercostandexpenseoperating": 527000000,
        "costsandexpenses": 13086000000,
        "operatingincomeloss": 44000000,
        "interestincomeexpensenet": 4000000,
        "equitysecuritiesfvnigainloss": 129000000,
        "gainslossesonextinguishmentofdebt": -28000000,
        "netperiodicdefinedbenefitsexpensereversalofexpenseexcludingservicecostcomponent": 61000000,
        "othernonoperatingincomeexpense": -11000000,
        "nonoperatingincomeexpense": -174000000,
        "incomelossfromcontinuingoperationsbeforeincometaxesextraordinaryitemsnoncontrollinginterest": 2318000000,
        "incometaxexpensebenefit": 491000000,
        "netincomeloss": 1827000000,
        "earningspersharebasic": 2.86,
        "earningspersharediluted": 2.8499999999999996,
        "comprehensiveincomenetoftax": 1872000000
    },
    {
        "date": "2023-03-30",
        "symbol": "DAL",
        "period": "Q1",
        "revenuefromcontractwithcustomerexcludingassessedtax": -126000000,
        "laborandrelatedexpense": 3386000000,
        "fuelcosts": 2676000000,
        "ancillarybusinessesandrefineryexpenses": 1125000000,
        "professionalandcontractservicesexpense": 1010000000,
        "pilotagreementandrelatedexpenses": 864000000,
        "aircraftmaintenancematerialsandrepairs": 585000000,
        "landingfeesandotherrentals": 584000000,
        "depreciationdepletionandamortization": -23000000,
        "airlinecapacitypurchasearrangements": 559000000,
        "sellingandmarketingexpense": 500000000,
        "costofservicescatering": 416000000,
        "aircraftrental": 132000000,
        "otherlaborrelatedexpenses": 72000000,
        "othercostandexpenseoperating": 563000000,
        "costsandexpenses": 13036000000,
        "operatingincomeloss": 222000000,
        "interestincomeexpensenet": 4000000,
        "equitysecuritiesfvnigainloss": 122000000,
        "gainslossesonextinguishmentofdebt": -22000000,
        "netperiodicdefinedbenefitsexpensereversalofexpenseexcludingservicecostcomponent": 61000000,
        "othernonoperatingincomeexpense": -41000000,
        "nonoperatingincomeexpense": -229000000,
        "incomelossfromcontinuingoperationsbeforeincometaxesextraordinaryitemsnoncontrollinginterest": -506000000,
        "incometaxexpensebenefit": -143000000,
        "netincomeloss": -363000000,
        "earningspersharebasic": -0.57,
        "earningspersharediluted": -0.57,
        "comprehensiveincomenetoftax": -316000000
    },
    {
        "date": "2022-12-30",
        "symbol": "DAL",
        "period": "Q4",
        "revenuefromcontractwithcustomerexcludingassessedtax": -29000000,
        "laborandrelatedexpense": 3071000000,
        "fuelcosts": 2849000000,
        "ancillarybusinessesandrefineryexpenses": 1307000000,
        "professionalandcontractservicesexpense": 920000000,
        "landingfeesandotherrentals": 569000000,
        "depreciationdepletionandamortization": -24000000,
        "airlinecapacitypurchasearrangements": 504000000,
        "aircraftmaintenancematerialsandrepairs": 508000000,
        "sellingandmarketingexpense": 507000000,
        "costofservicescatering": 403000000,
        "aircraftrental": 128000000,
        "othercostandexpenseoperating": 494000000,
        "costsandexpenses": 11966000000,
        "operatingincomeloss": 263000000,
        "interestincomeexpensenet": 5000000,
        "equitysecuritiesfvnigainloss": -170000000,
        "gainslossesonextinguishmentofdebt": 0,
        "netperiodicdefinedbenefitsexpensereversalofexpenseexcludingservicecostcomponent": -73000000,
        "othernonoperatingincomeexpense": -3000000,
        "nonoperatingincomeexpense": -350000000,
        "incomelossfromcontinuingoperationsbeforeincometaxesextraordinaryitemsnoncontrollinginterest": 1119000000,
        "incometaxexpensebenefit": 291000000,
        "netincomeloss": 828000000,
        "earningspersharebasic": 1.3099999999999998,
        "earningspersharediluted": 1.31,
        "comprehensiveincomenetoftax": 1973000000
    },
    {
        "date": "2022-09-29",
        "symbol": "DAL",
        "period": "Q3",
        "revenuefromcontractwithcustomerexcludingassessedtax": -127000000,
        "laborandrelatedexpense": 3050000000,
        "fuelcosts": 3318000000,
        "ancillarybusinessesandrefineryexpenses": 1349000000,
        "professionalandcontractservicesexpense": 881000000,
        "landingfeesandotherrentals": 562000000,
        "depreciationdepletionandamortization": -23000000,
        "airlinecapacitypurchasearrangements": 528000000,
        "aircraftmaintenancematerialsandrepairs": 487000000,
        "sellingandmarketingexpense": 546000000,
        "costofservicescatering": 406000000,
        "aircraftrental": 131000000,
        "otherlaborrelatedexpenses": 237000000,
        "othercostandexpenseoperating": 486000000,
        "costsandexpenses": 12519000000,
        "operatingincomeloss": 192000000,
        "interestincomeexpensenet": 3000000,
        "incomelossfromequitymethodinvestmentsandotherthantemporaryimpairment": 4000000,
        "equitysecuritiesfvnigainloss": -245000000,
        "gainslossesonextinguishmentofdebt": -34000000,
        "netperiodicdefinedbenefitsexpensereversalofexpenseexcludingservicecostcomponent": -73000000,
        "othernonoperatingincomeexpense": -44000000,
        "nonoperatingincomeexpense": -494000000,
        "incomelossfromcontinuingoperationsbeforeincometaxesextraordinaryitemsnoncontrollinginterest": 962000000,
        "incometaxexpensebenefit": 267000000,
        "netincomeloss": 695000000,
        "earningspersharebasic": 1.09,
        "earningspersharediluted": 1.08,
        "comprehensiveincomenetoftax": 757000000
    },
    {
        "date": "2022-06-29",
        "symbol": "DAL",
        "period": "Q2",
        "revenuefromcontractwithcustomerexcludingassessedtax": -96000000,
        "laborandrelatedexpense": 2955000000,
        "fuelcosts": 3223000000,
        "ancillarybusinessesandrefineryexpenses": 1718000000,
        "professionalandcontractservicesexpense": 791000000,
        "landingfeesandotherrentals": 546000000,
        "airlinecapacitypurchasearrangements": 528000000,
        "depreciationdepletionandamortization": -23000000,
        "aircraftmaintenancematerialsandrepairs": 522000000,
        "sellingandmarketingexpense": 526000000,
        "costofservicescatering": 369000000,
        "aircraftrental": 127000000,
        "otherlaborrelatedexpenses": 54000000,
        "othercostandexpenseoperating": 436000000,
        "costsandexpenses": 12305000000,
        "operatingincomeloss": 269000000,
        "interestincomeexpensenet": 2000000,
        "incomelossfromequitymethodinvestmentsandotherthantemporaryimpairment": -12000000,
        "equitysecuritiesfvnigainloss": -221000000,
        "gainslossesonextinguishmentofdebt": -41000000,
        "netperiodicdefinedbenefitsexpensereversalofexpenseexcludingservicecostcomponent": -73000000,
        "othernonoperatingincomeexpense": -16000000,
        "nonoperatingincomeexpense": -486000000,
        "incomelossfromcontinuingoperationsbeforeincometaxesextraordinaryitemsnoncontrollinginterest": 1033000000,
        "incometaxexpensebenefit": 298000000,
        "netincomeloss": 735000000,
        "earningspersharebasic": 1.15,
        "earningspersharediluted": 1.15,
        "comprehensiveincomenetoftax": 798000000
    },
    {
        "date": "2022-03-30",
        "symbol": "DAL",
        "period": "Q1",
        "revenuefromcontractwithcustomerexcludingassessedtax": -26000000,
        "laborandrelatedexpense": 2826000000,
        "fuelcosts": 2092000000,
        "ancillarybusinessesandrefineryexpenses": 1382000000,
        "professionalandcontractservicesexpense": 753000000,
        "depreciationdepletionandamortization": -23000000,
        "landingfeesandotherrentals": 504000000,
        "airlinecapacitypurchasearrangements": 491000000,
        "aircraftmaintenancematerialsandrepairs": 465000000,
        "sellingandmarketingexpense": 312000000,
        "costofservicescatering": 275000000,
        "aircraftrental": 122000000,
        "restructuringcharges": -5000000,
        "othercostandexpenseoperating": 408000000,
        "costsandexpenses": 10131000000,
        "operatingincomeloss": 53000000,
        "interestincomeexpensenet": 2000000,
        "equitysecuritiesfvnigainloss": -147000000,
        "gainslossesonextinguishmentofdebt": -25000000,
        "netperiodicdefinedbenefitsexpensereversalofexpenseexcludingservicecostcomponent": -73000000,
        "othernonoperatingincomeexpense": -44000000,
        "nonoperatingincomeexpense": -417000000,
        "incomelossfromcontinuingoperationsbeforeincometaxesextraordinaryitemsnoncontrollinginterest": -1200000000,
        "incometaxexpensebenefit": -260000000,
        "netincomeloss": -940000000,
        "earningspersharebasic": -1.48,
        "earningspersharediluted": -1.48,
        "comprehensiveincomenetoftax": -881000000
    },
    {
        "date": "2021-12-30",
        "symbol": "DAL",
        "period": "Q4",
        "revenuefromcontractwithcustomerexcludingassessedtax": -11000000,
        "laborandrelatedexpense": 2632000000,
        "fuelcosts": 1577000000,
        "ancillarybusinessesandrefineryexpenses": 1233000000,
        "professionalandcontractservicesexpense": 697000000,
        "landingfeesandotherrentals": 542000000,
        "depreciationdepletionandamortization": -23000000,
        "airlinecapacitypurchasearrangements": 479000000,
        "aircraftmaintenancematerialsandrepairs": 387000000,
        "sellingandmarketingexpense": 313000000,
        "costofservicescatering": 236000000,
        "aircraftrental": 117000000,
        "grantsrecognizedgovernmentgrants": 1000000,
        "othercostandexpenseoperating": 398000000,
        "costsandexpenses": 9206000000,
        "operatingincomeloss": 184000000,
        "interestincomeexpensenet": -2000000,
        "equitysecuritiesfvnigainloss": -194000000,
        "othernonoperatingincomeexpense": -280000000,
        "nonoperatingincomeexpense": -658000000,
        "incomelossfromcontinuingoperationsbeforeincometaxesextraordinaryitemsnoncontrollinginterest": -395000000,
        "incometaxexpensebenefit": 12000000,
        "netincomeloss": -407000000,
        "earningspersharebasic": -0.6400000000000001,
        "earningspersharediluted": -0.6300000000000003,
        "comprehensiveincomenetoftax": 1263000000
    },
    {
        "date": "2021-09-29",
        "symbol": "DAL",
        "period": "Q3",
        "revenuefromcontractwithcustomerexcludingassessedtax": -12000000,
        "laborandrelatedexpense": 2566000000,
        "fuelcosts": 1552000000,
        "ancillarybusinessesandrefineryexpenses": 1079000000,
        "professionalandcontractservicesexpense": 634000000,
        "depreciationdepletionandamortization": -24000000,
        "landingfeesandotherrentals": 524000000,
        "airlinecapacitypurchasearrangements": 453000000,
        "aircraftmaintenancematerialsandrepairs": 433000000,
        "sellingandmarketingexpense": 308000000,
        "costofservicescatering": 226000000,
        "aircraftrental": 105000000,
        "restructuringcharges": 33000000,
        "grantsrecognizedgovernmentgrants": 1822000000,
        "othercostandexpenseoperating": 357000000,
        "costsandexpenses": 6949000000,
        "operatingincomeloss": 97000000,
        "interestincomeexpensenet": -2000000,
        "incomelossfromequitymethodinvestmentsandotherthantemporaryimpairment": -49000000,
        "equitysecuritiesfvnigainloss": -223000000,
        "gainslossesonextinguishmentofdebt": -17000000,
        "othernonoperatingincomeexpense": 96000000,
        "nonoperatingincomeexpense": -673000000,
        "incomelossfromcontinuingoperationsbeforeincometaxesextraordinaryitemsnoncontrollinginterest": 1532000000,
        "incometaxexpensebenefit": 320000000,
        "netincomeloss": 1212000000,
        "earningspersharebasic": 1.9,
        "earningspersharediluted": 1.89,
        "comprehensiveincomenetoftax": 1294000000
    },
    {
        "date": "2021-06-29",
        "symbol": "DAL",
        "period": "Q2",
        "revenuefromcontractwithcustomerexcludingassessedtax": 5339000000,
        "laborandrelatedexpense": 2328000000,
        "fuelcosts": 1487000000,
        "ancillarybusinessesandrefineryexpenses": 939000000,
        "professionalandcontractservicesexpense": 570000000,
        "depreciationdepletionandamortization": 501000000,
        "landingfeesandotherrentals": 460000000,
        "airlinecapacitypurchasearrangements": 403000000,
        "aircraftmaintenancematerialsandrepairs": 287000000,
        "sellingandmarketingexpense": 222000000,
        "costofservicescatering": 176000000,
        "aircraftrental": 104000000,
        "grantsrecognizedgovernmentgrants": 1503000000,
        "othercostandexpenseoperating": 328000000,
        "costsandexpenses": 6310000000,
        "operatingincomeloss": 816000000,
        "interestincomeexpensenet": -339000000,
        "incomelossfromequitymethodinvestmentsandotherthantemporaryimpairment": 0,
        "equitysecuritiesfvnigainloss": 211000000,
        "othernonoperatingincomeexpense": 88000000,
        "nonoperatingincomeexpense": -40000000,
        "incomelossfromcontinuingoperationsbeforeincometaxesextraordinaryitemsnoncontrollinginterest": 776000000,
        "incometaxexpensebenefit": 124000000,
        "netincomeloss": 652000000,
        "earningspersharebasic": 1.0300000000000002,
        "earningspersharediluted": 1.0300000000000002,
        "comprehensiveincomenetoftax": 730000000
    },
    {
        "date": "2021-03-30",
        "symbol": "DAL",
        "period": "Q1",
        "revenuefromcontractwithcustomerexcludingassessedtax": 2748000000,
        "laborandrelatedexpense": 2202000000,
        "fuelcosts": 1017000000,
        "ancillarybusinessesandrefineryexpenses": 706000000,
        "professionalandcontractservicesexpense": 519000000,
        "landingfeesandotherrentals": 493000000,
        "depreciationdepletionandamortization": 492000000,
        "airlinecapacitypurchasearrangements": 401000000,
        "aircraftmaintenancematerialsandrepairs": 294000000,
        "costofservicescatering": 118000000,
        "sellingandmarketingexpense": 110000000,
        "aircraftrental": 104000000,
        "restructuringreserveaccrualadjustment1": -44000000,
        "grantsrecognizedgovernmentgrants": 1186000000,
        "othercostandexpenseoperating": 322000000,
        "costsandexpenses": 5548000000,
        "operatingincomeloss": -1398000000,
        "interestincomeexpensenet": -361000000,
        "incomelossfromequitymethodinvestmentsandotherthantemporaryimpairment": -54000000,
        "equitysecuritiesfvnigainloss": 262000000,
        "othernonoperatingincomeexpense": 36000000,
        "nonoperatingincomeexpense": -117000000,
        "incomelossfromcontinuingoperationsbeforeincometaxesextraordinaryitemsnoncontrollinginterest": -1515000000,
        "incometaxexpensebenefit": -338000000,
        "netincomeloss": -1177000000,
        "earningspersharebasic": -1.85,
        "earningspersharediluted": -1.85,
        "comprehensiveincomenetoftax": -1099000000
    },
    {
        "date": "2020-12-30",
        "symbol": "DAL",
        "period": "Q4",
        "revenuefromcontractwithcustomerexcludingassessedtax": 2698000000,
        "laborandrelatedexpense": 1940000000,
        "fuelcosts": 723000000,
        "airlinecapacitypurchasearrangements": 591000000,
        "depreciationdepletionandamortization": 499000000,
        "ancillarybusinessesandrefineryexpenses": 604000000,
        "professionalandcontractservicesexpense": 380000000,
        "landingfeesandotherrentals": 323000000,
        "aircraftmaintenancematerialsandrepairs": 204000000,
        "sellingandmarketingexpense": 84000000,
        "costofservicescatering": 90000000,
        "aircraftrental": 104000000,
        "othercostandexpenseoperating": 219000000,
        "costsandexpenses": 4831000000,
        "operatingincomeloss": -858000000,
        "interestincomeexpensenet": -365000000,
        "gainlossoninvestments": 94000000,
        "othernonoperatingincomeexpense": 21000000,
        "nonoperatingincomeexpense": -250000000,
        "incomelossfromcontinuingoperationsbeforeincometaxesextraordinaryitemsnoncontrollinginterest": -1108000000,
        "incometaxexpensebenefit": -353000000,
        "netincomeloss": -755000000,
        "earningspersharebasic": -1.1899999999999977,
        "earningspersharediluted": -1.1899999999999977,
        "comprehensiveincomenetoftax": -1854000000
    },
    {
        "date": "2020-09-29",
        "symbol": "DAL",
        "period": "Q3",
        "revenuefromcontractwithcustomerexcludingassessedtax": 1938000000,
        "laborandrelatedexpense": 1956000000,
        "fuelcosts": 486000000,
        "airlinecapacitypurchasearrangements": 489000000,
        "depreciationdepletionandamortization": 545000000,
        "professionalandcontractservicesexpense": 379000000,
        "landingfeesandotherrentals": 378000000,
        "ancillarybusinessesandrefineryexpenses": 561000000,
        "aircraftmaintenancematerialsandrepairs": 106000000,
        "sellingandmarketingexpense": 95000000,
        "costofservicescatering": 88000000,
        "aircraftrental": 99000000,
        "othercostandexpenseoperating": 237000000,
        "costsandexpenses": 9448000000,
        "operatingincomeloss": -6386000000,
        "interestincomeexpensenet": -291000000,
        "gainlossoninvestments": -95000000,
        "othernonoperatingincomeexpense": 28000000,
        "nonoperatingincomeexpense": -472000000,
        "incomelossfromcontinuingoperationsbeforeincometaxesextraordinaryitemsnoncontrollinginterest": -6858000000,
        "incometaxexpensebenefit": -1479000000,
        "netincomeloss": -5379000000,
        "earningspersharebasic": -8.47,
        "earningspersharediluted": -8.47,
        "comprehensiveincomenetoftax": -5381000000
    },
    {
        "date": "2020-06-29",
        "symbol": "DAL",
        "period": "Q2",
        "revenuefromcontractwithcustomerexcludingassessedtax": 678000000,
        "laborandrelatedexpense": 2087000000,
        "fuelcosts": 372000000,
        "airlinecapacitypurchasearrangements": 497000000,
        "depreciationdepletionandamortization": 590000000,
        "professionalandcontractservicesexpense": 344000000,
        "landingfeesandotherrentals": 350000000,
        "ancillarybusinessesandrefineryexpenses": 401000000,
        "aircraftmaintenancematerialsandrepairs": 43000000,
        "sellingandmarketingexpense": 45000000,
        "costofservicescatering": 88000000,
        "aircraftrental": 96000000,
        "othercostandexpenseoperating": 196000000,
        "costsandexpenses": 6283000000,
        "operatingincomeloss": -4815000000,
        "interestincomeexpensenet": -194000000,
        "gainlossoninvestments": 8000000,
        "othernonoperatingincomeexpense": 305000000,
        "nonoperatingincomeexpense": -2199000000,
        "incomelossfromcontinuingoperationsbeforeincometaxesextraordinaryitemsnoncontrollinginterest": -7014000000,
        "incometaxexpensebenefit": -1297000000,
        "netincomeloss": -5717000000,
        "earningspersharebasic": -8.99,
        "earningspersharediluted": -8.99,
        "commonstockdividendspersharedeclared": 0,
        "comprehensiveincomenetoftax": -5756000000
    },
    {
        "date": "2020-03-30",
        "symbol": "DAL",
        "period": "Q1",
        "revenuefromcontractwithcustomerexcludingassessedtax": 7569000000,
        "laborandrelatedexpense": 2771000000,
        "fuelcosts": 1595000000,
        "airlinecapacitypurchasearrangements": 902000000,
        "depreciationdepletionandamortization": 678000000,
        "professionalandcontractservicesexpense": 675000000,
        "aircraftmaintenancematerialsandrepairs": 469000000,
        "landingfeesandotherrentals": 467000000,
        "sellingandmarketingexpense": 358000000,
        "costofservicescatering": 257000000,
        "ancillarybusinessesandrefineryexpenses": 219000000,
        "aircraftrental": 100000000,
        "othercostandexpenseoperating": 511000000,
        "costsandexpenses": 9002000000,
        "operatingincomeloss": -410000000,
        "interestincomeexpensenet": -79000000,
        "gainlossoninvestments": -112000000,
        "othernonoperatingincomeexpense": -6000000,
        "nonoperatingincomeexpense": -197000000,
        "incomelossfromcontinuingoperationsbeforeincometaxesextraordinaryitemsnoncontrollinginterest": -607000000,
        "incometaxexpensebenefit": -73000000,
        "netincomeloss": -534000000,
        "earningspersharebasic": -0.84,
        "earningspersharediluted": -0.84,
        "commonstockdividendspersharedeclared": 0.4,
        "comprehensiveincomenetoftax": -443000000
    },
    {
        "date": "2019-12-30",
        "symbol": "DAL",
        "period": "Q4",
        "revenuefromcontractwithcustomerexcludingassessedtax": 10245000000,
        "laborandrelatedexpense": 2950000000,
        "fuelcosts": 2011000000,
        "airlinecapacitypurchasearrangements": 886000000,
        "professionalandcontractservicesexpense": 667000000,
        "depreciationdepletionandamortization": 622000000,
        "sellingandmarketingexpense": 489000000,
        "landingfeesandotherrentals": 441000000,
        "aircraftmaintenancematerialsandrepairs": 417000000,
        "otherlaborrelatedexpenses": 388000000,
        "costofservicescatering": 313000000,
        "ancillarybusinessesandrefineryexpenses": 299000000,
        "aircraftrental": 104000000,
        "othercostandexpenseoperating": 453000000,
        "operatingincomeloss": 1399000000,
        "interestincomeexpensenet": -73000000,
        "gainlossoninvestments": 136000000,
        "othernonoperatingincomeexpense": -64000000,
        "nonoperatingincomeexpense": -1000000,
        "incomelossfromcontinuingoperationsbeforeincometaxesextraordinaryitemsnoncontrollinginterest": 1398000000,
        "incometaxexpensebenefit": 299000000,
        "netincomeloss": 1099000000,
        "earningspersharebasic": 1.6799999999999997,
        "earningspersharediluted": 1.6900000000000002,
        "commonstockdividendspersharedeclared": 0.4099999999999999,
        "comprehensiveincomenetoftax": 754000000
    },
    {
        "date": "2019-09-29",
        "symbol": "DAL",
        "period": "Q3",
        "revenuefromcontractwithcustomerexcludingassessedtax": 11410000000,
        "laborandrelatedexpense": 2884000000,
        "fuelcosts": 2239000000,
        "airlinecapacitypurchasearrangements": 900000000,
        "professionalandcontractservicesexpense": 685000000,
        "depreciationdepletionandamortization": 631000000,
        "sellingandmarketingexpense": 539000000,
        "aircraftmaintenancematerialsandrepairs": 424000000,
        "landingfeesandotherrentals": 460000000,
        "otherlaborrelatedexpenses": 517000000,
        "ancillarybusinessesandrefineryexpenses": 279000000,
        "costofservicescatering": 345000000,
        "aircraftrental": 110000000,
        "othercostandexpenseoperating": 476000000,
        "operatingexpenses": 10489000000,
        "operatingincomeloss": 2071000000,
        "interestincomeexpensenet": -70000000,
        "gainlossoninvestments": -35000000,
        "othernonoperatingincomeexpense": -19000000,
        "nonoperatingincomeexpense": -124000000,
        "incomelossfromcontinuingoperationsbeforeincometaxesextraordinaryitemsnoncontrollinginterest": 1947000000,
        "incometaxexpensebenefit": 452000000,
        "netincomeloss": 1495000000,
        "earningspersharebasic": 2.32,
        "earningspersharediluted": 2.31,
        "commonstockdividendspersharedeclared": 0.4,
        "comprehensiveincomenetoftax": 1545000000
    },
    {
        "date": "2019-06-29",
        "symbol": "DAL",
        "period": "Q2",
        "revenuefromcontractwithcustomerexcludingassessedtax": 11368000000,
        "laborandrelatedexpense": 2752000000,
        "fuelcosts": 2291000000,
        "airlinecapacitypurchasearrangements": 905000000,
        "depreciationdepletionandamortization": 713000000,
        "professionalandcontractservicesexpense": 657000000,
        "sellingandmarketingexpense": 538000000,
        "aircraftmaintenancematerialsandrepairs": 434000000,
        "landingfeesandotherrentals": 442000000,
        "otherlaborrelatedexpenses": 518000000,
        "ancillarybusinessesandrefineryexpenses": 316000000,
        "costofservicescatering": 322000000,
        "aircraftrental": 107000000,
        "othercostandexpenseoperating": 413000000,
        "operatingexpenses": 10408000000,
        "operatingincomeloss": 2128000000,
        "interestincomeexpensenet": -75000000,
        "gainlossoninvestments": -82000000,
        "othernonoperatingincomeexpense": -64000000,
        "nonoperatingincomeexpense": -221000000,
        "incomelossfromcontinuingoperationsbeforeincometaxesextraordinaryitemsnoncontrollinginterest": 1907000000,
        "incometaxexpensebenefit": 464000000,
        "netincomeloss": 1443000000,
        "earningspersharebasic": 2.22,
        "earningspersharediluted": 2.21,
        "commonstockdividendspersharedeclared": 0.35,
        "comprehensiveincomenetoftax": 1515000000
    },
    {
        "date": "2019-03-30",
        "symbol": "DAL",
        "period": "Q1",
        "revenuefromcontractwithcustomerexcludingassessedtax": 9254000000,
        "laborandrelatedexpense": 2639000000,
        "fuelcosts": 1978000000,
        "airlinecapacitypurchasearrangements": 893000000,
        "professionalandcontractservicesexpense": 632000000,
        "depreciationdepletionandamortization": 615000000,
        "aircraftmaintenancematerialsandrepairs": 476000000,
        "sellingandmarketingexpense": 427000000,
        "landingfeesandotherrentals": 419000000,
        "ancillarybusinessesandrefineryexpenses": 351000000,
        "costofservicescatering": 271000000,
        "otherlaborrelatedexpenses": 220000000,
        "aircraftrental": 102000000,
        "othercostandexpenseoperating": 429000000,
        "operatingexpenses": 9452000000,
        "operatingincomeloss": 1020000000,
        "interestincomeexpensenet": -83000000,
        "gainlossoninvestments": 100000000,
        "othernonoperatingincomeexpense": -91000000,
        "nonoperatingincomeexpense": -74000000,
        "incomelossfromcontinuingoperationsbeforeincometaxesextraordinaryitemsnoncontrollinginterest": 946000000,
        "incometaxexpensebenefit": 216000000,
        "netincomeloss": 730000000,
        "earningspersharebasic": 1.1,
        "earningspersharediluted": 1.09,
        "commonstockdividendspersharedeclared": 0.35,
        "comprehensiveincomenetoftax": 789000000
    },
    {
        "date": "2018-12-30",
        "symbol": "DAL",
        "period": "Q4",
        "netincomeloss": 1051000000,
        "comprehensiveincomenetoftax": 867000000,
        "laborandrelatedexpense": 2738000000,
        "fuelcosts": 2325000000,
        "airlinecapacitypurchasearrangements": 796000000,
        "depreciationdepletionandamortization": 549000000,
        "professionalandcontractservicesexpense": 529000000,
        "sellingandmarketingexpense": 468000000,
        "ancillarybusinessesandrefineryexpenses": 298000000,
        "landingfeesandotherrentals": 461000000,
        "aircraftmaintenancematerialsandrepairs": 342000000,
        "otherlaborrelatedexpenses": 323000000,
        "costofservicescatering": 286000000,
        "aircraftrental": 104000000,
        "othercostandexpenseoperating": 421000000,
        "operatingexpenses": 9640000000,
        "operatingincomeloss": 1102000000,
        "interestincomeexpensenet": -36000000,
        "othernonoperatingincomeexpense": 137000000,
        "nonoperatingincomeexpense": 285000000,
        "incomelossfromcontinuingoperationsbeforeincometaxesextraordinaryitemsnoncontrollinginterest": 1387000000,
        "incometaxexpensebenefit": 336000000,
        "earningspersharebasic": 1.5300000000000005,
        "earningspersharediluted": 1.52,
        "commonstockdividendspersharedeclared": 0.34000000000000014
    },
    {
        "date": "2018-09-29",
        "symbol": "DAL",
        "period": "Q3",
        "revenuefromcontractwithcustomerexcludingassessedtax": 10796000000,
        "laborandrelatedexpense": 2753000000,
        "fuelcosts": 2498000000,
        "airlinecapacitypurchasearrangements": 903000000,
        "depreciationdepletionandamortization": 580000000,
        "professionalandcontractservicesexpense": 562000000,
        "sellingandmarketingexpense": 535000000,
        "ancillarybusinessesandrefineryexpenses": 410000000,
        "aircraftmaintenancematerialsandrepairs": 371000000,
        "landingfeesandotherrentals": 421000000,
        "otherlaborrelatedexpenses": 395000000,
        "costofservicescatering": 329000000,
        "aircraftrental": 99000000,
        "othercostandexpenseoperating": 455000000,
        "operatingexpenses": 10311000000,
        "operatingincomeloss": 1642000000,
        "interestincomeexpensenet": -84000000,
        "gainlossoninvestments": 50000000,
        "othernonoperatingincomeexpense": 66000000,
        "nonoperatingincomeexpense": 32000000,
        "incomelossfromcontinuingoperationsbeforeincometaxesextraordinaryitemsnoncontrollinginterest": 1674000000,
        "incometaxexpensebenefit": 362000000,
        "netincomeloss": 1312000000,
        "earningspersharebasic": 1.91,
        "earningspersharediluted": 1.91,
        "commonstockdividendspersharedeclared": 0.35,
        "comprehensiveincomenetoftax": 1383000000
    },
    {
        "date": "2018-06-29",
        "symbol": "DAL",
        "period": "Q2",
        "revenuefromcontractwithcustomerexcludingassessedtax": 10546000000,
        "laborandrelatedexpense": 2668000000,
        "fuelcosts": 2341000000,
        "airlinecapacitypurchasearrangements": 883000000,
        "depreciationdepletionandamortization": 590000000,
        "professionalandcontractservicesexpense": 540000000,
        "ancillarybusinessesandrefineryexpenses": 494000000,
        "sellingandmarketingexpense": 511000000,
        "aircraftmaintenancematerialsandrepairs": 427000000,
        "landingfeesandotherrentals": 407000000,
        "otherlaborrelatedexpenses": 400000000,
        "costofservicescatering": 300000000,
        "aircraftrental": 97000000,
        "othercostandexpenseoperating": 437000000,
        "operatingexpenses": 10095000000,
        "operatingincomeloss": 1680000000,
        "interestincomeexpensenet": -89000000,
        "gainlossoninvestments": -238000000,
        "othernonoperatingincomeexpense": 19000000,
        "nonoperatingincomeexpense": -308000000,
        "incomelossfromcontinuingoperationsbeforeincometaxesextraordinaryitemsnoncontrollinginterest": 1372000000,
        "incometaxexpensebenefit": 347000000,
        "netincomeloss": 1025000000,
        "earningspersharebasic": 1.47,
        "earningspersharediluted": 1.47,
        "commonstockdividendspersharedeclared": 0.31,
        "comprehensiveincomenetoftax": 1100000000
    },
    {
        "date": "2018-03-30",
        "symbol": "DAL",
        "period": "Q1",
        "passengerrevenue": 8765000000,
        "cargoandfreightrevenue": 202000000,
        "othersalesrevenuenet": 1001000000,
        "revenues": 9968000000,
        "laborandrelatedexpense": 2584000000,
        "fuelcosts": 1856000000,
        "airlinecapacitypurchasearrangements": 856000000,
        "depreciationdepletionandamortization": 610000000,
        "professionalandcontractservicesexpense": 544000000,
        "ancillarybusinessesandrefineryexpenses": 493000000,
        "aircraftmaintenancematerialsandrepairs": 435000000,
        "sellingandmarketingexpense": 427000000,
        "landingfeesandotherrentals": 373000000,
        "costofservicescatering": 263000000,
        "otherlaborrelatedexpenses": 183000000,
        "aircraftrental": 94000000,
        "othercostandexpenseoperating": 410000000,
        "operatingexpenses": 9128000000,
        "operatingincomeloss": 840000000,
        "interestincomeexpensenet": -102000000,
        "unrealizedgainlossoninvestments": 18000000,
        "othernonoperatingincomeexpense": -38000000,
        "nonoperatingincomeexpense": -122000000,
        "incomelossfromcontinuingoperationsbeforeincometaxesextraordinaryitemsnoncontrollinginterest": 718000000,
        "incometaxexpensebenefit": 171000000,
        "netincomeloss": 547000000,
        "earningspersharebasic": 0.78,
        "earningspersharediluted": 0.77,
        "commonstockdividendspersharedeclared": 0.31,
        "comprehensiveincomenetoftax": 487000000
    },
    {
        "date": "2017-12-30",
        "symbol": "DAL",
        "period": "Q4",
        "netincomeloss": 572000000,
        "comprehensiveincomenetoftax": 427000000,
        "passengerrevenuemainline": 7078000000,
        "passengerrevenueregional": 1423000000,
        "passengerrevenue": 8501000000,
        "cargoandfreightrevenue": 199000000,
        "othersalesrevenuenet": 1545000000,
        "revenues": 10245000000,
        "laborandrelatedexpense": 2632000000,
        "fuelcosts": 1526000000,
        "airlinecapacitypurchasearrangements": 1156000000,
        "depreciationdepletionandamortization": 586000000,
        "professionalandcontractservicesexpense": 557000000,
        "aircraftmaintenancematerialsandrepairs": 496000000,
        "sellingandmarketingexpense": 443000000,
        "landingfeesandotherrentals": 384000000,
        "costofservicescatering": 261000000,
        "otherlaborrelatedexpenses": 262000000,
        "aircraftrental": 92000000,
        "othercostandexpenseoperating": 656000000,
        "operatingexpenses": 9051000000,
        "operatingincomeloss": 1194000000,
        "interestincomeexpensenet": -99000000,
        "othernonoperatingincomeexpense": -5000000,
        "nonoperatingincomeexpense": -104000000,
        "incomelossfromcontinuingoperationsbeforeincometaxesextraordinaryitemsnoncontrollinginterest": 1090000000,
        "incometaxexpensebenefit": 518000000,
        "earningspersharebasic": 0.8200000000000002,
        "earningspersharediluted": 0.8100000000000006,
        "commonstockdividendspersharedeclared": 0.31
    },
    {
        "date": "2017-09-29",
        "symbol": "DAL",
        "period": "Q3",
        "passengerrevenuemainline": 7924000000,
        "passengerrevenueregional": 1475000000,
        "passengerrevenue": 9399000000,
        "cargoandfreightrevenue": 187000000,
        "othersalesrevenuenet": 1474000000,
        "revenues": 11060000000,
        "laborandrelatedexpense": 2715000000,
        "fuelcosts": 1519000000,
        "airlinecapacitypurchasearrangements": 1156000000,
        "depreciationdepletionandamortization": 574000000,
        "professionalandcontractservicesexpense": 561000000,
        "aircraftmaintenancematerialsandrepairs": 503000000,
        "sellingandmarketingexpense": 482000000,
        "landingfeesandotherrentals": 400000000,
        "costofservicescatering": 315000000,
        "otherlaborrelatedexpenses": 314000000,
        "aircraftrental": 89000000,
        "othercostandexpenseoperating": 593000000,
        "operatingexpenses": 9221000000,
        "operatingincomeloss": 1839000000,
        "interestincomeexpensenet": -100000000,
        "othernonoperatingincomeexpense": 66000000,
        "nonoperatingincomeexpense": -34000000,
        "incomelossfromcontinuingoperationsbeforeincometaxesextraordinaryitemsnoncontrollinginterest": 1805000000,
        "incometaxexpensebenefit": 627000000,
        "netincomeloss": 1178000000,
        "earningspersharebasic": 1.64,
        "earningspersharediluted": 1.64,
        "commonstockdividendspersharedeclared": 0.31,
        "comprehensiveincomenetoftax": 1251000000
    },
    {
        "date": "2017-06-29",
        "symbol": "DAL",
        "period": "Q2",
        "passengerrevenuemainline": 7699000000,
        "passengerrevenueregional": 1532000000,
        "passengerrevenue": 9231000000,
        "cargoandfreightrevenue": 183000000,
        "othersalesrevenuenet": 1377000000,
        "revenues": 10791000000,
        "laborandrelatedexpense": 2616000000,
        "fuelcosts": 1448000000,
        "airlinecapacitypurchasearrangements": 1081000000,
        "depreciationdepletionandamortization": 535000000,
        "professionalandcontractservicesexpense": 543000000,
        "aircraftmaintenancematerialsandrepairs": 475000000,
        "sellingandmarketingexpense": 458000000,
        "landingfeesandotherrentals": 379000000,
        "costofservicescatering": 271000000,
        "otherlaborrelatedexpenses": 338000000,
        "aircraftrental": 86000000,
        "othercostandexpenseoperating": 533000000,
        "operatingexpenses": 8763000000,
        "operatingincomeloss": 2028000000,
        "interestincomeexpensenet": -103000000,
        "othernonoperatingincomeexpense": -34000000,
        "nonoperatingincomeexpense": -137000000,
        "incomelossfromcontinuingoperationsbeforeincometaxesextraordinaryitemsnoncontrollinginterest": 1891000000,
        "incometaxexpensebenefit": 667000000,
        "netincomeloss": 1224000000,
        "earningspersharebasic": 1.68,
        "earningspersharediluted": 1.68,
        "commonstockdividendspersharedeclared": 0.2,
        "comprehensiveincomenetoftax": 1246000000
    },
    {
        "date": "2017-03-30",
        "symbol": "DAL",
        "period": "Q1",
        "passengerrevenuemainline": 6404000000,
        "passengerrevenueregional": 1284000000,
        "passengerrevenue": 7688000000,
        "cargoandfreightrevenue": 160000000,
        "othersalesrevenuenet": 1300000000,
        "revenues": 9148000000,
        "laborandrelatedexpense": 2473000000,
        "fuelcosts": 1240000000,
        "airlinecapacitypurchasearrangements": 1110000000,
        "depreciationdepletionandamortization": 540000000,
        "professionalandcontractservicesexpense": 523000000,
        "aircraftmaintenancematerialsandrepairs": 518000000,
        "sellingandmarketingexpense": 404000000,
        "landingfeesandotherrentals": 365000000,
        "costofservicescatering": 220000000,
        "otherlaborrelatedexpenses": 151000000,
        "aircraftrental": 84000000,
        "othercostandexpenseoperating": 467000000,
        "operatingexpenses": 8095000000,
        "operatingincomeloss": 1053000000,
        "interestincomeexpensenet": -94000000,
        "othernonoperatingincomeexpense": -44000000,
        "nonoperatingincomeexpense": -138000000,
        "incomelossfromcontinuingoperationsbeforeincometaxesextraordinaryitemsnoncontrollinginterest": 915000000,
        "incometaxexpensebenefit": 312000000,
        "netincomeloss": 603000000,
        "earningspersharebasic": 0.83,
        "earningspersharediluted": 0.82,
        "commonstockdividendspersharedeclared": 0.2,
        "comprehensiveincomenetoftax": 668000000
    },
    {
        "date": "2016-12-30",
        "symbol": "DAL",
        "period": "Q4",
        "netincomeloss": 622000000,
        "comprehensiveincomenetoftax": 198000000,
        "passengerrevenuemainline": 6575000000,
        "passengerrevenueregional": 1399000000,
        "passengerrevenue": 7974000000,
        "cargoandfreightrevenue": 174000000,
        "othersalesrevenuenet": 1310000000,
        "revenues": 27364000000,
        "laborandrelatedexpense": 2869000000,
        "fuelcosts": 1256000000,
        "airlinecapacitypurchasearrangements": 1090000000,
        "professionalandcontractservicesexpense": 511000000,
        "depreciationdepletionandamortization": 1410000000,
        "aircraftmaintenancematerialsandrepairs": 466000000,
        "sellingandmarketingexpense": 419000000,
        "landingfeesandotherrentals": 367000000,
        "otherlaborrelatedexpenses": 193000000,
        "costofservicescatering": 233000000,
        "aircraftrental": 81000000,
        "othercostandexpenseoperating": 481000000,
        "operatingexpenses": 8438000000,
        "operatingincomeloss": 5021000000,
        "interestincomeexpensenet": -93000000,
        "othernonoperatingincomeexpense": 25000000,
        "nonoperatingincomeexpense": -68000000,
        "incomelossfromcontinuingoperationsbeforeincometaxesextraordinaryitemsnoncontrollinginterest": 952000000,
        "incometaxexpensebenefit": 330000000,
        "earningspersharebasic": 0.8600000000000001,
        "earningspersharediluted": 0.8599999999999999,
        "commonstockdividendspersharedeclared": 0.20750000000000002
    },
    {
        "date": "2016-09-29",
        "symbol": "DAL",
        "period": "Q3",
        "passengerrevenuemainline": 7615000000,
        "passengerrevenueregional": 1456000000,
        "passengerrevenue": 9071000000,
        "cargoandfreightrevenue": 167000000,
        "othersalesrevenuenet": 1245000000,
        "revenues": 10483000000,
        "laborandrelatedexpense": 2463000000,
        "fuelcosts": 1422000000,
        "airlinecapacitypurchasearrangements": 1119000000,
        "professionalandcontractservicesexpense": 520000000,
        "depreciationdepletionandamortization": 474000000,
        "aircraftmaintenancematerialsandrepairs": 462000000,
        "sellingandmarketingexpense": 466000000,
        "landingfeesandotherrentals": 399000000,
        "otherlaborrelatedexpenses": 326000000,
        "costofservicescatering": 264000000,
        "aircraftrental": 72000000,
        "othercostandexpenseoperating": 527000000,
        "operatingexpenses": 8514000000,
        "operatingincomeloss": 1969000000,
        "interestincomeexpensenet": -95000000,
        "othernonoperatingincomeexpense": 26000000,
        "nonoperatingincomeexpense": -69000000,
        "incomelossfromcontinuingoperationsbeforeincometaxesextraordinaryitemsnoncontrollinginterest": 1900000000,
        "incometaxexpensebenefit": 641000000,
        "netincomeloss": 1259000000,
        "earningspersharebasic": 1.7,
        "earningspersharediluted": 1.69,
        "commonstockdividendspersharedeclared": 0.2025,
        "comprehensiveincomenetoftax": 1326000000
    },
    {
        "date": "2016-06-29",
        "symbol": "DAL",
        "period": "Q2",
        "passengerrevenuemainline": 7471000000,
        "passengerrevenueregional": 1499000000,
        "passengerrevenue": 8970000000,
        "cargoandfreightrevenue": 165000000,
        "othersalesrevenuenet": 1312000000,
        "revenues": 1027000000,
        "laborandrelatedexpense": 2391000000,
        "fuelcosts": 1228000000,
        "airlinecapacitypurchasearrangements": 1096000000,
        "professionalandcontractservicesexpense": 484000000,
        "depreciationdepletionandamortization": 9000000,
        "aircraftmaintenancematerialsandrepairs": 446000000,
        "sellingandmarketingexpense": 437000000,
        "landingfeesandotherrentals": 376000000,
        "otherlaborrelatedexpenses": 324000000,
        "costofservicescatering": 221000000,
        "aircraftrental": 66000000,
        "othercostandexpenseoperating": 485000000,
        "operatingexpenses": 8024000000,
        "operatingincomeloss": -10000000,
        "interestincomeexpensenet": -93000000,
        "othernonoperatingincomeexpense": 20000000,
        "nonoperatingincomeexpense": -73000000,
        "incomelossfromcontinuingoperationsbeforeincometaxesextraordinaryitemsnoncontrollinginterest": 2350000000,
        "incometaxexpensebenefit": 804000000,
        "netincomeloss": 1546000000,
        "earningspersharebasic": 2.04,
        "earningspersharediluted": 2.03,
        "commonstockdividendspersharedeclared": 0.135,
        "comprehensiveincomenetoftax": 1546000000
    },
    {
        "date": "2016-03-30",
        "symbol": "DAL",
        "period": "Q1",
        "passengerrevenuemainline": 6444000000,
        "passengerrevenueregional": 1318000000,
        "passengerrevenue": 7762000000,
        "cargoandfreightrevenue": 162000000,
        "othersalesrevenuenet": 1327000000,
        "revenues": 765000000,
        "laborandrelatedexpense": 2311000000,
        "fuelcosts": 1227000000,
        "airlinecapacitypurchasearrangements": 1006000000,
        "depreciationdepletionandamortization": 9000000,
        "professionalandcontractservicesexpense": 476000000,
        "aircraftmaintenancematerialsandrepairs": 449000000,
        "sellingandmarketingexpense": 388000000,
        "landingfeesandotherrentals": 348000000,
        "otherlaborrelatedexpenses": 272000000,
        "costofservicescatering": 189000000,
        "aircraftrental": 66000000,
        "othercostandexpenseoperating": 493000000,
        "operatingexpenses": 7711000000,
        "operatingincomeloss": -28000000,
        "interestincomeexpensenet": -107000000,
        "othernonoperatingincomeexpense": 1000000,
        "nonoperatingincomeexpense": -106000000,
        "incomelossfromcontinuingoperationsbeforeincometaxesextraordinaryitemsnoncontrollinginterest": 1434000000,
        "incometaxexpensebenefit": 488000000,
        "netincomeloss": 946000000,
        "earningspersharebasic": 1.22,
        "earningspersharediluted": 1.21,
        "commonstockdividendspersharedeclared": 0.135,
        "comprehensiveincomenetoftax": 942000000
    },
    {
        "date": "2015-12-30",
        "symbol": "DAL",
        "period": "Q4",
        "netincomeloss": 980000000,
        "comprehensiveincomenetoftax": 1021000000,
        "passengerrevenuemainline": 6703000000,
        "passengerrevenueregional": 1422000000,
        "passengerrevenue": 8125000000,
        "cargoandfreightrevenue": 193000000,
        "othersalesrevenuenet": 1184000000,
        "revenues": -943000000,
        "laborandrelatedexpense": 2213000000,
        "fuelcosts": 1433000000,
        "airlinecapacitypurchasearrangements": 1018000000,
        "aircraftmaintenancematerialsandrepairs": 418000000,
        "professionalandcontractservicesexpense": 473000000,
        "depreciationdepletionandamortization": 7000000,
        "sellingandmarketingexpense": 402000000,
        "landingfeesandotherrentals": 329000000,
        "otherlaborrelatedexpenses": 380000000,
        "costofservicescatering": 208000000,
        "aircraftrental": 67000000,
        "othercostandexpenseoperating": 393000000,
        "operatingexpenses": 7785000000,
        "operatingincomeloss": 8000000,
        "interestincomeexpensenet": -102000000,
        "othernonoperatingincomeexpense": -82000000,
        "nonoperatingincomeexpense": -184000000,
        "incomelossfromcontinuingoperationsbeforeincometaxesextraordinaryitemsnoncontrollinginterest": 1533000000,
        "incometaxexpensebenefit": 553000000,
        "earningspersharebasic": 1.2599999999999993,
        "earningspersharediluted": 1.2599999999999998,
        "commonstockdividendspersharedeclared": 0.135
    },
    {
        "date": "2015-09-29",
        "symbol": "DAL",
        "period": "Q3",
        "passengerrevenuemainline": 8059000000,
        "passengerrevenueregional": 1536000000,
        "passengerrevenue": 9595000000,
        "cargoandfreightrevenue": 196000000,
        "othersalesrevenuenet": 1316000000,
        "revenues": -6990000000,
        "laborandrelatedexpense": 2276000000,
        "fuelcosts": 1819000000,
        "airlinecapacitypurchasearrangements": 1073000000,
        "aircraftmaintenancematerialsandrepairs": 479000000,
        "depreciationdepletionandamortization": -455000000,
        "professionalandcontractservicesexpense": 477000000,
        "sellingandmarketingexpense": 463000000,
        "landingfeesandotherrentals": 403000000,
        "otherlaborrelatedexpenses": 563000000,
        "costofservicescatering": 247000000,
        "aircraftrental": 63000000,
        "restructuringsettlementandimpairmentprovisions": 0,
        "othercostandexpenseoperating": 565000000,
        "operatingexpenses": 8894000000,
        "operatingincomeloss": -1206000000,
        "interestincomeexpensenet": -121000000,
        "othernonoperatingincomeexpense": -20000000,
        "nonoperatingincomeexpense": -141000000,
        "incomelossfromcontinuingoperationsbeforeincometaxesextraordinaryitemsnoncontrollinginterest": 2072000000,
        "incometaxexpensebenefit": 757000000,
        "netincomeloss": 1315000000,
        "earningspersharebasic": 1.6599999999999997,
        "earningspersharediluted": 1.6400000000000001,
        "commonstockdividendspersharedeclared": 0.135,
        "comprehensiveincomenetoftax": 1287000000
    },
    {
        "date": "2015-06-29",
        "symbol": "DAL",
        "period": "Q2",
        "passengerrevenuemainline": 7587000000,
        "passengerrevenueregional": 1552000000,
        "passengerrevenue": 9139000000,
        "cargoandfreightrevenue": 207000000,
        "othersalesrevenuenet": 1361000000,
        "revenues": 1357000000,
        "laborandrelatedexpense": 2195000000,
        "fuelcosts": 1457000000,
        "airlinecapacitypurchasearrangements": 1097000000,
        "aircraftmaintenancematerialsandrepairs": 499000000,
        "depreciationdepletionandamortization": 8000000,
        "professionalandcontractservicesexpense": 457000000,
        "sellingandmarketingexpense": 421000000,
        "landingfeesandotherrentals": 388000000,
        "otherlaborrelatedexpenses": 411000000,
        "costofservicescatering": 227000000,
        "aircraftrental": 60000000,
        "restructuringsettlementandimpairmentprovisions": 25000000,
        "othercostandexpenseoperating": 548000000,
        "operatingexpenses": 8233000000,
        "operatingincomeloss": 90000000,
        "interestincomeexpensenet": -127000000,
        "othernonoperatingincomeexpense": 19000000,
        "nonoperatingincomeexpense": -108000000,
        "incomelossfromcontinuingoperationsbeforeincometaxesextraordinaryitemsnoncontrollinginterest": 2366000000,
        "incometaxexpensebenefit": 881000000,
        "netincomeloss": 1485000000,
        "earningspersharebasic": 1.85,
        "earningspersharediluted": 1.83,
        "commonstockdividendspersharedeclared": 0.09,
        "comprehensiveincomenetoftax": 1491000000
    },
    {
        "date": "2015-03-30",
        "symbol": "DAL",
        "period": "Q1",
        "passengerrevenuemainline": 6549000000,
        "passengerrevenueregional": 1374000000,
        "passengerrevenue": 7923000000,
        "cargoandfreightrevenue": 217000000,
        "othersalesrevenuenet": 1248000000,
        "revenues": 9388000000,
        "laborandrelatedexpense": 2092000000,
        "fuelcosts": 1835000000,
        "airlinecapacitypurchasearrangements": 1053000000,
        "depreciationdepletionandamortization": 470000000,
        "aircraftmaintenancematerialsandrepairs": 452000000,
        "professionalandcontractservicesexpense": 441000000,
        "sellingandmarketingexpense": 386000000,
        "landingfeesandotherrentals": 373000000,
        "costofservicescatering": 190000000,
        "otherlaborrelatedexpenses": 136000000,
        "aircraftrental": 60000000,
        "restructuringsettlementandimpairmentprovisions": 10000000,
        "othercostandexpenseoperating": 492000000,
        "operatingexpenses": 7990000000,
        "operatingincomeloss": 1398000000,
        "interestincomeexpensenet": -131000000,
        "othernonoperatingincomeexpense": -81000000,
        "nonoperatingincomeexpense": -212000000,
        "incomelossfromcontinuingoperationsbeforeincometaxesextraordinaryitemsnoncontrollinginterest": 1186000000,
        "incometaxexpensebenefit": 440000000,
        "netincomeloss": 746000000,
        "earningspersharebasic": 0.91,
        "earningspersharediluted": 0.9,
        "commonstockdividendspersharedeclared": 0.09,
        "comprehensiveincomenetoftax": 763000000
    },
    {
        "date": "2014-12-30",
        "symbol": "DAL",
        "period": "Q4",
        "netincomeloss": -712000000,
        "comprehensiveincomenetoftax": -2923000000,
        "passengerrevenuemainline": 6738000000,
        "passengerrevenueregional": 1497000000,
        "passengerrevenue": 8235000000,
        "cargoandfreightrevenue": 243000000,
        "othersalesrevenuenet": 1169000000,
        "revenues": -153000000,
        "fuelcosts": 4056000000,
        "laborandrelatedexpense": 2036000000,
        "airlinecapacitypurchasearrangements": 1204000000,
        "aircraftmaintenancematerialsandrepairs": 474000000,
        "depreciationandamortization": -850000000,
        "professionalandcontractservicesexpense": 423000000,
        "sellingandmarketingexpense": 411000000,
        "landingfeesandotherrentals": 353000000,
        "otherlaborrelatedexpenses": 262000000,
        "othercostofservices": 195000000,
        "aircraftrental": 61000000,
        "restructuringsettlementandimpairmentprovisions": -586000000,
        "othercostandexpenseoperating": 495000000,
        "operatingexpenses": 10475000000,
        "operatingincomeloss": -692000000,
        "interestincomeexpensenet": -190000000,
        "gainslossesonextinguishmentofdebt": -5000000,
        "othernonoperatingincomeexpense": -170000000,
        "nonoperatingincomeexpense": -312000000,
        "incomelossfromcontinuingoperationsbeforeincometaxesextraordinaryitemsnoncontrollinginterest": -1140000000,
        "incometaxexpensebenefit": -428000000,
        "earningspersharebasic": -0.8399999999999999,
        "earningspersharediluted": -0.8299999999999998,
        "commonstockdividendspersharedeclared": 0.09
    },
    {
        "date": "2014-09-29",
        "symbol": "DAL",
        "period": "Q3",
        "passengerrevenuemainline": 8144000000,
        "passengerrevenueregional": 1632000000,
        "passengerrevenue": 9776000000,
        "cargoandfreightrevenue": 244000000,
        "othersalesrevenuenet": 1158000000,
        "revenues": 1836000000,
        "fuelcosts": 2952000000,
        "laborandrelatedexpense": 2069000000,
        "airlinecapacitypurchasearrangements": 1353000000,
        "aircraftmaintenancematerialsandrepairs": 440000000,
        "depreciationandamortization": 433000000,
        "professionalandcontractservicesexpense": 459000000,
        "sellingandmarketingexpense": 476000000,
        "landingfeesandotherrentals": 393000000,
        "otherlaborrelatedexpenses": 384000000,
        "othercostofservices": 227000000,
        "aircraftrental": 65000000,
        "restructuringsettlementandimpairmentprovisions": 574000000,
        "othercostandexpenseoperating": 515000000,
        "operatingexpenses": 10343000000,
        "operatingincomeloss": 816000000,
        "interestincomeexpensenet": -140000000,
        "amortizationofdebtdiscountpremium": 14000000,
        "gainslossesonextinguishmentofdebt": -134000000,
        "othernonoperatingincomeexpense": 32000000,
        "nonoperatingincomeexpense": -256000000,
        "incomelossfromcontinuingoperationsbeforeincometaxesextraordinaryitemsnoncontrollinginterest": 579000000,
        "incometaxexpensebenefit": 222000000,
        "netincomeloss": 357000000,
        "earningspersharebasic": 0.43,
        "earningspersharediluted": 0.42,
        "commonstockdividendspersharedeclared": 0.09,
        "comprehensiveincomenetoftax": 394000000
    },
    {
        "date": "2014-06-29",
        "symbol": "DAL",
        "period": "Q2",
        "passengerrevenuemainline": 7582000000,
        "passengerrevenueregional": 1684000000,
        "passengerrevenue": 9266000000,
        "cargoandfreightrevenue": 230000000,
        "othersalesrevenuenet": 1125000000,
        "revenues": -387000000,
        "fuelcosts": 2434000000,
        "laborandrelatedexpense": 2046000000,
        "airlinecapacitypurchasearrangements": 1361000000,
        "aircraftmaintenancematerialsandrepairs": 466000000,
        "depreciationandamortization": 6000000,
        "professionalandcontractservicesexpense": 440000000,
        "sellingandmarketingexpense": 440000000,
        "landingfeesandotherrentals": 355000000,
        "otherlaborrelatedexpenses": 340000000,
        "othercostofservices": 215000000,
        "aircraftrental": 56000000,
        "restructuringsettlementandimpairmentprovisions": 30000000,
        "othercostandexpenseoperating": 408000000,
        "operatingexpenses": 9042000000,
        "operatingincomeloss": 13000000,
        "interestincomeexpensenet": -155000000,
        "amortizationofdebtdiscountpremium": 18000000,
        "gainslossesonextinguishmentofdebt": -111000000,
        "othernonoperatingincomeexpense": 3000000,
        "nonoperatingincomeexpense": -281000000,
        "incomelossfromcontinuingoperationsbeforeincometaxesextraordinaryitemsnoncontrollinginterest": 1298000000,
        "incometaxexpensebenefit": 497000000,
        "netincomeloss": 801000000,
        "earningspersharebasic": 0.95,
        "earningspersharediluted": 0.94,
        "commonstockdividendspersharedeclared": 0.06,
        "comprehensiveincomenetoftax": 803000000
    },
    {
        "date": "2014-03-30",
        "symbol": "DAL",
        "period": "Q1",
        "passengerrevenuemainline": 6224000000,
        "passengerrevenueregional": 1453000000,
        "passengerrevenue": 7677000000,
        "cargoandfreightrevenue": 217000000,
        "othersalesrevenuenet": 1022000000,
        "revenues": 1463000000,
        "fuelcosts": 2226000000,
        "laborandrelatedexpense": 1969000000,
        "airlinecapacitypurchasearrangements": 1319000000,
        "aircraftmaintenancematerialsandrepairs": 448000000,
        "depreciationandamortization": 437000000,
        "professionalandcontractservicesexpense": 427000000,
        "sellingandmarketingexpense": 373000000,
        "landingfeesandotherrentals": 341000000,
        "othercostofservices": 173000000,
        "otherlaborrelatedexpenses": 99000000,
        "aircraftrental": 51000000,
        "restructuringsettlementandimpairmentprovisions": 49000000,
        "othercostandexpenseoperating": 379000000,
        "operatingexpenses": 8296000000,
        "operatingincomeloss": -41000000,
        "interestincomeexpensenet": -165000000,
        "amortizationofdebtdiscountpremium": 21000000,
        "gainslossesonextinguishmentofdebt": -18000000,
        "othernonoperatingincomeexpense": -81000000,
        "nonoperatingincomeexpense": -285000000,
        "incomelossfromcontinuingoperationsbeforeincometaxesextraordinaryitemsnoncontrollinginterest": 335000000,
        "incometaxexpensebenefit": 122000000,
        "netincomeloss": 213000000,
        "earningspersharebasic": 0.25,
        "earningspersharediluted": 0.25,
        "commonstockdividendspersharedeclared": 0.06,
        "comprehensiveincomenetoftax": 204000000
    },
    {
        "date": "2013-12-30",
        "symbol": "DAL",
        "period": "Q4",
        "netincomeloss": 8479000000,
        "comprehensiveincomenetoftax": 11673000000,
        "passengerrevenuemainline": 6296000000,
        "passengerrevenueregional": 1565000000,
        "passengerrevenue": 7861000000,
        "cargoandfreightrevenue": 238000000,
        "othersalesrevenuenet": 977000000,
        "revenues": -5958000000,
        "fuelcosts": 2222000000,
        "laborandrelatedexpense": 1911000000,
        "airlinecapacitypurchasearrangements": 1367000000,
        "aircraftmaintenancematerialsandrepairs": 415000000,
        "professionalandcontractservicesexpense": 426000000,
        "depreciationandamortization": 840000000,
        "sellingandmarketingexpense": 391000000,
        "landingfeesandotherrentals": 350000000,
        "othercostofservices": 187000000,
        "otherlaborrelatedexpenses": 119000000,
        "aircraftrental": 47000000,
        "restructuringsettlementandimpairmentprovisions": -42000000,
        "othercostandexpenseoperating": 360000000,
        "operatingexpenses": 8375000000,
        "operatingincomeloss": 3586000000,
        "interestincomeexpensenet": -172000000,
        "amortizationofdebtdiscountpremium": 34000000,
        "othernonoperatingincomeexpense": -20000000,
        "nonoperatingincomeexpense": -226000000,
        "incomelossfromcontinuingoperationsbeforeincometaxesextraordinaryitemsnoncontrollinginterest": 475000000,
        "incometaxexpensebenefit": 8309000000,
        "earningspersharebasic": 9.98,
        "earningspersharediluted": 9.889999999999999
    },
    {
        "date": "2013-09-29",
        "symbol": "DAL",
        "period": "Q3",
        "passengerrevenuemainline": 7566000000,
        "passengerrevenueregional": 1688000000,
        "passengerrevenue": 9254000000,
        "cargoandfreightrevenue": 229000000,
        "othersalesrevenuenet": 1007000000,
        "revenues": -320000000,
        "fuelcosts": 2291000000,
        "laborandrelatedexpense": 1976000000,
        "airlinecapacitypurchasearrangements": 1459000000,
        "aircraftmaintenancematerialsandrepairs": 474000000,
        "professionalandcontractservicesexpense": 429000000,
        "depreciationandamortization": 413000000,
        "sellingandmarketingexpense": 447000000,
        "landingfeesandotherrentals": 378000000,
        "othercostofservices": 214000000,
        "otherlaborrelatedexpenses": 249000000,
        "aircraftrental": 47000000,
        "restructuringsettlementandimpairmentprovisions": 106000000,
        "othercostandexpenseoperating": 439000000,
        "operatingexpenses": 8927000000,
        "operatingincomeloss": 3000000,
        "interestincomeexpensenet": -176000000,
        "amortizationofdebtdiscountpremium": 37000000,
        "othernonoperatingincomeexpense": 13000000,
        "nonoperatingincomeexpense": -200000000,
        "incomelossfromcontinuingoperationsbeforeincometaxesextraordinaryitemsnoncontrollinginterest": 1363000000,
        "incometaxexpensebenefit": -6000000,
        "netincomeloss": 1369000000,
        "earningspersharebasic": 1.61,
        "earningspersharediluted": 1.59,
        "comprehensiveincomenetoftax": 1376000000
    },
    {
        "date": "2013-06-29",
        "symbol": "DAL",
        "period": "Q2",
        "passengerrevenuemainline": 6796000000,
        "passengerrevenueregional": 1698000000,
        "passengerrevenue": 8494000000,
        "cargoandfreightrevenue": 232000000,
        "othersalesrevenuenet": 981000000,
        "revenues": 1864000000,
        "fuelcosts": 2595000000,
        "laborandrelatedexpense": 1922000000,
        "airlinecapacitypurchasearrangements": 1444000000,
        "aircraftmaintenancematerialsandrepairs": 472000000,
        "depreciationandamortization": 4000000,
        "professionalandcontractservicesexpense": 409000000,
        "sellingandmarketingexpense": 408000000,
        "landingfeesandotherrentals": 359000000,
        "othercostofservices": 197000000,
        "otherlaborrelatedexpenses": 118000000,
        "aircraftrental": 55000000,
        "restructuringsettlementandimpairmentprovisions": 34000000,
        "othercostandexpenseoperating": 365000000,
        "operatingexpenses": 8793000000,
        "operatingincomeloss": -51000000,
        "interestincomeexpensenet": -172000000,
        "amortizationofdebtdiscountpremium": 41000000,
        "othernonoperatingincomeexpense": -15000000,
        "nonoperatingincomeexpense": -228000000,
        "incomelossfromcontinuingoperationsbeforeincometaxesextraordinaryitemsnoncontrollinginterest": 686000000,
        "incometaxexpensebenefit": 1000000,
        "netincomeloss": 685000000,
        "earningspersharebasic": 0.81,
        "earningspersharediluted": 0.8,
        "comprehensiveincomenetoftax": 780000000
    },
    {
        "date": "2013-03-30",
        "symbol": "DAL",
        "period": "Q1",
        "passengerrevenuemainline": 5876000000,
        "passengerrevenueregional": 1457000000,
        "passengerrevenue": 7333000000,
        "cargoandfreightrevenue": 238000000,
        "othersalesrevenuenet": 929000000,
        "revenues": 8500000000,
        "fuelcosts": 2289000000,
        "laborandrelatedexpense": 1911000000,
        "airlinecapacitypurchasearrangements": 1399000000,
        "aircraftmaintenancematerialsandrepairs": 491000000,
        "depreciationandamortization": 401000000,
        "professionalandcontractservicesexpense": 401000000,
        "sellingandmarketingexpense": 357000000,
        "landingfeesandotherrentals": 323000000,
        "othercostofservices": 164000000,
        "aircraftrental": 60000000,
        "otherlaborrelatedexpenses": 20000000,
        "restructuringsettlementandimpairmentprovisions": 102000000,
        "othercostandexpenseoperating": 356000000,
        "operatingexpenses": 8278000000,
        "operatingincomeloss": -22000000,
        "interestincomeexpensenet": -178000000,
        "amortizationofdebtdiscountpremium": 42000000,
        "othernonoperatingincomeexpense": 1000000,
        "nonoperatingincomeexpense": -219000000,
        "incomelossfromcontinuingoperationsbeforeincometaxesextraordinaryitemsnoncontrollinginterest": 3000000,
        "incometaxexpensebenefit": -4000000,
        "netincomeloss": 7000000,
        "earningspersharebasic": 0.01,
        "earningspersharediluted": 0.01,
        "comprehensiveincomenetoftax": 158000000
    },
    {
        "date": "2012-12-30",
        "symbol": "DAL",
        "period": "Q4",
        "netincomeloss": 6000000,
        "comprehensiveincomenetoftax": -2107000000,
        "passengerrevenuemainline": 5901000000,
        "passengerrevenueregional": 1537000000,
        "passengerrevenue": 7438000000,
        "cargoandfreightrevenue": 241000000,
        "othersalesrevenuenet": 923000000,
        "revenues": -24089000000,
        "fuelcosts": 2391000000,
        "laborandrelatedexpense": 1828000000,
        "airlinecapacitypurchasearrangements": 1409000000,
        "aircraftmaintenancematerialsandrepairs": 353000000,
        "sellingandmarketingexpense": 377000000,
        "professionalandcontractservicesexpense": 389000000,
        "depreciationandamortization": 395000000,
        "landingfeesandotherrentals": 324000000,
        "othercostofservices": 173000000,
        "aircraftrental": 64000000,
        "restructuringsettlementandimpairmentprovisions": 56000000,
        "othercostandexpenseoperating": 359000000,
        "operatingexpenses": 8251000000,
        "operatingincomeloss": 414000000,
        "interestincomeexpensenet": -189000000,
        "amortizationofdebtdiscountpremium": 45000000,
        "othernonoperatingincomeexpense": -1000000,
        "nonoperatingincomeexpense": -341000000,
        "incomelossfromcontinuingoperationsbeforeincometaxesextraordinaryitemsnoncontrollinginterest": 10000000,
        "incometaxexpensebenefit": 4000000,
        "earningspersharebasic": 0.009999999999999981,
        "earningspersharediluted": 0.009999999999999981
    },
    {
        "date": "2012-09-29",
        "symbol": "DAL",
        "period": "Q3",
        "passengerrevenuemainline": 7017000000,
        "passengerrevenueregional": 1675000000,
        "passengerrevenue": 8692000000,
        "cargoandfreightrevenue": 243000000,
        "othersalesrevenuenet": 988000000,
        "revenues": 9923000000,
        "fuelcosts": 2221000000,
        "laborandrelatedexpense": 1850000000,
        "airlinecapacitypurchasearrangements": 1447000000,
        "aircraftmaintenancematerialsandrepairs": 493000000,
        "sellingandmarketingexpense": 440000000,
        "professionalandcontractservicesexpense": 402000000,
        "depreciationandamortization": 392000000,
        "landingfeesandotherrentals": 360000000,
        "othercostofservices": 201000000,
        "otherlaborrelatedexpenses": 174000000,
        "aircraftrental": 65000000,
        "restructuringsettlementandimpairmentprovisions": -39000000,
        "othercostandexpenseoperating": 421000000,
        "operatingexpenses": 8615000000,
        "operatingincomeloss": 1308000000,
        "interestincomeexpensenet": -195000000,
        "amortizationofdebtdiscountpremium": 48000000,
        "gainslossesonextinguishmentofdebt": -12000000,
        "othernonoperatingincomeexpense": -1000000,
        "nonoperatingincomeexpense": -256000000,
        "incomelossfromcontinuingoperationsbeforeincometaxesextraordinaryitemsnoncontrollinginterest": 1052000000,
        "incometaxexpensebenefit": 5000000,
        "netincomeloss": 1047000000,
        "earningspersharebasic": 1.24,
        "earningspersharediluted": 1.23,
        "comprehensiveincomenetoftax": 1073000000
    },
    {
        "date": "2012-06-29",
        "symbol": "DAL",
        "period": "Q2",
        "passengerrevenuemainline": 6644000000,
        "passengerrevenueregional": 1807000000,
        "passengerrevenue": 8451000000,
        "cargoandfreightrevenue": 262000000,
        "othersalesrevenuenet": 1019000000,
        "revenues": 9732000000,
        "fuelcosts": 3305000000,
        "laborandrelatedexpense": 1825000000,
        "airlinecapacitypurchasearrangements": 1416000000,
        "aircraftmaintenancematerialsandrepairs": 548000000,
        "depreciationandamortization": 388000000,
        "sellingandmarketingexpense": 393000000,
        "professionalandcontractservicesexpense": 397000000,
        "landingfeesandotherrentals": 347000000,
        "othercostofservices": 187000000,
        "aircraftrental": 68000000,
        "otherlaborrelatedexpenses": 135000000,
        "restructuringsettlementandimpairmentprovisions": 22000000,
        "othercostandexpenseoperating": 396000000,
        "operatingexpenses": 9598000000,
        "operatingincomeloss": 134000000,
        "interestincomeexpensenet": -207000000,
        "amortizationofdebtdiscountpremium": 49000000,
        "othernonoperatingincomeexpense": -42000000,
        "nonoperatingincomeexpense": -298000000,
        "incomelossfromcontinuingoperationsbeforeincometaxesextraordinaryitemsnoncontrollinginterest": -164000000,
        "incometaxexpensebenefit": 4000000,
        "netincomeloss": -168000000,
        "earningspersharebasic": -0.2,
        "earningspersharediluted": -0.2,
        "comprehensiveincomenetoftax": -140000000
    },
    {
        "date": "2012-03-30",
        "symbol": "DAL",
        "period": "Q1",
        "passengerrevenuemainline": 5675000000,
        "passengerrevenueregional": 1551000000,
        "passengerrevenue": 7226000000,
        "cargoandfreightrevenue": 244000000,
        "othersalesrevenuenet": 943000000,
        "revenues": 8413000000,
        "fuelcosts": 2233000000,
        "laborandrelatedexpense": 1763000000,
        "airlinecapacitypurchasearrangements": 1375000000,
        "aircraftmaintenancematerialsandrepairs": 561000000,
        "depreciationandamortization": 386000000,
        "sellingandmarketingexpense": 380000000,
        "professionalandcontractservicesexpense": 378000000,
        "landingfeesandotherrentals": 305000000,
        "othercostofservices": 171000000,
        "aircraftrental": 75000000,
        "restructuringsettlementandimpairmentprovisions": 27000000,
        "othercostandexpenseoperating": 416000000,
        "operatingexpenses": 8031000000,
        "operatingincomeloss": 382000000,
        "interestincomeexpensenet": -221000000,
        "amortizationofdebtdiscountpremium": 51000000,
        "othernonoperatingincomeexpense": 17000000,
        "nonoperatingincomeexpense": -255000000,
        "incomelossfromcontinuingoperationsbeforeincometaxesextraordinaryitemsnoncontrollinginterest": 127000000,
        "incometaxexpensebenefit": 3000000,
        "netincomeloss": 124000000,
        "earningspersharebasic": 0.15,
        "earningspersharediluted": 0.15,
        "comprehensiveincomenetoftax": 372000000
    },
    {
        "date": "2011-12-30",
        "symbol": "DAL",
        "period": "Q4",
        "passengerrevenuemainline": 5666000000,
        "passengerrevenueregional": 1557000000,
        "passengerrevenue": 7223000000,
        "cargoandfreightrevenue": 256000000,
        "othersalesrevenuenet": 920000000,
        "fuelcosts": 2020000000,
        "laborandrelatedexpense": 1711000000,
        "airlinecapacitypurchasearrangements": 1328000000,
        "aircraftmaintenancematerialsandrepairs": 367000000,
        "sellingandmarketingexpense": 393000000,
        "depreciationandamortization": 382000000,
        "landingfeesandotherrentals": 306000000,
        "othercostofservices": 169000000,
        "aircraftrental": 74000000,
        "othercostandexpenseoperating": 363000000,
        "operatingincomeloss": 726000000,
        "amortizationofdebtdiscountpremium": 52000000,
        "gainslossesonextinguishmentofdebt": -30000000,
        "othernonoperatingincomeexpense": -10000000,
        "nonoperatingincomeexpense": -310000000,
        "incometaxexpensebenefit": -9000000,
        "netincomeloss": 425000000
    },
    {
        "date": "2011-09-29",
        "symbol": "DAL",
        "period": "Q3",
        "passengerrevenuemainline": 6857000000,
        "passengerrevenueregional": 1711000000,
        "passengerrevenue": 8568000000,
        "cargoandfreightrevenue": 257000000,
        "othersalesrevenuenet": 991000000,
        "revenues": 9816000000,
        "fuelcosts": 2881000000,
        "laborandrelatedexpense": 1717000000,
        "airlinecapacitypurchasearrangements": 1432000000,
        "aircraftmaintenancematerialsandrepairs": 428000000,
        "sellingandmarketingexpense": 480000000,
        "professionalandcontractservicesexpense": 419000000,
        "depreciationandamortization": 384000000,
        "landingfeesandotherrentals": 342000000,
        "othercostofservices": 207000000,
        "aircraftrental": 72000000,
        "otherlaborrelatedexpenses": 167000000,
        "restructuringsettlementandimpairmentprovisions": 3000000,
        "othercostandexpenseoperating": 424000000,
        "operatingexpenses": 8956000000,
        "operatingincomeloss": 860000000,
        "interestincomeexpensenet": -229000000,
        "amortizationofdebtdiscountpremium": 48000000,
        "gainslossesonextinguishmentofdebt": -5000000,
        "othernonoperatingincomeexpense": -31000000,
        "nonoperatingincomeexpense": -313000000,
        "incomelossfromcontinuingoperationsbeforeincometaxesextraordinaryitemsnoncontrollinginterest": 547000000,
        "incometaxexpensebenefit": -2000000,
        "netincomeloss": 549000000,
        "earningspersharebasic": 0.66,
        "earningspersharediluted": 0.65
    },
    {
        "date": "2011-06-29",
        "symbol": "DAL",
        "period": "Q2",
        "passengerrevenuemainline": 6207000000,
        "passengerrevenueregional": 1684000000,
        "passengerrevenue": 7891000000,
        "cargoandfreightrevenue": 264000000,
        "othersalesrevenuenet": 998000000,
        "salesrevenueservicesnet": 9153000000,
        "fuelcosts": 2663000000,
        "laborandrelatedexpense": 1739000000,
        "airlinecapacitypurchasearrangements": 1410000000,
        "aircraftmaintenancematerialsandrepairs": 485000000,
        "professionalandcontractservicesexpenses": 415000000,
        "depreciationandamortization": 381000000,
        "sellingandmarketingexpense": 440000000,
        "landingfeesandotherrentals": 320000000,
        "othercostofservices": 181000000,
        "aircraftrental": 74000000,
        "otherlaborrelatedexpenses": 8000000,
        "restructuringandother": 64000000,
        "othercostandexpenseoperating": 412000000,
        "costsandexpenses": 8672000000,
        "operatingincomeloss": 481000000,
        "interestexpense": 233000000,
        "amortizationofdebtdiscountpremium": 46000000,
        "gainslossesonextinguishmentofdebt": -13000000,
        "othernonoperatingincomeexpense": 6000000,
        "nonoperatingincomeexpense": -286000000,
        "incomelossfromcontinuingoperationsbeforeincometaxesminorityinterestandincomelossfromequitymethodinvestments": 195000000,
        "incometaxexpensebenefit": -3000000,
        "netincomeloss": 198000000,
        "earningspersharebasic": 0.24,
        "earningspersharediluted": 0.23
    },
    {
        "date": "2011-03-30",
        "symbol": "DAL",
        "period": "Q1",
        "passengerrevenuemainline": 5134000000,
        "passengerrevenueregional": 1441000000,
        "passengerrevenue": 6575000000,
        "cargoandfreightrevenue": 250000000,
        "othersalesrevenuenet": 922000000,
        "salesrevenueservicesnet": 7747000000,
        "fuelcosts": 2166000000,
        "laborandrelatedexpense": 1727000000,
        "airlinecapacitypurchasearrangements": 1300000000,
        "aircraftmaintenancematerialsandrepairs": 485000000,
        "professionalandcontractservicesexpenses": 425000000,
        "depreciationandamortization": 376000000,
        "sellingandmarketingexpense": 369000000,
        "landingfeesandotherrentals": 313000000,
        "othercostofservices": 164000000,
        "aircraftrental": 78000000,
        "restructuringandother": 7000000,
        "othercostandexpenseoperating": 429000000,
        "costsandexpenses": 7839000000,
        "operatingincomeloss": -92000000,
        "interestexpense": 221000000,
        "amortizationofdebtdiscountpremium": 47000000,
        "gainslossesonextinguishmentofdebt": -20000000,
        "othernonoperatingincomeexpense": -9000000,
        "nonoperatingincomeexpense": -297000000,
        "incomelossfromcontinuingoperationsbeforeincometaxesminorityinterestandincomelossfromequitymethodinvestments": -389000000,
        "incometaxexpensebenefit": -71000000,
        "netincomeloss": -318000000,
        "earningspersharebasicanddiluted": -0.38
    },
    {
        "date": "2010-09-29",
        "symbol": "DAL",
        "period": "Q3",
        "passengerrevenuemainline": 6204000000,
        "passengerrevenueregional": 1571000000,
        "passengerrevenue": 7775000000,
        "cargoandfreightrevenue": 227000000,
        "othersalesrevenuenet": 948000000,
        "salesrevenueservicesnet": 8950000000,
        "fuelcosts": 2023000000,
        "laborandrelatedexpense": 1669000000,
        "airlinecapacitypurchasearrangements": 1236000000,
        "aircraftmaintenancematerialsandrepairs": 405000000,
        "professionalandcontractservicesexpenses": 398000000,
        "sellingandmarketingexpense": 404000000,
        "depreciationandamortization": 375000000,
        "landingfeesandotherrentals": 331000000,
        "othercostofservices": 190000000,
        "aircraftrental": 92000000,
        "otherlaborrelatedexpenses": 185000000,
        "restructuringandother": 206000000,
        "othercostandexpenseoperating": 433000000,
        "costsandexpenses": 7947000000,
        "operatingincomeloss": 1003000000,
        "interestexpense": 256000000,
        "amortizationofdebtdiscountpremium": 53000000,
        "investmentincomeinterest": 7000000,
        "gainslossesonextinguishmentofdebt": -360000000,
        "othernonoperatingincomeexpense": 25000000,
        "nonoperatingincomeexpense": -637000000,
        "incomelossfromcontinuingoperationsbeforeincometaxesminorityinterestandincomelossfromequitymethodinvestments": 366000000,
        "incometaxexpensebenefit": 3000000,
        "netincomeloss": 363000000,
        "earningspersharebasic": 0.43,
        "earningspersharediluted": 0.43
    }
]