[
    {
        "date": "2024-09-28",
        "symbol": "LMT",
        "period": "Q3",
        "revenues": 23116000000,
        "costofgoodsandservicessold": -18947000000,
        "otherunallocatedincomeexpense": -249000000,
        "costofrevenue": 14987000000,
        "grossprofit": 2117000000,
        "otheroperatingincomeexpensenet": 23000000,
        "operatingincomeloss": 2140000000,
        "netperiodicdefinedbenefitsexpensereversalofexpenseexcludingservicecostcomponent": -16000000,
        "othernonoperatingincomeexpense": 18000000,
        "incomelossfromcontinuingoperationsbeforeincometaxesextraordinaryitemsnoncontrollinginterest": 1918000000,
        "incometaxexpensebenefit": 295000000,
        "netincomeloss": 1623000000,
        "earningspersharebasic": 6.83,
        "earningspersharediluted": 6.810000000000001,
        "commonstockdividendspersharecashpaid": 3.149999999999999,
        "othercomprehensiveincomelossreclassificationadjustmentfromaocipensionandotherpostretirementbenefitplansnetoftax": 19000000,
        "othercomprehensiveincomeothernetoftax": 57000000,
        "othercomprehensiveincomelossnetoftax": 76000000,
        "comprehensiveincomenetoftax": 1699000000,
        "othercomprehensiveincomelossreclassificationadjustmentfromaocipensionandotherpostretirementbenefitplanstax": 6000000
    },
    {
        "date": "2024-06-29",
        "symbol": "LMT",
        "period": "Q2",
        "revenues": 15109000000,
        "costofgoodsandservicessold": 13520000000,
        "restructuringcostsandassetimpairmentcharges": 87000000,
        "otherunallocatedincomeexpense": -197000000,
        "costofrevenue": 15992000000,
        "grossprofit": 2130000000,
        "otheroperatingincomeexpensenet": 18000000,
        "operatingincomeloss": 2148000000,
        "interestexpensenonoperating": 261000000,
        "netperiodicdefinedbenefitsexpensereversalofexpenseexcludingservicecostcomponent": -15000000,
        "othernonoperatingincomeexpense": 46000000,
        "incomelossfromcontinuingoperationsbeforeincometaxesextraordinaryitemsnoncontrollinginterest": 1948000000,
        "incometaxexpensebenefit": 307000000,
        "netincomeloss": 1641000000,
        "earningspersharebasic": 6.87,
        "earningspersharediluted": 6.85,
        "commonstockdividendspersharecashpaid": 3.15,
        "othercomprehensiveincomelossreclassificationadjustmentfromaocipensionandotherpostretirementbenefitplansnetoftax": 19000000,
        "othercomprehensiveincomeothernetoftax": 23000000,
        "othercomprehensiveincomelossnetoftax": 42000000,
        "comprehensiveincomenetoftax": 1683000000,
        "othercomprehensiveincomelossreclassificationadjustmentfromaocipensionandotherpostretirementbenefitplanstax": 5000000,
        "othercomprehensiveincomelosstax": 8000000
    },
    {
        "date": "2024-03-30",
        "symbol": "LMT",
        "period": "Q1",
        "revenues": 14196000000,
        "costofgoodsandservicessold": 12884000000,
        "otherunallocatedincomeexpense": -285000000,
        "costofrevenue": 15202000000,
        "grossprofit": 1993000000,
        "otheroperatingincomeexpensenet": 36000000,
        "operatingincomeloss": 2029000000,
        "interestexpense": 255000000,
        "netperiodicdefinedbenefitsexpensereversalofexpenseexcludingservicecostcomponent": -16000000,
        "othernonoperatingincomeexpense": 45000000,
        "incomelossfromcontinuingoperationsbeforeincometaxesextraordinaryitemsnoncontrollinginterest": 1835000000,
        "incometaxexpensebenefit": 290000000,
        "netincomeloss": 1545000000,
        "earningspersharebasic": 6.42,
        "earningspersharediluted": 6.39,
        "commonstockdividendspersharecashpaid": 3.15,
        "othercomprehensiveincomelossreclassificationadjustmentfromaocipensionandotherpostretirementbenefitplansnetoftax": 19000000,
        "othercomprehensiveincomeothernetoftax": -27000000,
        "othercomprehensiveincomelossnetoftax": -8000000,
        "comprehensiveincomenetoftax": 1537000000,
        "othercomprehensiveincomelossreclassificationadjustmentfromaocipensionandotherpostretirementbenefitplanstax": 5000000
    },
    {
        "date": "2023-12-30",
        "symbol": "LMT",
        "period": "Q4",
        "revenues": 41657000000,
        "costofgoodsandservicessold": 32709000000,
        "otherunallocatedincomeexpense": -350000000,
        "costofrevenue": 16579000000,
        "grossprofit": 2295000000,
        "otheroperatingincomeexpensenet": -2000000,
        "operatingincomeloss": 2928000000,
        "interestexpense": 254000000,
        "netperiodicdefinedbenefitsexpensereversalofexpenseexcludingservicecostcomponent": -111000000,
        "othernonoperatingincomeexpense": -5000000,
        "incomelossfromcontinuingoperationsbeforeincometaxesextraordinaryitemsnoncontrollinginterest": 2145000000,
        "incometaxexpensebenefit": 279000000,
        "netincomeloss": 1866000000,
        "earningspersharebasic": 7.619999999999998,
        "earningspersharediluted": 7.580000000000001,
        "othercomprehensiveincomelossreclassificationadjustmentfromaocipensionandotherpostretirementbenefitplansnetoftax": -141000000,
        "othercomprehensiveincomeothernetoftax": 70000000,
        "othercomprehensiveincomelossnetoftax": -694000000,
        "comprehensiveincomenetoftax": 1209000000,
        "othercomprehensiveincomelossreclassificationadjustmentfromaocipensionandotherpostretirementbenefitplanstax": 10000000,
        "othercomprehensiveincomelosstax": -7000000
    },
    {
        "date": "2023-09-23",
        "symbol": "LMT",
        "period": "Q3",
        "revenues": 14014000000,
        "costofgoodsandservicessold": 12571000000,
        "otherunallocatedincomeexpense": -251000000,
        "costofrevenue": 14830000000,
        "grossprofit": 2048000000,
        "otheroperatingincomeexpensenet": -6000000,
        "operatingincomeloss": 2042000000,
        "interestexpense": 237000000,
        "netperiodicdefinedbenefitsexpensereversalofexpenseexcludingservicecostcomponent": -111000000,
        "othernonoperatingincomeexpense": 37000000,
        "incomelossfromcontinuingoperationsbeforeincometaxesextraordinaryitemsnoncontrollinginterest": 1953000000,
        "incometaxexpensebenefit": 269000000,
        "netincomeloss": 1684000000,
        "earningspersharebasic": 6.75,
        "earningspersharediluted": 6.73,
        "commonstockdividendspersharecashpaid": 3,
        "othercomprehensiveincomelossreclassificationadjustmentfromaocipensionandotherpostretirementbenefitplansnetoftax": -37000000,
        "othercomprehensiveincomeothernetoftax": -30000000,
        "othercomprehensiveincomelossnetoftax": -67000000,
        "comprehensiveincomenetoftax": 1617000000,
        "othercomprehensiveincomelossreclassificationadjustmentfromaocipensionandotherpostretirementbenefitplanstax": 10000000,
        "othercomprehensiveincomelosstax": 5000000
    },
    {
        "date": "2023-06-24",
        "symbol": "LMT",
        "period": "Q2",
        "revenues": 302000000,
        "costofgoodsandservicessold": 2642000000,
        "otherunallocatedincomeexpense": -277000000,
        "costofrevenue": 14603000000,
        "grossprofit": 2090000000,
        "otheroperatingincomeexpensenet": 45000000,
        "operatingincomeloss": 1855000000,
        "interestexpense": 223000000,
        "netperiodicdefinedbenefitsexpensereversalofexpenseexcludingservicecostcomponent": -111000000,
        "othernonoperatingincomeexpense": -17000000,
        "incomelossfromcontinuingoperationsbeforeincometaxesextraordinaryitemsnoncontrollinginterest": 2006000000,
        "incometaxexpensebenefit": 325000000,
        "netincomeloss": 1681000000,
        "earningspersharebasic": 6.65,
        "earningspersharediluted": 6.63,
        "commonstockdividendspersharecashpaid": 3,
        "othercomprehensiveincomelossreclassificationadjustmentfromaocipensionandotherpostretirementbenefitplansnetoftax": 66000000,
        "othercomprehensiveincomeothernetoftax": 44000000,
        "othercomprehensiveincomelossnetoftax": 7000000,
        "comprehensiveincomenetoftax": 1688000000,
        "othercomprehensiveincomelossreclassificationadjustmentfromaocipensionandotherpostretirementbenefitplanstax": 10000000,
        "othercomprehensiveincomelosstax": 4000000
    },
    {
        "date": "2023-03-25",
        "symbol": "LMT",
        "period": "Q1",
        "revenues": 292000000,
        "costofgoodsandservicessold": 2284000000,
        "otherunallocatedincomeexpense": -355000000,
        "costofrevenue": 13080000000,
        "grossprofit": 2046000000,
        "otheroperatingincomeexpensenet": -9000000,
        "operatingincomeloss": 1682000000,
        "interestexpense": 202000000,
        "netperiodicdefinedbenefitsexpensereversalofexpenseexcludingservicecostcomponent": -110000000,
        "othernonoperatingincomeexpense": 49000000,
        "incomelossfromcontinuingoperationsbeforeincometaxesextraordinaryitemsnoncontrollinginterest": 1994000000,
        "incometaxexpensebenefit": 305000000,
        "netincomeloss": 1689000000,
        "earningspersharebasic": 6.63,
        "earningspersharediluted": 6.61,
        "commonstockdividendspersharecashpaid": 3,
        "othercomprehensiveincomelossreclassificationadjustmentfromaocipensionandotherpostretirementbenefitplansnetoftax": -37000000,
        "othercomprehensiveincomeothernetoftax": -26000000,
        "othercomprehensiveincomelossnetoftax": -26000000,
        "comprehensiveincomenetoftax": 1626000000,
        "othercomprehensiveincomelossreclassificationadjustmentfromaocipensionandotherpostretirementbenefitplanstax": 10000000,
        "othercomprehensiveincomelosstax": 4000000
    },
    {
        "date": "2022-12-30",
        "symbol": "LMT",
        "period": "Q4",
        "revenues": 388000000,
        "costofgoodsandservicessold": 2500000000,
        "grossprofit": 2302000000,
        "otheroperatingincomeexpensenet": -9000000,
        "operatingincomeloss": 2006000000,
        "interestexpense": 202000000,
        "netperiodicdefinedbenefitsexpensereversalofexpenseexcludingservicecostcomponent": -109000000,
        "othernonoperatingincomeexpense": -10000000,
        "incomelossfromcontinuingoperationsbeforeincometaxesextraordinaryitemsnoncontrollinginterest": 2190000000,
        "incometaxexpensebenefit": 278000000,
        "netincomeloss": 1912000000,
        "earningspersharebasic": 7.38,
        "earningspersharediluted": 7.349999999999999,
        "othercomprehensiveincomeothernetoftax": 122000000,
        "othercomprehensiveincomelossnetoftax": 122000000,
        "comprehensiveincomenetoftax": 2023000000
    },
    {
        "date": "2022-09-24",
        "symbol": "LMT",
        "period": "Q3",
        "revenues": 326000000,
        "costofgoodsandservicessold": -19765000000,
        "grossprofit": 2120000000,
        "otheroperatingincomeexpensenet": 39000000,
        "operatingincomeloss": 1856000000,
        "interestexpense": 145000000,
        "netperiodicdefinedbenefitsexpensereversalofexpenseexcludingservicecostcomponent": -111000000,
        "othernonoperatingincomeexpense": -26000000,
        "incomelossfromcontinuingoperationsbeforeincometaxesextraordinaryitemsnoncontrollinginterest": 2099000000,
        "incometaxexpensebenefit": 321000000,
        "netincomeloss": 1778000000,
        "earningspersharebasic": 6.739999999999999,
        "earningspersharediluted": 6.71,
        "commonstockdividendspersharecashpaid": 2.8000000000000007,
        "othercomprehensiveincomeothernetoftax": -126000000,
        "othercomprehensiveincomelossnetoftax": -3027000000,
        "comprehensiveincomenetoftax": 1812000000
    },
    {
        "date": "2022-06-25",
        "symbol": "LMT",
        "period": "Q2",
        "revenues": 330000000,
        "costofgoodsandservicessold": 13490000000,
        "grossprofit": 1956000000,
        "otheroperatingincomeexpensenet": 7000000,
        "operatingincomeloss": 1701000000,
        "interestexpense": 141000000,
        "netperiodicdefinedbenefitsexpensereversalofexpenseexcludingservicecostcomponent": 1331000000,
        "othernonoperatingincomeexpense": -161000000,
        "incomelossfromcontinuingoperationsbeforeincometaxesextraordinaryitemsnoncontrollinginterest": 330000000,
        "incometaxexpensebenefit": 21000000,
        "netincomeloss": 309000000,
        "earningspersharebasic": 1.16,
        "earningspersharediluted": 1.16,
        "commonstockdividendspersharecashpaid": 2.8,
        "othercomprehensiveincomelossdefinedbenefitplangainlossarisingduringperiodandpriorservicecostcreditaftertax": -1698000000,
        "othercomprehensiveincomelossreclassificationadjustmentfromaocipensionandotherpostretirementbenefitplansnetoftax": 47000000,
        "othercomprehensiveincomelossfinalizationofpensionandnonpensionpostretirementplanvaluationnetoftax": 1156000000,
        "othercomprehensiveincomeothernetoftax": -90000000,
        "othercomprehensiveincomelossnetoftax": 2811000000,
        "comprehensiveincomenetoftax": 3120000000,
        "othercomprehensiveincomelosspensionandotherpostretirementbenefitplansbeforereclassificationadjustmentstax": -461000000,
        "othercomprehensiveincomefinalizationofpensionandnonpensionpostretirementplanvaluationtax": -314000000
    },
    {
        "date": "2022-03-26",
        "symbol": "LMT",
        "period": "Q1",
        "revenues": 345000000,
        "costofgoodsandservicessold": 13055000000,
        "grossprofit": 1909000000,
        "otheroperatingincomeexpensenet": 24000000,
        "operatingincomeloss": 1656000000,
        "interestexpense": 135000000,
        "netperiodicdefinedbenefitsexpensereversalofexpenseexcludingservicecostcomponent": -140000000,
        "othernonoperatingincomeexpense": 123000000,
        "incomelossfromcontinuingoperationsbeforeincometaxesextraordinaryitemsnoncontrollinginterest": 2061000000,
        "incometaxexpensebenefit": 328000000,
        "netincomeloss": 1733000000,
        "earningspersharebasic": 6.46,
        "earningspersharediluted": 6.44,
        "commonstockdividendspersharecashpaid": 2.8,
        "othercomprehensiveincomelossreclassificationadjustmentfromaocipensionandotherpostretirementbenefitplansfornetgainlossnetoftax": -48000000,
        "othercomprehensiveincomeothernetoftax": -21000000,
        "othercomprehensiveincomelossnetoftax": -21000000,
        "comprehensiveincomenetoftax": 1760000000
    },
    {
        "date": "2021-09-25",
        "symbol": "LMT",
        "period": "Q3",
        "revenues": 13475000000,
        "costofgoodsandservicessold": 11838000000,
        "severanceandrestructuringcosts": 0,
        "grossprofit": 2302000000,
        "otheroperatingincomeexpensenet": -8000000,
        "operatingincomeloss": 2294000000,
        "interestexpense": 141000000,
        "othernonoperatingincomeexpense": -89000000,
        "incomelossfromcontinuingoperationsbeforeincometaxesextraordinaryitemsnoncontrollinginterest": 679000000,
        "incometaxexpensebenefit": 65000000,
        "netincomeloss": 614000000,
        "earningspersharebasic": 2.2399999999999984,
        "earningspersharediluted": 2.240000000000001,
        "commonstockdividendspersharecashpaid": 2.599999999999999,
        "othercomprehensiveincomelossreclassificationadjustmentfromaocipensionandotherpostretirementbenefitplansfornetgainlossnetoftax": -107000000,
        "othercomprehensiveincomeothernetoftax": -55000000,
        "othercomprehensiveincomelossnetoftax": 3620000000,
        "comprehensiveincomenetoftax": 4234000000
    },
    {
        "date": "2021-06-26",
        "symbol": "LMT",
        "period": "Q2",
        "revenues": 27732000000,
        "costofgoodsandservicessold": 11075000000,
        "severanceandrestructuringcosts": 72000000,
        "grossprofit": 2151000000,
        "otheroperatingincomeexpensenet": 41000000,
        "operatingincomeloss": 2625000000,
        "interestexpense": 142000000,
        "othernonoperatingincomeexpense": 120000000,
        "incomelossfromcontinuingoperationsbeforeincometaxesextraordinaryitemsnoncontrollinginterest": 2170000000,
        "incometaxexpensebenefit": 355000000,
        "netincomeloss": 1815000000,
        "earningspersharebasic": 6.550000000000001,
        "earningspersharediluted": 6.5200000000000005,
        "commonstockdividendspersharecashpaid": 2.6,
        "othercomprehensiveincomelossreclassificationadjustmentfromaocipensionandotherpostretirementbenefitplansfornetgainlossnetoftax": -140000000,
        "othercomprehensiveincomeothernetoftax": 31000000,
        "othercomprehensiveincomelossnetoftax": 311000000,
        "comprehensiveincomenetoftax": 1986000000
    },
    {
        "date": "2021-03-27",
        "symbol": "LMT",
        "period": "Q1",
        "revenues": 279000000,
        "costofgoodsandservicessold": 14072000000,
        "severanceandrestructuringcosts": -36000000,
        "grossprofit": 2186000000,
        "otheroperatingincomeexpensenet": -4000000,
        "operatingincomeloss": 1749000000,
        "interestexpense": 140000000,
        "othernonoperatingincomeexpense": 169000000,
        "incomelossfromcontinuingoperationsbeforeincometaxesextraordinaryitemsnoncontrollinginterest": 2211000000,
        "incometaxexpensebenefit": 374000000,
        "netincomeloss": 1837000000,
        "earningspersharebasic": 6.58,
        "earningspersharediluted": 6.56,
        "commonstockdividendspersharecashpaid": 2.6,
        "othercomprehensiveincomelossreclassificationadjustmentfromaocipensionandotherpostretirementbenefitplansfornetgainlossnetoftax": -140000000,
        "othercomprehensiveincomeothernetoftax": -27000000,
        "othercomprehensiveincomelossnetoftax": -27000000,
        "comprehensiveincomenetoftax": 1950000000
    },
    {
        "date": "2020-12-30",
        "symbol": "LMT",
        "period": "Q4",
        "revenues": 280000000,
        "costofgoodsandservicessold": 14818000000,
        "grossprofit": 2214000000,
        "otheroperatingincomeexpensenet": 75000000,
        "operatingincomeloss": 1875000000,
        "interestexpense": 149000000,
        "othernonoperatingincomeexpense": 47000000,
        "incomelossfromcontinuingoperationsbeforeincometaxesextraordinaryitemsnoncontrollinginterest": 2187000000,
        "incometaxexpensebenefit": 395000000,
        "netincomeloss": 1792000000,
        "earningspersharebasic": 6.410000000000002,
        "earningspersharediluted": 6.380000000000001,
        "othercomprehensiveincomeothernetoftax": 95000000,
        "othercomprehensiveincomelossnetoftax": -125000000,
        "comprehensiveincomenetoftax": 930000000
    },
    {
        "date": "2020-09-26",
        "symbol": "LMT",
        "period": "Q3",
        "revenues": 194000000,
        "costofgoodsandservicessold": 14359000000,
        "grossprofit": 2136000000,
        "otheroperatingincomeexpensenet": 11000000,
        "operatingincomeloss": 1762000000,
        "interestexpense": 145000000,
        "othernonoperatingincomeexpense": 54000000,
        "incomelossfromcontinuingoperationsbeforeincometaxesextraordinaryitemsnoncontrollinginterest": 2056000000,
        "incometaxexpensebenefit": 303000000,
        "incomelossfromcontinuingoperations": 1753000000,
        "incomelossfromdiscontinuedoperationsnetoftaxattributabletoreportingentity": -55000000,
        "netincomeloss": 1698000000,
        "incomelossfromcontinuingoperationsperbasicshare": 6.28,
        "incomelossfromdiscontinuedoperationsnetoftaxperbasicshare": -0.2,
        "earningspersharebasic": 6.08,
        "incomelossfromcontinuingoperationsperdilutedshare": 6.25,
        "incomelossfromdiscontinuedoperationsnetoftaxperdilutedshare": -0.2,
        "earningspersharediluted": 6.05,
        "commonstockdividendspersharecashpaid": 2.4,
        "othercomprehensiveincomelossreclassificationadjustmentfromaocipensionandotherpostretirementbenefitplansfornetgainlossnetoftax": -110000000,
        "othercomprehensiveincomeothernetoftax": 34000000,
        "othercomprehensiveincomelossnetoftax": 144000000,
        "comprehensiveincomenetoftax": 1842000000
    },
    {
        "date": "2020-06-27",
        "symbol": "LMT",
        "period": "Q2",
        "revenues": 239000000,
        "costofgoodsandservicessold": 14007000000,
        "grossprofit": 2213000000,
        "otheroperatingincomeexpensenet": -127000000,
        "operatingincomeloss": 1790000000,
        "interestexpense": 149000000,
        "othernonoperatingincomeexpense": 25000000,
        "incomelossfromcontinuingoperationsbeforeincometaxesextraordinaryitemsnoncontrollinginterest": 1962000000,
        "incometaxexpensebenefit": 336000000,
        "netincomeloss": 1626000000,
        "earningspersharebasic": 5.81,
        "earningspersharediluted": 5.79,
        "commonstockdividendspersharecashpaid": 2.4,
        "othercomprehensiveincomelossreclassificationadjustmentfromaocipensionandotherpostretirementbenefitplansfornetgainlossnetoftax": -110000000,
        "othercomprehensiveincomeothernetoftax": 28000000,
        "othercomprehensiveincomelossnetoftax": 138000000,
        "comprehensiveincomenetoftax": 1764000000
    },
    {
        "date": "2020-03-28",
        "symbol": "LMT",
        "period": "Q1",
        "netincomeloss": 1717000000,
        "othercomprehensiveincomelossreclassificationadjustmentfromaocipensionandotherpostretirementbenefitplansnetoftax": 110000000,
        "othercomprehensiveincomeothernetoftax": -97000000,
        "othercomprehensiveincomelossnetoftax": -97000000,
        "comprehensiveincomenetoftax": 1730000000,
        "revenues": 223000000,
        "costofgoodsandservicessold": 13560000000,
        "grossprofit": 2091000000,
        "otheroperatingincomeexpensenet": 31000000,
        "operatingincomeloss": 1725000000,
        "interestexpense": 148000000,
        "othernonoperatingincomeexpense": 56000000,
        "incomelossfromcontinuingoperationsbeforeincometaxesextraordinaryitemsnoncontrollinginterest": 2030000000,
        "incometaxexpensebenefit": 313000000,
        "earningspersharebasic": 6.1,
        "earningspersharediluted": 6.08,
        "commonstockdividendspersharecashpaid": 2.4
    },
    {
        "date": "2019-09-28",
        "symbol": "LMT",
        "period": "Q3",
        "netincomeloss": 1608000000,
        "othercomprehensiveincomelossreclassificationadjustmentfromaocipensionandotherpostretirementbenefitplansnetoftax": 227000000,
        "othercomprehensiveincomeothernetoftax": -41000000,
        "othercomprehensiveincomelossnetoftax": 186000000,
        "comprehensiveincomenetoftax": 1794000000,
        "revenues": 12728000000,
        "costofgoodsandservicessold": 11339000000,
        "grossprofit": 2063000000,
        "otheroperatingincomeexpensenet": 42000000,
        "operatingincomeloss": 2105000000,
        "interestexpense": 162000000,
        "othernonoperatingincomeexpense": -162000000,
        "incomelossfromcontinuingoperationsbeforeincometaxesextraordinaryitemsnoncontrollinginterest": 1781000000,
        "incometaxexpensebenefit": 173000000,
        "earningspersharebasic": 5.7,
        "earningspersharediluted": 5.66,
        "commonstockdividendspersharecashpaid": 2.2
    },
    {
        "date": "2019-06-29",
        "symbol": "LMT",
        "period": "Q2",
        "netincomeloss": 1420000000,
        "othercomprehensiveincomelossreclassificationadjustmentfromaocipensionandotherpostretirementbenefitplansnetoftax": 227000000,
        "othercomprehensiveincomeothernetoftax": 28000000,
        "othercomprehensiveincomelossnetoftax": 255000000,
        "comprehensiveincomenetoftax": 1675000000,
        "revenues": 12003000000,
        "costofgoodsandservicessold": 10674000000,
        "grossprofit": 1993000000,
        "otheroperatingincomeexpensenet": 15000000,
        "operatingincomeloss": 2008000000,
        "interestexpense": 163000000,
        "othernonoperatingincomeexpense": -162000000,
        "incomelossfromcontinuingoperationsbeforeincometaxesextraordinaryitemsnoncontrollinginterest": 1683000000,
        "incometaxexpensebenefit": 263000000,
        "earningspersharebasic": 5.03,
        "earningspersharediluted": 5,
        "commonstockdividendspersharecashpaid": 2.2
    },
    {
        "date": "2019-03-30",
        "symbol": "LMT",
        "period": "Q1",
        "netincomeloss": 1704000000,
        "othercomprehensiveincomelossreclassificationadjustmentfromaocipensionandotherpostretirementbenefitplansnetoftax": 227000000,
        "othercomprehensiveincomelossnetoftax": 227000000,
        "comprehensiveincomenetoftax": 1931000000,
        "revenues": 11970000000,
        "costofgoodsandservicessold": 10625000000,
        "grossprofit": 2188000000,
        "otheroperatingincomeexpensenet": 95000000,
        "operatingincomeloss": 2283000000,
        "interestexpense": 171000000,
        "othernonoperatingincomeexpense": -167000000,
        "incomelossfromcontinuingoperationsbeforeincometaxesextraordinaryitemsnoncontrollinginterest": 1945000000,
        "incometaxexpensebenefit": 241000000,
        "earningspersharebasic": 6.03,
        "earningspersharediluted": 5.99,
        "commonstockdividendspersharecashpaid": 2.2
    },
    {
        "date": "2018-12-30",
        "symbol": "LMT",
        "period": "Q4",
        "netincomeloss": 1253000000,
        "othercomprehensiveincomelossreclassificationadjustmentfromaocipensionandotherpostretirementbenefitplansnetoftax": 302000000,
        "othercomprehensiveincomeothernetoftax": -45000000,
        "othercomprehensiveincomelossnetoftax": -244000000,
        "comprehensiveincomenetoftax": 1009000000,
        "costofgoodsandservicessold": 2012000000,
        "grossprofit": 1942000000,
        "otheroperatingincomeexpensenet": -91000000,
        "operatingincomeloss": 224000000,
        "interestexpense": 171000000,
        "othernonoperatingincomeexpense": -197000000,
        "incomelossfromcontinuingoperationsbeforeincometaxesextraordinaryitemsnoncontrollinginterest": 1483000000,
        "incometaxexpensebenefit": 230000000,
        "earningspersharebasic": 4.429999999999999,
        "earningspersharediluted": 4.379999999999999
    },
    {
        "date": "2018-09-29",
        "symbol": "LMT",
        "period": "Q3",
        "netincomeloss": 1473000000,
        "othercomprehensiveincomelossreclassificationadjustmentfromaocipensionandotherpostretirementbenefitplansnetoftax": 300000000,
        "othercomprehensiveincomeothernetoftax": 18000000,
        "othercomprehensiveincomelossnetoftax": 318000000,
        "comprehensiveincomenetoftax": 1791000000,
        "costofgoodsandservicessold": -6218000000,
        "grossprofit": 1921000000,
        "otheroperatingincomeexpensenet": 42000000,
        "operatingincomeloss": -1168000000,
        "interestexpense": 177000000,
        "othernonoperatingincomeexpense": -211000000,
        "incomelossfromcontinuingoperationsbeforeincometaxesextraordinaryitemsnoncontrollinginterest": 1575000000,
        "incometaxexpensebenefit": 102000000,
        "earningspersharebasic": 5.180000000000001,
        "earningspersharediluted": 5.140000000000001,
        "commonstockdividendspersharecashpaid": 2
    },
    {
        "date": "2018-06-23",
        "symbol": "LMT",
        "period": "Q2",
        "netincomeloss": 1163000000,
        "othercomprehensiveincomelossreclassificationadjustmentfromaocipensionandotherpostretirementbenefitplansnetoftax": 300000000,
        "othercomprehensiveincomeothernetoftax": -106000000,
        "othercomprehensiveincomelossnetoftax": 194000000,
        "comprehensiveincomenetoftax": 1357000000,
        "revenuefromcontractwithcustomerexcludingassessedtax": 2426000000,
        "costofgoodsandservicessold": 1967000000,
        "restructuringcharges": 96000000,
        "grossprofit": 1753000000,
        "otheroperatingincomeexpensenet": 42000000,
        "operatingincomeloss": 274000000,
        "interestexpense": 165000000,
        "othernonoperatingincomeexpense": -210000000,
        "incomelossfromcontinuingoperationsbeforeincometaxesextraordinaryitemsnoncontrollinginterest": 1420000000,
        "incometaxexpensebenefit": 257000000,
        "earningspersharebasic": 4.08,
        "earningspersharediluted": 4.05,
        "commonstockdividendspersharecashpaid": 2
    },
    {
        "date": "2018-03-24",
        "symbol": "LMT",
        "period": "Q1",
        "netincomeloss": 1157000000,
        "othercomprehensiveincomelossreclassificationadjustmentfromaocipensionandotherpostretirementbenefitplansnetoftax": 300000000,
        "othercomprehensiveincomeothernetoftax": 58000000,
        "othercomprehensiveincomelossnetoftax": 358000000,
        "comprehensiveincomenetoftax": 1515000000,
        "salesrevenuegoodsnet": 9762000000,
        "salesrevenueservicesnet": 1873000000,
        "salesrevenuenet": 815000000,
        "costofgoodssold": 8697000000,
        "costofservices": 1689000000,
        "otherunallocatednet": -409000000,
        "costofgoodsandservicessold": 9977000000,
        "grossprofit": 1658000000,
        "otheroperatingincomeexpensenet": 67000000,
        "operatingincomeloss": 1725000000,
        "interestexpense": 155000000,
        "othernonoperatingincomeexpense": -210000000,
        "incomelossfromcontinuingoperationsbeforeincometaxesextraordinaryitemsnoncontrollinginterest": 1360000000,
        "incometaxexpensebenefit": 203000000,
        "earningspersharebasic": 4.05,
        "earningspersharediluted": 4.02,
        "commonstockdividendspersharecashpaid": 2
    },
    {
        "date": "2017-12-30",
        "symbol": "LMT",
        "period": "Q4",
        "netincomeloss": -642000000,
        "othercomprehensiveincomelossreclassificationadjustmentfromaocipensionandotherpostretirementbenefitplansnetoftax": 200000000,
        "othercomprehensiveincomeothernetoftax": 3000000,
        "othercomprehensiveincomelossnetoftax": -1180000000,
        "comprehensiveincomenetoftax": -1822000000,
        "salesrevenuegoodsnet": 13038000000,
        "salesrevenueservicesnet": 2099000000,
        "salesrevenuenet": 2447000000,
        "costofgoodssold": 11831000000,
        "costofservices": 1858000000,
        "otherunallocatednet": -171000000,
        "costofgoodsandservicessold": 13518000000,
        "grossprofit": 1619000000,
        "otheroperatingincomeexpensenet": 240000000,
        "operatingincomeloss": 5997000000,
        "interestexpense": 174000000,
        "othernonoperatingincomeexpense": 7000000,
        "incomelossfromcontinuingoperationsbeforeincometaxesextraordinaryitemsnoncontrollinginterest": 1692000000,
        "incometaxexpensebenefit": 2407000000,
        "incomelossfromcontinuingoperations": -715000000,
        "incomelossfromcontinuingoperationsperbasicshare": -2.5300000000000002,
        "earningspersharebasic": -2.2700000000000005,
        "incomelossfromcontinuingoperationsperdilutedshare": -2.5099999999999993,
        "earningspersharediluted": -2.2599999999999993
    },
    {
        "date": "2017-09-23",
        "symbol": "LMT",
        "period": "Q3",
        "netincomeloss": 939000000,
        "othercomprehensiveincomelossreclassificationadjustmentfromaocipensionandotherpostretirementbenefitplansnetoftax": 200000000,
        "othercomprehensiveincomeothernetoftax": 77000000,
        "othercomprehensiveincomelossnetoftax": 337000000,
        "comprehensiveincomenetoftax": 1216000000,
        "salesrevenuegoodsnet": 10496000000,
        "salesrevenueservicesnet": 1673000000,
        "salesrevenuenet": 3900000000,
        "costofgoodssold": 9481000000,
        "costofservices": 1513000000,
        "otherunallocatednet": -176000000,
        "costofgoodsandservicessold": 10818000000,
        "grossprofit": 1351000000,
        "otheroperatingincomeexpensenet": 77000000,
        "operatingincomeloss": 275000000,
        "interestexpense": 162000000,
        "othernonoperatingincomeexpense": -7000000,
        "incomelossfromcontinuingoperationsbeforeincometaxesextraordinaryitemsnoncontrollinginterest": 1259000000,
        "incometaxexpensebenefit": 320000000,
        "incomelossfromcontinuingoperations": 939000000,
        "incomelossfromcontinuingoperationsperbasicshare": 3.26,
        "earningspersharebasic": 3.26,
        "incomelossfromcontinuingoperationsperdilutedshare": 3.2399999999999998,
        "earningspersharediluted": 3.2399999999999998,
        "commonstockdividendspersharecashpaid": 1.8199999999999996
    },
    {
        "date": "2017-06-24",
        "symbol": "LMT",
        "period": "Q2",
        "salesrevenuegoodsnet": 10828000000,
        "salesrevenueservicesnet": 1857000000,
        "salesrevenuenet": 25000000,
        "costofgoodssold": 9751000000,
        "costofservices": 1658000000,
        "otherunallocatednet": -149000000,
        "costofgoodsandservicessold": 11260000000,
        "grossprofit": 1425000000,
        "otheroperatingincomeexpensenet": 60000000,
        "operatingincomeloss": 379000000,
        "interestexpense": 160000000,
        "othernonoperatingincomeexpense": -2000000,
        "incomelossfromcontinuingoperationsbeforeincometaxesextraordinaryitemsnoncontrollinginterest": 1323000000,
        "incometaxexpensebenefit": 381000000,
        "incomelossfromcontinuingoperations": 942000000,
        "netincomeloss": 942000000,
        "incomelossfromcontinuingoperationsperbasicshare": 3.2700000000000005,
        "earningspersharebasic": 3.2700000000000005,
        "incomelossfromcontinuingoperationsperdilutedshare": 3.23,
        "earningspersharediluted": 3.23,
        "commonstockdividendspersharecashpaid": 1.82,
        "othercomprehensiveincomelossreclassificationadjustmentfromaocipensionandotherpostretirementbenefitplansnetoftax": 200000000,
        "othercomprehensiveincomepostretirementbenefitplansunrecognizedamountsnetoftax": 0,
        "othercomprehensiveincomeothernetoftax": 55000000,
        "othercomprehensiveincomelossnetoftax": 200000000,
        "comprehensiveincomenetoftax": 1197000000
    },
    {
        "date": "2017-03-25",
        "symbol": "LMT",
        "period": "Q1",
        "salesrevenuegoodsnet": 9513000000,
        "salesrevenueservicesnet": 1544000000,
        "salesrevenuenet": 3101000000,
        "costofgoodssold": 8687000000,
        "costofservices": 1376000000,
        "otherunallocatednet": -159000000,
        "costofgoodsandservicessold": 9904000000,
        "grossprofit": 1153000000,
        "otheroperatingincomeexpensenet": -4000000,
        "operatingincomeloss": 108000000,
        "interestexpense": 155000000,
        "othernonoperatingincomeexpense": 1000000,
        "incomelossfromcontinuingoperationsbeforeincometaxesextraordinaryitemsnoncontrollinginterest": 995000000,
        "incometaxexpensebenefit": 232000000,
        "incomelossfromcontinuingoperations": 763000000,
        "netincomeloss": 763000000,
        "incomelossfromcontinuingoperationsperbasicshare": 2.63,
        "earningspersharebasic": 2.63,
        "incomelossfromcontinuingoperationsperdilutedshare": 2.61,
        "earningspersharediluted": 2.61,
        "commonstockdividendspersharecashpaid": 1.82,
        "othercomprehensiveincomelossreclassificationadjustmentfromaocipensionandotherpostretirementbenefitplansnetoftax": 202000000,
        "othercomprehensiveincomepostretirementbenefitplansunrecognizedamountsnetoftax": 3000000,
        "othercomprehensiveincomeothernetoftax": 5000000,
        "othercomprehensiveincomelossnetoftax": 205000000,
        "comprehensiveincomenetoftax": 973000000
    },
    {
        "date": "2016-12-30",
        "symbol": "LMT",
        "period": "Q4",
        "salesrevenuegoodsnet": 11736000000,
        "salesrevenueservicesnet": 2016000000,
        "salesrevenuenet": 23817000000,
        "costofgoodssold": 10829000000,
        "costofservices": 1719000000,
        "otherunallocatednet": -632000000,
        "costofgoodsandservicessold": 12399000000,
        "grossprofit": 1353000000,
        "otheroperatingincomeexpensenet": 75000000,
        "operatingincomeloss": 228000000,
        "interestexpense": 171000000,
        "incomelossfromcontinuingoperationsbeforeincometaxesextraordinaryitemsnoncontrollinginterest": 1255000000,
        "incometaxexpensebenefit": 296000000,
        "netincomeloss": 988000000,
        "earningspersharebasic": 3.430000000000001,
        "earningspersharediluted": -10.97,
        "othercomprehensiveincomelossreclassificationadjustmentfromaocipensionandotherpostretirementbenefitplansnetoftax": 178000000,
        "othercomprehensiveincomeothernetoftax": -57000000,
        "othercomprehensiveincomelossnetoftax": -1054000000,
        "comprehensiveincomenetoftax": -123000000
    },
    {
        "date": "2016-09-24",
        "symbol": "LMT",
        "period": "Q3",
        "salesrevenuegoodsnet": 9640000000,
        "salesrevenueservicesnet": -760000000,
        "salesrevenuenet": 6539000000,
        "costofgoodssold": 8609000000,
        "costofservices": -690000000,
        "otherunallocatednet": 413000000,
        "costofgoodsandservicessold": 7830000000,
        "grossprofit": 1050000000,
        "otheroperatingincomeexpensenet": 208000000,
        "operatingincomeloss": 204000000,
        "interestexpense": 162000000,
        "incomelossfromcontinuingoperationsbeforeincometaxesextraordinaryitemsnoncontrollinginterest": 1097000000,
        "incometaxexpensebenefit": 222000000,
        "netincomeloss": 2395000000,
        "earningspersharebasic": 7.959999999999999,
        "earningspersharediluted": 7.869999999999999,
        "commonstockdividendspersharecashpaid": 1.6500000000000004,
        "othercomprehensiveincomelossreclassificationadjustmentfromaocipensionandotherpostretirementbenefitplansnetoftax": 175000000,
        "othercomprehensiveincomeothernetoftax": 72000000,
        "othercomprehensiveincomelossnetoftax": 41000000,
        "comprehensiveincomenetoftax": 2508000000
    },
    {
        "date": "2016-06-25",
        "symbol": "LMT",
        "period": "Q2",
        "salesrevenuegoodsnet": 10045000000,
        "salesrevenueservicesnet": 2869000000,
        "salesrevenuenet": 1680000000,
        "costofgoodssold": 9086000000,
        "costofservices": 2548000000,
        "severancecharges": 85000000,
        "otherunallocatednet": -144000000,
        "costofgoodsandservicessold": 11490000000,
        "grossprofit": 1424000000,
        "otheroperatingincomeexpensenet": 142000000,
        "operatingincomeloss": -749000000,
        "interestexpense": 166000000,
        "othernonoperatingincomeexpense": 0,
        "incomelossfromcontinuingoperationsbeforeincometaxesextraordinaryitemsnoncontrollinginterest": 1400000000,
        "incometaxexpensebenefit": 275000000,
        "netincomeloss": 1125000000,
        "earningspersharebasic": 3.7100000000000004,
        "earningspersharediluted": 3.6500000000000004,
        "commonstockdividendspersharecashpaid": 1.65,
        "othercomprehensiveincomelossreclassificationadjustmentfromaocipensionandotherpostretirementbenefitplansnetoftax": 173000000,
        "othercomprehensiveincomeothernetoftax": -23000000,
        "othercomprehensiveincomelossnetoftax": 173000000,
        "comprehensiveincomenetoftax": 1275000000
    },
    {
        "date": "2016-03-26",
        "symbol": "LMT",
        "period": "Q1",
        "salesrevenuegoodsnet": 8944000000,
        "salesrevenueservicesnet": 2758000000,
        "salesrevenuenet": 1434000000,
        "costofgoodssold": 8092000000,
        "costofservices": 2463000000,
        "severancecharges": 14000000,
        "otherunallocatednet": -187000000,
        "costofgoodsandservicessold": 10467000000,
        "grossprofit": 1235000000,
        "otheroperatingincomeexpensenet": 62000000,
        "operatingincomeloss": 1223000000,
        "interestexpense": 164000000,
        "othernonoperatingincomeexpense": 1000000,
        "incomelossfromcontinuingoperationsbeforeincometaxesextraordinaryitemsnoncontrollinginterest": 1134000000,
        "incometaxexpensebenefit": 340000000,
        "netincomeloss": 794000000,
        "earningspersharebasic": 2.61,
        "earningspersharediluted": 2.58,
        "commonstockdividendspersharecashpaid": 1.65,
        "othercomprehensiveincomelossreclassificationadjustmentfromaocipensionandotherpostretirementbenefitplansnetoftax": 173000000,
        "othercomprehensiveincomeothernetoftax": 17000000,
        "othercomprehensiveincomelossnetoftax": 173000000,
        "comprehensiveincomenetoftax": 984000000
    },
    {
        "date": "2015-12-30",
        "symbol": "LMT",
        "period": "Q4",
        "salesrevenuegoodsnet": 10062000000,
        "salesrevenueservicesnet": 2855000000,
        "salesrevenuenet": -4906000000,
        "costofgoodssold": 9084000000,
        "costofservices": 2518000000,
        "otherunallocatednet": -62000000,
        "costofgoodsandservicessold": 11607000000,
        "grossprofit": 1310000000,
        "otheroperatingincomeexpensenet": -29000000,
        "operatingincomeloss": 2227000000,
        "interestexpense": 142000000,
        "othernonoperatingincomeexpense": 24000000,
        "incomelossfromcontinuingoperationsbeforeincometaxesextraordinaryitemsnoncontrollinginterest": 1163000000,
        "incometaxexpensebenefit": 230000000,
        "netincomeloss": 240000000,
        "earningspersharebasic": 3.06,
        "earningspersharediluted": 0.8399999999999999,
        "othercomprehensiveincomelossreclassificationadjustmentfromaocipensionandotherpostretirementbenefitplansnetoftax": 213000000,
        "othercomprehensiveincomeothernetoftax": 15000000,
        "othercomprehensiveincomelossnetoftax": -107000000,
        "comprehensiveincomenetoftax": 810000000
    },
    {
        "date": "2015-09-26",
        "symbol": "LMT",
        "period": "Q3",
        "salesrevenuegoodsnet": 8810000000,
        "salesrevenueservicesnet": 2651000000,
        "salesrevenuenet": 1938000000,
        "costofgoodssold": 7869000000,
        "costofservices": 2326000000,
        "severancecharges": 35000000,
        "otherunallocatednet": -25000000,
        "costofgoodsandservicessold": 10205000000,
        "grossprofit": 1256000000,
        "otheroperatingincomeexpensenet": 98000000,
        "operatingincomeloss": 1369000000,
        "interestexpense": 104000000,
        "othernonoperatingincomeexpense": 1000000,
        "incomelossfromcontinuingoperationsbeforeincometaxesextraordinaryitemsnoncontrollinginterest": 1251000000,
        "incometaxexpensebenefit": 386000000,
        "netincomeloss": 285000000,
        "earningspersharebasic": 2.8,
        "earningspersharediluted": 0.91,
        "commonstockdividendspersharecashpaid": 1.5,
        "othercomprehensiveincomelossreclassificationadjustmentfromaocipensionandotherpostretirementbenefitplansnetoftax": 212000000,
        "othercomprehensiveincomeothernetoftax": -77000000,
        "othercomprehensiveincomelossnetoftax": 135000000,
        "comprehensiveincomenetoftax": 1000000000
    },
    {
        "date": "2015-06-27",
        "symbol": "LMT",
        "period": "Q2",
        "salesrevenuegoodsnet": 9157000000,
        "salesrevenueservicesnet": 2486000000,
        "salesrevenuenet": 1777000000,
        "costofgoodssold": 8102000000,
        "costofservices": 2216000000,
        "otherunallocatednet": -46000000,
        "costofgoodsandservicessold": 10272000000,
        "grossprofit": 1371000000,
        "otheroperatingincomeexpensenet": 74000000,
        "operatingincomeloss": 1400000000,
        "interestexpense": 104000000,
        "othernonoperatingincomeexpense": 2000000,
        "incomelossfromcontinuingoperationsbeforeincometaxesextraordinaryitemsnoncontrollinginterest": 1343000000,
        "incometaxexpensebenefit": 414000000,
        "netincomeloss": 355000000,
        "earningspersharebasic": 2.98,
        "earningspersharediluted": 1.12,
        "commonstockdividendspersharecashpaid": 1.5,
        "othercomprehensiveincomelossreclassificationadjustmentfromaocipensionandotherpostretirementbenefitplansnetoftax": 213000000,
        "othercomprehensiveincomeothernetoftax": 46000000,
        "othercomprehensiveincomelossnetoftax": 259000000,
        "comprehensiveincomenetoftax": 1188000000
    },
    {
        "date": "2015-03-28",
        "symbol": "LMT",
        "period": "Q1",
        "salesrevenuegoodsnet": 7853000000,
        "salesrevenueservicesnet": 2258000000,
        "salesrevenuenet": 1651000000,
        "costofgoodssold": 6951000000,
        "costofservices": 1951000000,
        "otherunallocatednet": -54000000,
        "costofgoodsandservicessold": 8848000000,
        "grossprofit": 1263000000,
        "otheroperatingincomeexpensenet": 93000000,
        "operatingincomeloss": 490000000,
        "interestexpense": 93000000,
        "othernonoperatingincomeexpense": 3000000,
        "incomelossfromcontinuingoperationsbeforeincometaxesextraordinaryitemsnoncontrollinginterest": 1266000000,
        "incometaxexpensebenefit": 388000000,
        "netincomeloss": 320000000,
        "earningspersharebasic": 2.78,
        "earningspersharediluted": 1,
        "commonstockdividendspersharecashpaid": 1.5,
        "othercomprehensiveincomelossreclassificationadjustmentfromaocipensionandotherpostretirementbenefitplansnetoftax": 212000000,
        "othercomprehensiveincomeothernetoftax": -57000000,
        "othercomprehensiveincomelossnetoftax": 212000000,
        "comprehensiveincomenetoftax": 1033000000
    },
    {
        "date": "2014-12-30",
        "symbol": "LMT",
        "period": "Q4",
        "salesrevenuegoodsnet": 10101000000,
        "salesrevenueservicesnet": 2429000000,
        "salesrevenuenet": -3384000000,
        "costofgoodssold": 9037000000,
        "costofservices": 2152000000,
        "otherunallocatednet": -46000000,
        "costofgoodsandservicessold": 11262000000,
        "grossprofit": 1268000000,
        "otheroperatingincomeexpensenet": 74000000,
        "operatingincomeloss": 400000000,
        "interestexpense": 87000000,
        "incomelossfromcontinuingoperationsbeforeincometaxesextraordinaryitemsnoncontrollinginterest": 1258000000,
        "incometaxexpensebenefit": 354000000,
        "netincomeloss": 215000000,
        "earningspersharebasic": 2.870000000000001,
        "earningspersharediluted": 0.8099999999999996,
        "othercomprehensiveincomeothernetoftax": -57000000,
        "othercomprehensiveincomelossnetoftax": -1949000000,
        "comprehensiveincomenetoftax": -1102000000
    },
    {
        "date": "2014-09-27",
        "symbol": "LMT",
        "period": "Q3",
        "salesrevenuegoodsnet": 8602000000,
        "salesrevenueservicesnet": 2512000000,
        "salesrevenuenet": 1679000000,
        "costofgoodssold": 7659000000,
        "costofservices": 2228000000,
        "otherunallocatednet": -48000000,
        "costofgoodsandservicessold": 9839000000,
        "grossprofit": 1275000000,
        "otheroperatingincomeexpensenet": 117000000,
        "operatingincomeloss": 965000000,
        "interestexpense": 82000000,
        "incomelossfromcontinuingoperationsbeforeincometaxesextraordinaryitemsnoncontrollinginterest": 1311000000,
        "incometaxexpensebenefit": 423000000,
        "netincomeloss": -937000000,
        "earningspersharebasic": 2.8099999999999987,
        "earningspersharediluted": -2.8899999999999997,
        "commonstockdividendspersharecashpaid": 1.33,
        "othercomprehensiveincomeothernetoftax": -66000000,
        "othercomprehensiveincomelossnetoftax": 186000000,
        "comprehensiveincomenetoftax": 1008000000
    },
    {
        "date": "2014-06-28",
        "symbol": "LMT",
        "period": "Q2",
        "salesrevenuegoodsnet": 8980000000,
        "salesrevenueservicesnet": 2326000000,
        "salesrevenuenet": 1771000000,
        "costofgoodssold": 7930000000,
        "costofservices": 2063000000,
        "otherunallocatednet": -28000000,
        "costofgoodsandservicessold": 9965000000,
        "grossprofit": 1341000000,
        "otheroperatingincomeexpensenet": 85000000,
        "operatingincomeloss": -994000000,
        "interestexpense": 85000000,
        "othernonoperatingincomeexpense": 0,
        "incomelossfromcontinuingoperationsbeforeincometaxesextraordinaryitemsnoncontrollinginterest": 1341000000,
        "incometaxexpensebenefit": 452000000,
        "netincomeloss": 889000000,
        "earningspersharebasic": 2.8100000000000005,
        "earningspersharediluted": 2.76,
        "commonstockdividendspersharecashpaid": 1.33,
        "othercomprehensiveincomeothernetoftax": 21000000,
        "othercomprehensiveincomelossnetoftax": -568000000,
        "comprehensiveincomenetoftax": 342000000
    },
    {
        "date": "2014-03-29",
        "symbol": "LMT",
        "period": "Q1",
        "salesrevenuegoodsnet": 8410000000,
        "salesrevenueservicesnet": 2240000000,
        "salesrevenuenet": 1628000000,
        "costofgoodssold": 7339000000,
        "costofservices": 1950000000,
        "otherunallocatednet": -10000000,
        "costofgoodsandservicessold": 9279000000,
        "grossprofit": 1371000000,
        "otheroperatingincomeexpensenet": 61000000,
        "operatingincomeloss": 1429000000,
        "interestexpense": 86000000,
        "othernonoperatingincomeexpense": 2000000,
        "incomelossfromcontinuingoperationsbeforeincometaxesextraordinaryitemsnoncontrollinginterest": 1348000000,
        "incometaxexpensebenefit": 415000000,
        "netincomeloss": 933000000,
        "earningspersharebasic": 2.92,
        "earningspersharediluted": 2.87,
        "commonstockdividendspersharecashpaid": 1.33,
        "othercomprehensiveincomelossreclassificationadjustmentfromaocipensionandotherpostretirementbenefitplansnetoftax": 167000000,
        "othercomprehensiveincomeothernetoftax": -3000000,
        "othercomprehensiveincomelossnetoftax": 167000000,
        "comprehensiveincomenetoftax": 1097000000
    },
    {
        "date": "2013-12-30",
        "symbol": "LMT",
        "period": "Q4",
        "salesrevenuegoodsnet": 9121000000,
        "salesrevenueservicesnet": 2412000000,
        "salesrevenuenet": 3348000000,
        "costofgoodssold": 8101000000,
        "costofservices": 2115000000,
        "othercostandexpenseoperating": 213000000,
        "costofgoodsandservicessold": 10795000000,
        "grossprofit": 738000000,
        "otheroperatingincomeexpensenet": 96000000,
        "operatingincomeloss": 1421000000,
        "interestexpense": 86000000,
        "incomelossfromcontinuingoperationsbeforeincometaxesextraordinaryitemsnoncontrollinginterest": 746000000,
        "netincomeloss": 488000000,
        "earningspersharebasic": 1.5299999999999994,
        "earningspersharediluted": 1.5000000000000009,
        "othercomprehensiveincomeothernetoftax": 12000000,
        "othercomprehensiveincomelossnetoftax": 3122000000,
        "comprehensiveincomenetoftax": 3622000000
    },
    {
        "date": "2013-09-28",
        "symbol": "LMT",
        "period": "Q3",
        "salesrevenuegoodsnet": 8859000000,
        "salesrevenueservicesnet": 2488000000,
        "salesrevenuenet": 11347000000,
        "costofgoodssold": 7759000000,
        "costofservices": 2202000000,
        "othercostandexpenseoperating": 202000000,
        "costofgoodsandservicessold": 10163000000,
        "grossprofit": 1184000000,
        "otheroperatingincomeexpensenet": 70000000,
        "operatingincomeloss": 1455000000,
        "interestexpense": 84000000,
        "othernonoperatingincomeexpense": 3000000,
        "incomelossfromcontinuingoperationsbeforeincometaxesextraordinaryitemsnoncontrollinginterest": 1173000000,
        "netincomeloss": 873000000,
        "earningspersharebasic": 2.7199999999999998,
        "earningspersharediluted": 2.66,
        "commonstockdividendspersharecashpaid": 1.1500000000000004,
        "othercomprehensiveincomeothernetoftax": 52000000,
        "othercomprehensiveincomelossnetoftax": 254000000,
        "comprehensiveincomenetoftax": 1179000000
    },
    {
        "date": "2013-06-29",
        "symbol": "LMT",
        "period": "Q2",
        "salesrevenuegoodsnet": 9005000000,
        "salesrevenueservicesnet": 2403000000,
        "salesrevenuenet": 20648000000,
        "costofgoodssold": 7815000000,
        "costofservices": 2137000000,
        "severancecharges": 0,
        "othercostandexpenseoperating": 232000000,
        "costofgoodsandservicessold": 10184000000,
        "grossprofit": 1224000000,
        "otheroperatingincomeexpensenet": 74000000,
        "operatingincomeloss": 2675000000,
        "interestexpense": 88000000,
        "othernonoperatingincomeexpense": 1000000,
        "incomelossfromcontinuingoperationsbeforeincometaxesextraordinaryitemsnoncontrollinginterest": 1211000000,
        "netincomeloss": 859000000,
        "earningspersharebasic": 2.67,
        "earningspersharediluted": 2.6399999999999997,
        "commonstockdividendspersharecashpaid": 1.15,
        "othercomprehensiveincomeothernetoftax": -12000000,
        "othercomprehensiveincomelossnetoftax": 253000000,
        "comprehensiveincomenetoftax": 1100000000
    },
    {
        "date": "2013-03-30",
        "symbol": "LMT",
        "period": "Q1",
        "salesrevenuegoodsnet": 8706000000,
        "salesrevenueservicesnet": 2364000000,
        "salesrevenuenet": 1830000000,
        "costofgoodssold": 7671000000,
        "costofservices": 2134000000,
        "severancecharges": 30000000,
        "othercostandexpenseoperating": 194000000,
        "costofgoodsandservicessold": 10029000000,
        "grossprofit": 1041000000,
        "otheroperatingincomeexpensenet": 78000000,
        "operatingincomeloss": 201000000,
        "interestexpense": 92000000,
        "othernonoperatingincomeexpense": -2000000,
        "incomelossfromcontinuingoperationsbeforeincometaxesextraordinaryitemsnoncontrollinginterest": 1025000000,
        "incometaxexpensebenefitcontinuingoperations": 264000000,
        "netincomeloss": 761000000,
        "earningspersharebasic": 2.37,
        "earningspersharediluted": 2.33,
        "commonstockdividendspersharecashpaid": 1.15,
        "othercomprehensiveincomepostretirementbenefitplansreclassificationadjustmentforrecognitionofpreviouslydeferredamountsnetoftax": 254000000,
        "othercomprehensiveincomeothernetoftax": -43000000,
        "othercomprehensiveincomelossnetoftax": 254000000,
        "comprehensiveincomenetoftax": 972000000
    },
    {
        "date": "2012-12-30",
        "symbol": "LMT",
        "period": "Q4",
        "salesrevenuegoodsnet": 9631000000,
        "salesrevenueservicesnet": 2468000000,
        "salesrevenuenet": 1246000000,
        "costofgoodssold": 8651000000,
        "costofservices": 2197000000,
        "othercostandexpenseoperating": 165000000,
        "costofgoodsandservicessold": 11038000000,
        "grossprofit": 1061000000,
        "otheroperatingincomeexpensenet": 66000000,
        "operatingincomeloss": -3507000000,
        "interestexpense": 94000000,
        "othernonoperatingincomeexpense": -72000000,
        "incomelossfromcontinuingoperationsbeforeincometaxesextraordinaryitemsnoncontrollinginterest": 961000000,
        "incometaxexpensebenefitcontinuingoperations": 389000000,
        "incomelossfromcontinuingoperations": 572000000,
        "netincomeloss": 569000000,
        "incomelossfromcontinuingoperationsperbasicshare": 1.7700000000000005,
        "earningspersharebasic": 1.7600000000000002,
        "incomelossfromcontinuingoperationsperdilutedshare": 1.7499999999999996,
        "earningspersharediluted": 1.7399999999999998,
        "othercomprehensiveincomepostretirementbenefitplansreclassificationadjustmentforrecognitionofpreviouslydeferredamountsnetoftax": 249000000,
        "othercomprehensiveincomeothernetoftax": 44000000,
        "comprehensiveincomenetoftax": -2342000000
    },
    {
        "date": "2012-09-29",
        "symbol": "LMT",
        "period": "Q3",
        "salesrevenuegoodsnet": 9495000000,
        "salesrevenueservicesnet": 2374000000,
        "salesrevenuenet": 2061000000,
        "costofgoodssold": 8413000000,
        "costofservices": 2154000000,
        "severancecharges": 23000000,
        "othercostandexpenseoperating": 298000000,
        "costofgoodsandservicessold": 10888000000,
        "grossprofit": 981000000,
        "otheroperatingincomeexpensenet": 117000000,
        "operatingincomeloss": 1434000000,
        "interestexpense": 97000000,
        "othernonoperatingincomeexpense": 45000000,
        "incomelossfromcontinuingoperationsbeforeincometaxesextraordinaryitemsnoncontrollinginterest": 1046000000,
        "incometaxexpensebenefitcontinuingoperations": 319000000,
        "incomelossfromcontinuingoperations": 727000000,
        "netincomeloss": 727000000,
        "incomelossfromcontinuingoperationsperbasicshare": 2.25,
        "earningspersharebasic": 2.25,
        "incomelossfromcontinuingoperationsperdilutedshare": 2.21,
        "earningspersharediluted": 2.21,
        "commonstockdividendspersharecashpaid": 1,
        "othercomprehensiveincomepostretirementbenefitplansreclassificationadjustmentforrecognitionofpreviouslydeferredamountsnetoftax": 203000000,
        "othercomprehensiveincomeothernetoftax": 79000000,
        "othercomprehensiveincomelossnetoftax": 282000000,
        "comprehensiveincomenetoftax": 1009000000
    },
    {
        "date": "2012-06-23",
        "symbol": "LMT",
        "period": "Q2",
        "salesrevenuegoodsnet": 9543000000,
        "salesrevenueservicesnet": 2378000000,
        "salesrevenuenet": 2384000000,
        "costofgoodssold": 8351000000,
        "costofservices": 2115000000,
        "othercostandexpenseoperating": 275000000,
        "costofgoodsandservicessold": 10741000000,
        "grossprofit": 1180000000,
        "otheroperatingincomeexpensenet": 20000000,
        "operatingincomeloss": 1470000000,
        "interestexpense": 96000000,
        "othernonoperatingincomeexpense": 13000000,
        "incomelossfromcontinuingoperationsbeforeincometaxesextraordinaryitemsnoncontrollinginterest": 1117000000,
        "incometaxexpensebenefitcontinuingoperations": 336000000,
        "incomelossfromcontinuingoperations": 781000000,
        "netincomeloss": 781000000,
        "incomelossfromcontinuingoperationsperbasicshare": 2.41,
        "earningspersharebasic": 2.41,
        "incomelossfromcontinuingoperationsperdilutedshare": 2.38,
        "earningspersharediluted": 2.38,
        "commonstockdividendspersharecashpaid": 1,
        "othercomprehensiveincomepostretirementbenefitplansreclassificationadjustmentforrecognitionofpreviouslydeferredamountsnetoftax": 203000000,
        "othercomprehensiveincomeothernetoftax": -37000000,
        "othercomprehensiveincomelossnetoftax": 166000000,
        "comprehensiveincomenetoftax": 947000000
    },
    {
        "date": "2012-03-24",
        "symbol": "LMT",
        "period": "Q1",
        "salesrevenuegoodsnet": 9148000000,
        "salesrevenueservicesnet": 2145000000,
        "salesrevenuenet": 1888000000,
        "costofgoodssold": 8080000000,
        "costofservices": 1917000000,
        "othercostandexpenseoperating": 322000000,
        "costofgoodsandservicessold": 10319000000,
        "grossprofit": 974000000,
        "otheroperatingincomeexpensenet": 35000000,
        "operatingincomeloss": 1340000000,
        "interestexpense": 96000000,
        "othernonoperatingincomeexpense": 35000000,
        "incomelossfromcontinuingoperationsbeforeincometaxesextraordinaryitemsnoncontrollinginterest": 948000000,
        "incometaxexpensebenefitcontinuingoperations": 283000000,
        "incomelossfromcontinuingoperations": 665000000,
        "incomelossfromdiscontinuedoperationsnetoftax": 3000000,
        "netincomeloss": 668000000,
        "incomelossfromcontinuingoperationsperbasicshare": 2.05,
        "incomelossfromdiscontinuedoperationsnetoftaxperbasicshare": 0.01,
        "earningspersharebasic": 2.06,
        "incomelossfromcontinuingoperationsperdilutedshare": 2.02,
        "incomelossfromdiscontinuedoperationsnetoftaxperdilutedshare": 0.01,
        "earningspersharediluted": 2.03,
        "commonstockdividendspersharecashpaid": 1,
        "othercomprehensiveincomepostretirementbenefitplansreclassificationadjustmentforrecognitionofpreviouslydeferredamountsnetoftax": 203000000,
        "othercomprehensiveincomeothernetoftax": 24000000,
        "othercomprehensiveincomelossnetoftaxperiodincreasedecrease": 227000000,
        "comprehensiveincomenetoftax": 895000000
    },
    {
        "date": "2011-12-30",
        "symbol": "LMT",
        "period": "Q4",
        "salesrevenuegoodsnet": 9624000000,
        "salesrevenueservicesnet": 2572000000,
        "salesrevenuenet": -5879000000,
        "costofgoodssold": 8575000000,
        "costofservices": 2269000000,
        "costofgoodsandservicessold": 11187000000,
        "grossprofit": 1009000000,
        "otheroperatingincomeexpensenet": 94000000,
        "operatingincomeloss": 3055000000,
        "interestexpense": 96000000,
        "othernonoperatingincomeexpense": -20000000,
        "incomelossfromcontinuingoperations": 712000000,
        "netincomeloss": 683000000,
        "incomelossfromcontinuingoperationsperbasicshare": 2.2,
        "earningspersharebasic": 2.1,
        "incomelossfromcontinuingoperationsperdilutedshare": 2.17,
        "earningspersharediluted": 2.069999999999999
    },
    {
        "date": "2011-09-24",
        "symbol": "LMT",
        "period": "Q3",
        "salesrevenuegoodsnet": 9680000000,
        "salesrevenueservicesnet": 2439000000,
        "salesrevenuenet": 2168000000,
        "costofgoodssold": 8667000000,
        "costofservices": 2138000000,
        "severancecharges": 39000000,
        "othercostandexpenseoperating": 279000000,
        "costofgoodsandservicessold": 11123000000,
        "grossprofit": 996000000,
        "otheroperatingincomeexpensenet": 45000000,
        "operatingincomeloss": -275000000,
        "interestexpense": 89000000,
        "othernonoperatingincomeexpense": -3000000,
        "incomelossfromcontinuingoperationsbeforeincometaxesextraordinaryitemsnoncontrollinginterest": 949000000,
        "incometaxexpensebenefitcontinuingoperations": 284000000,
        "incomelossfromcontinuingoperations": 665000000,
        "incomelossfromdiscontinuedoperationsnetoftax": 35000000,
        "netincomeloss": 700000000,
        "incomelossfromcontinuingoperationsperbasicshare": 2.01,
        "incomelossfromdiscontinuedoperationsnetoftaxperbasicshare": 0.11,
        "earningspersharebasic": 2.12,
        "incomelossfromcontinuingoperationsperdilutedshare": 1.99,
        "incomelossfromdiscontinuedoperationsnetoftaxperdilutedshare": 0.11,
        "earningspersharediluted": 2.1,
        "commonstockdividendspersharecashpaid": 0.75
    },
    {
        "date": "2011-06-25",
        "symbol": "LMT",
        "period": "Q2",
        "salesrevenuegoodsnet": 9117000000,
        "salesrevenueservicesnet": 2434000000,
        "salesrevenuenet": 2012000000,
        "costofgoodssold": 8123000000,
        "costofservices": 2178000000,
        "operatingcostsandexpenses": 256000000,
        "costofgoodsandservicessold": 10654000000,
        "grossprofit": 897000000,
        "otheroperatingincomeexpensenet": 87000000,
        "operatingincomeloss": 2808000000,
        "interestexpense": 84000000,
        "othernonoperatingincomeexpense": 9000000,
        "incometaxexpensebenefit": 167000000,
        "incomelossfromcontinuingoperations": 742000000,
        "incomelossfromdiscontinuedoperationsnetoftax": 0,
        "netincomeloss": 742000000,
        "incomelossfromcontinuingoperationsperbasicshare": 2.16,
        "incomelossfromdiscontinuedoperationsnetoftaxperbasicshare": 0,
        "earningspersharebasic": 2.16,
        "incomelossfromcontinuingoperationsperdilutedshare": 2.1399999999999997,
        "incomelossfromdiscontinuedoperationsnetoftaxperdilutedshare": 0,
        "earningspersharediluted": 2.14,
        "commonstockdividendspersharecashpaid": 0.75
    },
    {
        "date": "2011-03-26",
        "symbol": "LMT",
        "period": "Q1",
        "salesrevenuegoodsnet": 8504000000,
        "salesrevenueservicesnet": 2129000000,
        "salesrevenuenet": 1843000000,
        "costofgoodssold": 7603000000,
        "costofservices": 1929000000,
        "operatingcostsandexpenses": 299000000,
        "costofgoodsandservicessold": 9831000000,
        "grossprofit": 802000000,
        "otheroperatingincomeexpensenet": 50000000,
        "operatingincomeloss": -307000000,
        "interestexpense": 85000000,
        "othernonoperatingincomeexpense": 19000000,
        "incomelossfromcontinuingoperationsbeforeincometaxes": 786000000,
        "incometaxexpensebenefit": 238000000,
        "incomelossfromcontinuingoperations": 548000000,
        "incomelossfromdiscontinuedoperationsnetoftax": -18000000,
        "netincomeloss": 530000000,
        "incomelossfromcontinuingoperationsperbasicshare": 1.57,
        "incomelossfromdiscontinuedoperationsnetoftaxperbasicshare": -0.05,
        "earningspersharebasic": 1.52,
        "incomelossfromcontinuingoperationsperdilutedshare": 1.55,
        "incomelossfromdiscontinuedoperationsnetoftaxperdilutedshare": -0.05,
        "earningspersharediluted": 1.5,
        "commonstockdividendspersharecashpaid": 0.75
    },
    {
        "date": "2010-09-25",
        "symbol": "LMT",
        "period": "Q3",
        "salesrevenuegoodsnet": 8965000000,
        "salesrevenueservicesnet": 2410000000,
        "salesrevenuenet": 2524000000,
        "costofgoodssold": 8045000000,
        "costofservices": 2151000000,
        "voluntaryexecutiveseparationprogramcharge": -178000000,
        "othercostandexpenseoperating": 203000000,
        "costofgoodsandservicessold": 10577000000,
        "grossprofit": 798000000,
        "otheroperatingincomeexpense": 91000000,
        "operatingincomeloss": 235000000,
        "interestexpense": 85000000,
        "othernonoperatingincomeexpense": 37000000,
        "incomelossfromcontinuingoperationsbeforeincometaxes": 841000000,
        "incometaxexpensebenefit": 276000000,
        "incomelossfromcontinuingoperations": 565000000,
        "incomelossfromdiscontinuedoperationsnetoftax": 6000000,
        "netincomeloss": 571000000,
        "incomelossfromcontinuingoperationsperbasicshare": 1.57,
        "incomelossfromdiscontinuedoperationsnetoftaxperbasicshare": 0.02,
        "earningspersharebasic": 1.59,
        "incomelossfromcontinuingoperationsperdilutedshare": 1.55,
        "incomelossfromdiscontinuedoperationsnetoftaxperdilutedshare": 0.02,
        "earningspersharediluted": 1.57,
        "commonstockdividendspersharecashpaid": 0.63
    },
    {
        "date": "2010-06-26",
        "symbol": "LMT",
        "period": "Q2",
        "salesrevenuegoodsnet": 9189000000,
        "salesrevenueservicesnet": 2253000000,
        "salesrevenuenet": 146000000,
        "costofgoodssold": 8182000000,
        "costofservices": 2051000000,
        "othercostandexpenseoperating": 149000000,
        "costofgoodsandservicessold": 10382000000,
        "grossprofit": 1060000000,
        "otheroperatingincomeexpense": 75000000,
        "operatingincomeloss": 245000000,
        "interestexpense": 86000000,
        "othernonoperatingincomeexpense": -19000000,
        "incomelossfromcontinuingoperationsbeforeincometaxes": 12000000,
        "incometaxexpensebenefit": 303000000,
        "incomelossfromcontinuingoperations": 727000000,
        "incomelossfromdiscontinuedoperationsnetoftax": 98000000,
        "netincomeloss": 825000000,
        "incomelossfromcontinuingoperationsperbasicshare": 1.98,
        "incomelossfromdiscontinuedoperationsnetoftaxperbasicshare": 0.27,
        "earningspersharebasic": 2.25,
        "incomelossfromcontinuingoperationsperdilutedshare": 1.96,
        "incomelossfromdiscontinuedoperationsnetoftaxperdilutedshare": 0.26,
        "earningspersharediluted": 2.22,
        "commonstockdividendspersharecashpaid": 0.63
    },
    {
        "date": "2010-03-27",
        "symbol": "LMT",
        "period": "Q1",
        "salesrevenuegoodsnet": 8488000000,
        "salesrevenueservicesnet": 2149000000,
        "salesrevenuenet": 10637000000,
        "costofgoodssold": 7606000000,
        "costofservices": 1917000000,
        "othercostandexpenseoperating": 178000000,
        "costofgoodsandservicessold": 9701000000,
        "grossprofit": 936000000,
        "otheroperatingincomeexpense": 46000000,
        "operatingincomeloss": 982000000,
        "interestexpense": 88000000,
        "othernonoperatingincomeexpense": 28000000,
        "incomelossfromcontinuingoperationsbeforeincometaxes": 922000000,
        "incometaxexpensebenefit": 375000000,
        "netincomeloss": 547000000,
        "earningspersharebasic": 1.46,
        "earningspersharediluted": 1.45,
        "commonstockdividendspersharedeclared": 0.63
    },
    {
        "date": "2009-09-26",
        "symbol": "LMT",
        "period": "Q3",
        "salesrevenuegoodsnet": 8837000000,
        "salesrevenueservicesnet": 2219000000,
        "salesrevenuenet": 11056000000,
        "costofgoodssold": 7861000000,
        "costofservices": 2023000000,
        "othercostandexpenseoperating": 176000000,
        "costofgoodsandservicessold": 10060000000,
        "grossprofit": 996000000,
        "otheroperatingincomeexpense": 89000000,
        "operatingincomeloss": 1085000000,
        "interestexpense": 67000000,
        "othernonoperatingincomeexpense": 54000000,
        "incomelossfromcontinuingoperationsbeforeincometaxes": 1072000000,
        "incometaxexpensebenefit": 275000000,
        "netincomeloss": 797000000,
        "earningspersharebasic": 2.09,
        "earningspersharediluted": 2.07,
        "commonstockdividendspersharecashpaid": 0.57
    }
]