[
    {
        "date": "2024-09-29",
        "symbol": "MANH",
        "period": "Q3",
        "revenuefromcontractwithcustomerexcludingassessedtax": 266681000,
        "costofgoodsandservicessold": 118660000,
        "researchanddevelopmentexpense": 34349000,
        "sellingandmarketingexpense": 16586000,
        "generalandadministrativeexpense": 20308000,
        "depreciationandamortization": 1688000,
        "costsandexpenses": 191591000,
        "operatingincomeloss": 75090000,
        "othernonoperatingincomeexpense": 1312000,
        "incomelossfromcontinuingoperationsbeforeincometaxesextraordinaryitemsnoncontrollinginterest": 76402000,
        "incometaxexpensebenefit": 12621000,
        "netincomeloss": 63781000,
        "earningspersharebasic": 1.04,
        "earningspersharediluted": 1.03,
        "weightedaveragenumberofsharesoutstandingbasic": 61169000,
        "weightedaveragenumberofdilutedsharesoutstanding": 61948000,
        "othercomprehensiveincomelossforeigncurrencytransactionandtranslationadjustmentnetoftax": 1734000,
        "comprehensiveincomenetoftax": 65515000
    },
    {
        "date": "2024-06-29",
        "symbol": "MANH",
        "period": "Q2",
        "revenuefromcontractwithcustomerexcludingassessedtax": 82361000,
        "costofgoodsandservicessold": 119696000,
        "researchanddevelopmentexpense": 35334000,
        "sellingandmarketingexpense": 19154000,
        "generalandadministrativeexpense": 21112000,
        "depreciationandamortization": 1489000,
        "costsandexpenses": 197130000,
        "operatingincomeloss": 68188000,
        "othernonoperatingincomeexpense": 914000,
        "incomelossfromcontinuingoperationsbeforeincometaxesextraordinaryitemsnoncontrollinginterest": 69102000,
        "incometaxexpensebenefit": 16336000,
        "netincomeloss": 52766000,
        "earningspersharebasic": 0.86,
        "earningspersharediluted": 0.85,
        "weightedaveragenumberofsharesoutstandingbasic": 61421000,
        "weightedaveragenumberofdilutedsharesoutstanding": 62118000,
        "othercomprehensiveincomelossforeigncurrencytransactionandtranslationadjustmentnetoftax": 11000,
        "comprehensiveincomenetoftax": 52777000
    },
    {
        "date": "2024-03-30",
        "symbol": "MANH",
        "period": "Q1",
        "revenuefromcontractwithcustomerexcludingassessedtax": 78027000,
        "costofgoodsandservicessold": 118955000,
        "researchanddevelopmentexpense": 35010000,
        "sellingandmarketingexpense": 19929000,
        "generalandadministrativeexpense": 21203000,
        "depreciationandamortization": 1493000,
        "costsandexpenses": 196922000,
        "operatingincomeloss": 57630000,
        "othernonoperatingincomeexpense": 996000,
        "incomelossfromcontinuingoperationsbeforeincometaxesextraordinaryitemsnoncontrollinginterest": 58626000,
        "incometaxexpensebenefit": 4825000,
        "netincomeloss": 53801000,
        "earningspersharebasic": 0.87,
        "earningspersharediluted": 0.86,
        "weightedaveragenumberofsharesoutstandingbasic": 61625000,
        "weightedaveragenumberofdilutedsharesoutstanding": 62493000,
        "othercomprehensiveincomelossforeigncurrencytransactionandtranslationadjustmentnetoftax": -727000,
        "comprehensiveincomenetoftax": 53074000
    },
    {
        "date": "2023-12-30",
        "symbol": "MANH",
        "period": "Q4",
        "revenuefromcontractwithcustomerexcludingassessedtax": 168077000,
        "costofgoodsandservicessold": 105679000,
        "researchanddevelopmentexpense": 31327000,
        "sellingandmarketingexpense": 20212000,
        "generalandadministrativeexpense": 19613000,
        "depreciationandamortization": 4272000,
        "costsandexpenses": 521595000,
        "operatingincomeloss": 147187000,
        "othernonoperatingincomeexpense": -4437000,
        "incomelossfromcontinuingoperationsbeforeincometaxesextraordinaryitemsnoncontrollinginterest": 59732000,
        "incometaxexpensebenefit": 10996000,
        "netincomeloss": 48736000,
        "earningspersharebasic": 0.7999999999999995,
        "earningspersharediluted": 0.7799999999999999,
        "weightedaveragenumberofsharesoutstandingbasic": 61817000,
        "weightedaveragenumberofdilutedsharesoutstanding": 62608000,
        "othercomprehensiveincomelossforeigncurrencytransactionandtranslationadjustmentnetoftax": 1788000,
        "comprehensiveincomenetoftax": 50524000
    },
    {
        "date": "2023-09-29",
        "symbol": "MANH",
        "period": "Q3",
        "revenuefromcontractwithcustomerexcludingassessedtax": 65033000,
        "costofgoodsandservicessold": 111142000,
        "researchanddevelopmentexpense": 33093000,
        "sellingandmarketingexpense": 17650000,
        "generalandadministrativeexpense": 21371000,
        "depreciationandamortization": 1440000,
        "costsandexpenses": 184993000,
        "operatingincomeloss": 53448000,
        "othernonoperatingincomeexpense": 1739000,
        "incomelossfromcontinuingoperationsbeforeincometaxesextraordinaryitemsnoncontrollinginterest": 55187000,
        "incometaxexpensebenefit": 5766000,
        "netincomeloss": 49421000,
        "earningspersharebasic": 0.8,
        "earningspersharediluted": 0.79,
        "weightedaveragenumberofsharesoutstandingbasic": 61639000,
        "weightedaveragenumberofdilutedsharesoutstanding": 62310000,
        "othercomprehensiveincomelossforeigncurrencytransactionandtranslationadjustmentnetoftax": -2086000,
        "comprehensiveincomenetoftax": 47335000
    },
    {
        "date": "2023-06-29",
        "symbol": "MANH",
        "period": "Q2",
        "revenuefromcontractwithcustomerexcludingassessedtax": 10906000,
        "costofgoodsandservicessold": 108813000,
        "researchanddevelopmentexpense": 31600000,
        "sellingandmarketingexpense": 18563000,
        "generalandadministrativeexpense": 20237000,
        "depreciationandamortization": 22000,
        "costsandexpenses": 6305000,
        "operatingincomeloss": 4601000,
        "othernonoperatingincomeexpense": 1041000,
        "incomelossfromcontinuingoperationsbeforeincometaxesextraordinaryitemsnoncontrollinginterest": 51524000,
        "incometaxexpensebenefit": 11904000,
        "netincomeloss": 39620000,
        "earningspersharebasic": 0.64,
        "earningspersharediluted": 0.63,
        "weightedaveragenumberofsharesoutstandingbasic": 61862000,
        "weightedaveragenumberofdilutedsharesoutstanding": 62432000,
        "othercomprehensiveincomelossforeigncurrencytransactionandtranslationadjustmentnetoftax": -16000,
        "comprehensiveincomenetoftax": 39604000
    },
    {
        "date": "2023-03-30",
        "symbol": "MANH",
        "period": "Q1",
        "revenuefromcontractwithcustomerexcludingassessedtax": 10596000,
        "costofgoodsandservicessold": 103629000,
        "researchanddevelopmentexpense": 30794000,
        "sellingandmarketingexpense": 18065000,
        "generalandadministrativeexpense": 19953000,
        "depreciationandamortization": 18000,
        "costsandexpenses": 5951000,
        "operatingincomeloss": 4645000,
        "othernonoperatingincomeexpense": 143000,
        "incomelossfromcontinuingoperationsbeforeincometaxesextraordinaryitemsnoncontrollinginterest": 47228000,
        "incometaxexpensebenefit": 8437000,
        "netincomeloss": 38791000,
        "earningspersharebasic": 0.62,
        "earningspersharediluted": 0.62,
        "weightedaveragenumberofsharesoutstandingbasic": 62211000,
        "weightedaveragenumberofdilutedsharesoutstanding": 62767000,
        "othercomprehensiveincomelossforeigncurrencytransactionandtranslationadjustmentnetoftax": 808000,
        "comprehensiveincomenetoftax": 39599000
    },
    {
        "date": "2022-12-30",
        "symbol": "MANH",
        "period": "Q4",
        "revenuefromcontractwithcustomerexcludingassessedtax": 213237000,
        "costofgoodsandservicessold": 90006000,
        "researchanddevelopmentexpense": 27123000,
        "sellingandmarketingexpense": 16656000,
        "generalandadministrativeexpense": 18107000,
        "depreciationandamortization": 20000,
        "costsandexpenses": 5108000,
        "operatingincomeloss": 3991000,
        "othernonoperatingincomeexpense": 232000,
        "incomelossfromcontinuingoperationsbeforeincometaxesextraordinaryitemsnoncontrollinginterest": -100388000,
        "incometaxexpensebenefit": -19497000,
        "netincomeloss": 37868000,
        "earningspersharebasic": 0.6099999999999999,
        "earningspersharediluted": 0.5899999999999999,
        "weightedaveragenumberofsharesoutstandingbasic": -125991000,
        "weightedaveragenumberofdilutedsharesoutstanding": -127047000,
        "othercomprehensiveincomelossforeigncurrencytransactionandtranslationadjustmentnetoftax": 1077000,
        "comprehensiveincomenetoftax": 38945000
    },
    {
        "date": "2022-09-29",
        "symbol": "MANH",
        "period": "Q3",
        "revenuefromcontractwithcustomerexcludingassessedtax": 9584000,
        "costofgoodsandservicessold": 96158000,
        "researchanddevelopmentexpense": 29375000,
        "sellingandmarketingexpense": 15742000,
        "generalandadministrativeexpense": 18392000,
        "depreciationandamortization": 22000,
        "costsandexpenses": 5579000,
        "operatingincomeloss": 4005000,
        "othernonoperatingincomeexpense": 1612000,
        "incomelossfromcontinuingoperationsbeforeincometaxesextraordinaryitemsnoncontrollinginterest": 38382000,
        "incometaxexpensebenefit": 8708000,
        "netincomeloss": 29674000,
        "earningspersharebasic": 0.47,
        "earningspersharediluted": 0.47,
        "weightedaveragenumberofsharesoutstandingbasic": 62592000,
        "weightedaveragenumberofdilutedsharesoutstanding": 63165000,
        "othercomprehensiveincomelossforeigncurrencytransactionandtranslationadjustmentnetoftax": -3566000,
        "comprehensiveincomenetoftax": 26108000
    },
    {
        "date": "2022-06-29",
        "symbol": "MANH",
        "period": "Q2",
        "revenuefromcontractwithcustomerexcludingassessedtax": 8314000,
        "costofgoodsandservicessold": 88646000,
        "researchanddevelopmentexpense": 27924000,
        "sellingandmarketingexpense": 17749000,
        "generalandadministrativeexpense": 18606000,
        "depreciationandamortization": 22000,
        "costsandexpenses": 4991000,
        "operatingincomeloss": 3323000,
        "othernonoperatingincomeexpense": 2243000,
        "incomelossfromcontinuingoperationsbeforeincometaxesextraordinaryitemsnoncontrollinginterest": 39496000,
        "incometaxexpensebenefit": 8671000,
        "netincomeloss": 30825000,
        "earningspersharebasic": 0.49,
        "earningspersharediluted": 0.49,
        "weightedaveragenumberofsharesoutstandingbasic": 62954000,
        "weightedaveragenumberofdilutedsharesoutstanding": 63419000,
        "othercomprehensiveincomelossforeigncurrencytransactionandtranslationadjustmentnetoftax": -4085000,
        "comprehensiveincomenetoftax": 26740000
    },
    {
        "date": "2022-03-30",
        "symbol": "MANH",
        "period": "Q1",
        "revenuefromcontractwithcustomerexcludingassessedtax": 7265000,
        "costofgoodsandservicessold": 83427000,
        "researchanddevelopmentexpense": 27455000,
        "sellingandmarketingexpense": 14390000,
        "generalandadministrativeexpense": 17965000,
        "depreciationandamortization": 22000,
        "costsandexpenses": 5203000,
        "operatingincomeloss": 2062000,
        "othernonoperatingincomeexpense": 738000,
        "incomelossfromcontinuingoperationsbeforeincometaxesextraordinaryitemsnoncontrollinginterest": 34710000,
        "incometaxexpensebenefit": 4118000,
        "netincomeloss": 30592000,
        "earningspersharebasic": 0.48,
        "earningspersharediluted": 0.48,
        "weightedaveragenumberofsharesoutstandingbasic": 63213000,
        "weightedaveragenumberofdilutedsharesoutstanding": 63871000,
        "othercomprehensiveincomelossforeigncurrencytransactionandtranslationadjustmentnetoftax": -1130000,
        "comprehensiveincomenetoftax": 29462000
    },
    {
        "date": "2021-12-30",
        "symbol": "MANH",
        "period": "Q4",
        "revenuefromcontractwithcustomerexcludingassessedtax": 177631000,
        "costofgoodsandservicessold": 81631000,
        "researchanddevelopmentexpense": 26783000,
        "sellingandmarketingexpense": 16652000,
        "generalandadministrativeexpense": 17507000,
        "depreciationandamortization": 25000,
        "costsandexpenses": 4933000,
        "operatingincomeloss": 3152000,
        "othernonoperatingincomeexpense": -300000,
        "incomelossfromcontinuingoperationsbeforeincometaxesextraordinaryitemsnoncontrollinginterest": -98461000,
        "incometaxexpensebenefit": -16071000,
        "netincomeloss": 20582000,
        "earningspersharebasic": 0.3200000000000002,
        "earningspersharediluted": 0.31999999999999995,
        "weightedaveragenumberofsharesoutstandingbasic": -127100000,
        "weightedaveragenumberofdilutedsharesoutstanding": -128657000,
        "othercomprehensiveincomelossforeigncurrencytransactionandtranslationadjustmentnetoftax": -315000,
        "comprehensiveincomenetoftax": 20267000
    },
    {
        "date": "2021-09-29",
        "symbol": "MANH",
        "period": "Q3",
        "revenuefromcontractwithcustomerexcludingassessedtax": 6550000,
        "costofgoodsandservicessold": 71503000,
        "researchanddevelopmentexpense": 23372000,
        "sellingandmarketingexpense": 14057000,
        "generalandadministrativeexpense": 15928000,
        "depreciationandamortization": 40000,
        "costsandexpenses": 4354000,
        "operatingincomeloss": 2196000,
        "othernonoperatingincomeexpense": -42000,
        "incomelossfromcontinuingoperationsbeforeincometaxesextraordinaryitemsnoncontrollinginterest": 42366000,
        "incometaxexpensebenefit": 5712000,
        "netincomeloss": 36654000,
        "earningspersharebasic": 0.58,
        "earningspersharediluted": 0.57,
        "weightedaveragenumberofsharesoutstandingbasic": 63363000,
        "weightedaveragenumberofdilutedsharesoutstanding": 64238000,
        "othercomprehensiveincomelossforeigncurrencytransactionandtranslationadjustmentnetoftax": -294000,
        "comprehensiveincomenetoftax": 36360000
    },
    {
        "date": "2021-06-29",
        "symbol": "MANH",
        "period": "Q2",
        "revenuefromcontractwithcustomerexcludingassessedtax": 6616000,
        "costofgoodsandservicessold": 70628000,
        "researchanddevelopmentexpense": 23213000,
        "sellingandmarketingexpense": 13750000,
        "generalandadministrativeexpense": 17082000,
        "depreciationandamortization": 43000,
        "costsandexpenses": 4492000,
        "operatingincomeloss": 2124000,
        "othernonoperatingincomeexpense": 306000,
        "incomelossfromcontinuingoperationsbeforeincometaxesextraordinaryitemsnoncontrollinginterest": 39663000,
        "incometaxexpensebenefit": 9070000,
        "netincomeloss": 30593000,
        "earningspersharebasic": 0.48,
        "earningspersharediluted": 0.48,
        "weightedaveragenumberofsharesoutstandingbasic": 63537000,
        "weightedaveragenumberofdilutedsharesoutstanding": 64276000,
        "othercomprehensiveincomelossforeigncurrencytransactionandtranslationadjustmentnetoftax": -428000,
        "comprehensiveincomenetoftax": 30165000
    },
    {
        "date": "2021-03-30",
        "symbol": "MANH",
        "period": "Q1",
        "revenuefromcontractwithcustomerexcludingassessedtax": 5603000,
        "costofgoodsandservicessold": 74065000,
        "researchanddevelopmentexpense": 24260000,
        "sellingandmarketingexpense": 13396000,
        "generalandadministrativeexpense": 17569000,
        "depreciationandamortization": 48000,
        "costsandexpenses": 4668000,
        "operatingincomeloss": 935000,
        "othernonoperatingincomeexpense": -293000,
        "incomelossfromcontinuingoperationsbeforeincometaxesextraordinaryitemsnoncontrollinginterest": 25132000,
        "incometaxexpensebenefit": 2489000,
        "netincomeloss": 22643000,
        "earningspersharebasic": 0.36,
        "earningspersharediluted": 0.35,
        "weightedaveragenumberofsharesoutstandingbasic": 63645000,
        "weightedaveragenumberofdilutedsharesoutstanding": 64466000,
        "othercomprehensiveincomelossforeigncurrencytransactionandtranslationadjustmentnetoftax": -529000,
        "comprehensiveincomenetoftax": 22114000
    },
    {
        "date": "2020-12-30",
        "symbol": "MANH",
        "period": "Q4",
        "revenuefromcontractwithcustomerexcludingassessedtax": 158084000,
        "costofgoodsandservicessold": 66832000,
        "researchanddevelopmentexpense": 20563000,
        "sellingandmarketingexpense": 13562000,
        "generalandadministrativeexpense": 15778000,
        "depreciationandamortization": 49000,
        "costsandexpenses": 4675000,
        "operatingincomeloss": 2160000,
        "othernonoperatingincomeexpense": -754000,
        "incomelossfromcontinuingoperationsbeforeincometaxesextraordinaryitemsnoncontrollinginterest": 27541000,
        "incometaxexpensebenefit": 7001000,
        "netincomeloss": 20540000,
        "earningspersharebasic": 0.3300000000000002,
        "earningspersharediluted": 0.3200000000000002,
        "weightedaveragenumberofsharesoutstandingbasic": -127087000,
        "weightedaveragenumberofdilutedsharesoutstanding": -128562000,
        "othercomprehensiveincomelossforeigncurrencytransactionandtranslationadjustmentnetoftax": 1131000,
        "comprehensiveincomenetoftax": 21671000
    },
    {
        "date": "2020-09-29",
        "symbol": "MANH",
        "period": "Q3",
        "revenuefromcontractwithcustomerexcludingassessedtax": 6868000,
        "costofgoodsandservicessold": 65199000,
        "researchanddevelopmentexpense": 20454000,
        "sellingandmarketingexpense": 11399000,
        "generalandadministrativeexpense": 15536000,
        "depreciationandamortization": 46000,
        "costsandexpenses": 4507000,
        "operatingincomeloss": 2361000,
        "othernonoperatingincomeexpense": -891000,
        "incomelossfromcontinuingoperationsbeforeincometaxesextraordinaryitemsnoncontrollinginterest": 34085000,
        "incometaxexpensebenefit": 9119000,
        "netincomeloss": 24966000,
        "earningspersharebasic": 0.39,
        "earningspersharediluted": 0.39,
        "weightedaveragenumberofsharesoutstandingbasic": 63524000,
        "weightedaveragenumberofdilutedsharesoutstanding": 64427000,
        "othercomprehensiveincomelossforeigncurrencytransactionandtranslationadjustmentnetoftax": 1589000,
        "comprehensiveincomenetoftax": 26555000
    },
    {
        "date": "2020-06-29",
        "symbol": "MANH",
        "period": "Q2",
        "revenuefromcontractwithcustomerexcludingassessedtax": 6704000,
        "costofgoodsandservicessold": 63025000,
        "researchanddevelopmentexpense": 19931000,
        "sellingandmarketingexpense": 9709000,
        "generalandadministrativeexpense": 14016000,
        "depreciationandamortization": 45000,
        "costsandexpenses": 4511000,
        "operatingincomeloss": 2193000,
        "othernonoperatingincomeexpense": -158000,
        "incomelossfromcontinuingoperationsbeforeincometaxesextraordinaryitemsnoncontrollinginterest": 26534000,
        "incometaxexpensebenefit": 7330000,
        "netincomeloss": 19204000,
        "earningspersharebasic": 0.3,
        "earningspersharediluted": 0.3,
        "weightedaveragenumberofsharesoutstandingbasic": 63509000,
        "weightedaveragenumberofdilutedsharesoutstanding": 64126000,
        "othercomprehensiveincomelossforeigncurrencytransactionandtranslationadjustmentnetoftax": 336000,
        "comprehensiveincomenetoftax": 19540000
    },
    {
        "date": "2020-03-30",
        "symbol": "MANH",
        "period": "Q1",
        "revenuefromcontractwithcustomerexcludingassessedtax": 6444000,
        "costofgoodsandservicessold": 74831000,
        "researchanddevelopmentexpense": 23328000,
        "sellingandmarketingexpense": 13088000,
        "generalandadministrativeexpense": 16114000,
        "depreciationandamortization": 51000,
        "costsandexpenses": 4843000,
        "operatingincomeloss": 1601000,
        "othernonoperatingincomeexpense": 1420000,
        "incomelossfromcontinuingoperationsbeforeincometaxesextraordinaryitemsnoncontrollinginterest": 25616000,
        "incometaxexpensebenefit": 3086000,
        "netincomeloss": 22530000,
        "earningspersharebasic": 0.35,
        "earningspersharediluted": 0.35,
        "weightedaveragenumberofsharesoutstandingbasic": 63592000,
        "weightedaveragenumberofdilutedsharesoutstanding": 64342000,
        "othercomprehensiveincomelossforeigncurrencytransactionandtranslationadjustmentnetoftax": -3471000,
        "comprehensiveincomenetoftax": 19059000
    },
    {
        "date": "2019-12-30",
        "symbol": "MANH",
        "period": "Q4",
        "revenuefromcontractwithcustomerexcludingassessedtax": 167068000,
        "costofgoodsandservicessold": 71853000,
        "researchanddevelopmentexpense": 21784000,
        "sellingandmarketingexpense": 15434000,
        "generalandadministrativeexpense": 16512000,
        "depreciationandamortization": 67000,
        "costsandexpenses": 4950000,
        "operatingincomeloss": 2860000,
        "incomelossfromcontinuingoperationsbeforeincometaxesextraordinaryitemsnoncontrollinginterest": 24854000,
        "incometaxexpensebenefit": 8096000,
        "netincomeloss": 16758000,
        "earningspersharebasic": 0.2700000000000001,
        "earningspersharediluted": 0.26000000000000006,
        "weightedaveragenumberofsharesoutstandingbasic": -129382000,
        "weightedaveragenumberofdilutedsharesoutstanding": -130186000,
        "othercomprehensiveincomelossforeigncurrencytransactionandtranslationadjustmentnetoftax": 703000,
        "comprehensiveincomenetoftax": 17461000
    },
    {
        "date": "2019-09-29",
        "symbol": "MANH",
        "period": "Q3",
        "revenuefromcontractwithcustomerexcludingassessedtax": 14242000,
        "costofgoodsandservicessold": 748000,
        "researchanddevelopmentexpense": 22614000,
        "sellingandmarketingexpense": 12125000,
        "generalandadministrativeexpense": 16236000,
        "depreciationandamortization": 1937000,
        "costsandexpenses": 127278000,
        "operatingincomeloss": 34997000,
        "nonoperatingincomeexpense": 810000,
        "incomelossfromcontinuingoperationsbeforeincometaxesextraordinaryitemsnoncontrollinginterest": 35807000,
        "incometaxexpensebenefit": 8700000,
        "netincomeloss": 27107000,
        "earningspersharebasic": 0.42,
        "earningspersharediluted": 0.42,
        "weightedaveragenumberofsharesoutstandingbasic": 64247000,
        "weightedaveragenumberofdilutedsharesoutstanding": 64992000,
        "othercomprehensiveincomelossforeigncurrencytransactionandtranslationadjustmentnetoftax": -1925000,
        "comprehensiveincomenetoftax": 25182000
    },
    {
        "date": "2019-06-29",
        "symbol": "MANH",
        "period": "Q2",
        "revenuefromcontractwithcustomerexcludingassessedtax": 9009000,
        "costofgoodsandservicessold": 623000,
        "researchanddevelopmentexpense": 21997000,
        "sellingandmarketingexpense": 14520000,
        "generalandadministrativeexpense": 16805000,
        "depreciationandamortization": 1859000,
        "costsandexpenses": 126759000,
        "operatingincomeloss": 27582000,
        "nonoperatingincomeexpense": -71000,
        "incomelossfromcontinuingoperationsbeforeincometaxesextraordinaryitemsnoncontrollinginterest": 27511000,
        "incometaxexpensebenefit": 6586000,
        "netincomeloss": 20925000,
        "earningspersharebasic": 0.32,
        "earningspersharediluted": 0.32,
        "weightedaveragenumberofsharesoutstandingbasic": 64623000,
        "weightedaveragenumberofdilutedsharesoutstanding": 65093000,
        "othercomprehensiveincomelossforeigncurrencytransactionandtranslationadjustmentnetoftax": -22000,
        "comprehensiveincomenetoftax": 20903000
    },
    {
        "date": "2019-03-30",
        "symbol": "MANH",
        "period": "Q1",
        "revenuefromcontractwithcustomerexcludingassessedtax": 7243000,
        "costofgoodsandservicessold": 67170000,
        "researchanddevelopmentexpense": 21213000,
        "sellingandmarketingexpense": 14781000,
        "generalandadministrativeexpense": 15050000,
        "depreciationandamortization": 64000,
        "costsandexpenses": 4752000,
        "operatingincomeloss": 2491000,
        "othernonoperatingincomeexpense": -371000,
        "incomelossfromcontinuingoperationsbeforeincometaxesextraordinaryitemsnoncontrollinginterest": 27905000,
        "incometaxexpensebenefit": 6933000,
        "netincomeloss": 20972000,
        "earningspersharebasic": 0.32,
        "earningspersharediluted": 0.32,
        "weightedaveragenumberofsharesoutstandingbasic": 64909000,
        "weightedaveragenumberofdilutedsharesoutstanding": 65204000,
        "othercomprehensiveincomelossforeigncurrencytransactionandtranslationadjustmentnetoftax": 259000,
        "comprehensiveincomenetoftax": 21231000
    },
    {
        "date": "2018-12-30",
        "symbol": "MANH",
        "period": "Q4",
        "researchanddevelopmentexpense": 18208000,
        "sellingandmarketingexpense": 1100000,
        "generalandadministrativeexpense": 13222000,
        "depreciationandamortization": 67000,
        "costsandexpenses": 4726000,
        "operatingincomeloss": 2557000,
        "othernonoperatingincomeexpense": -1968000,
        "incomelossfromcontinuingoperationsbeforeincometaxesextraordinaryitemsnoncontrollinginterest": 33375000,
        "incometaxexpensebenefit": 7460000,
        "netincomeloss": 25915000,
        "earningspersharebasic": 0.3900000000000002,
        "earningspersharediluted": 0.4000000000000002,
        "weightedaveragenumberofsharesoutstandingbasic": -133439000,
        "weightedaveragenumberofdilutedsharesoutstanding": -133738000,
        "othercomprehensiveincomelossforeigncurrencytransactionandtranslationadjustmentnetoftax": 1027000,
        "comprehensiveincomenetoftax": 26942000
    },
    {
        "date": "2018-09-29",
        "symbol": "MANH",
        "period": "Q3",
        "revenuefromcontractwithcustomerexcludingassessedtax": 11526000,
        "costofgoodsandservicessold": 1211000,
        "researchanddevelopmentexpense": 18453000,
        "sellingandmarketingexpense": 10726000,
        "generalandadministrativeexpense": 13711000,
        "depreciationandamortization": 2179000,
        "costsandexpenses": 106255000,
        "operatingincomeloss": 36096000,
        "othernonoperatingincomeexpense": 1538000,
        "incomelossfromcontinuingoperationsbeforeincometaxesextraordinaryitemsnoncontrollinginterest": 37634000,
        "incometaxexpensebenefit": 9179000,
        "netincomeloss": 28455000,
        "earningspersharebasic": 0.43,
        "earningspersharediluted": 0.43,
        "weightedaveragenumberofsharesoutstandingbasic": 65658000,
        "weightedaveragenumberofdilutedsharesoutstanding": 65901000,
        "othercomprehensiveincomelossforeigncurrencytransactionandtranslationadjustmentnetoftax": -2478000,
        "comprehensiveincomenetoftax": 25977000
    },
    {
        "date": "2018-06-29",
        "symbol": "MANH",
        "period": "Q2",
        "revenuefromcontractwithcustomerexcludingassessedtax": 7570000,
        "costofgoodsandservicessold": 59081000,
        "researchanddevelopmentexpense": 18176000,
        "sellingandmarketingexpense": 600000,
        "generalandadministrativeexpense": 12885000,
        "depreciationandamortization": 74000,
        "costsandexpenses": 4726000,
        "operatingincomeloss": 2844000,
        "othernonoperatingincomeexpense": 986000,
        "incomelossfromcontinuingoperationsbeforeincometaxesextraordinaryitemsnoncontrollinginterest": 36671000,
        "incometaxexpensebenefit": 9003000,
        "netincomeloss": 27668000,
        "earningspersharebasic": 0.42,
        "earningspersharediluted": 0.42,
        "weightedaveragenumberofsharesoutstandingbasic": 66429000,
        "weightedaveragenumberofdilutedsharesoutstanding": 66535000,
        "othercomprehensiveincomelossforeigncurrencytransactionandtranslationadjustmentnetoftax": -3402000,
        "comprehensiveincomenetoftax": 24266000
    },
    {
        "date": "2018-03-30",
        "symbol": "MANH",
        "period": "Q1",
        "licensesrevenue": 2264000,
        "cloudsubscriptionsrevenue": 366000,
        "maintenancerevenue": 1939000,
        "salesrevenueservicesnet": 2587000,
        "hardwarerevenue": 3391000,
        "salesrevenuenet": 6790000,
        "licensecosts": 1308000,
        "costofcloudsubscriptionsmaintenanceandservices": 56486000,
        "costofhardware": 7800000,
        "researchanddevelopmentexpense": 17059000,
        "sellingandmarketingexpense": 200000,
        "generalandadministrativeexpense": 12800000,
        "depreciationandamortization": 58000,
        "costsandexpenses": 4753000,
        "operatingincomeloss": 2037000,
        "othernonoperatingincomeexpense": 721000,
        "incomelossfromcontinuingoperationsbeforeincometaxesextraordinaryitemsnoncontrollinginterest": 28551000,
        "incometaxexpensebenefit": 5899000,
        "netincomeloss": 22652000,
        "earningspersharebasic": 0.34,
        "earningspersharediluted": 0.33,
        "weightedaveragenumberofsharesoutstandingbasic": 67553000,
        "weightedaveragenumberofdilutedsharesoutstanding": 67736000,
        "othercomprehensiveincomelossforeigncurrencytransactionandtranslationadjustmentnetoftax": -169000,
        "comprehensiveincomenetoftax": 22483000
    },
    {
        "date": "2017-09-29",
        "symbol": "MANH",
        "period": "Q3",
        "licensesrevenue": 7935000,
        "salesrevenueservicesnet": 7423000,
        "hardwarerevenueandother": 279000,
        "salesrevenuenet": 9597000,
        "licensecosts": 2830000,
        "costofservices": 44750000,
        "costofhardwareandother": 15492000,
        "researchanddevelopmentexpense": 14747000,
        "sellingandmarketingexpense": 10739000,
        "generalandadministrativeexpense": 11031000,
        "depreciationandamortization": 52000,
        "restructuringcharges": -77000,
        "costsandexpenses": 4924000,
        "operatingincomeloss": 4673000,
        "othernonoperatingincomeexpense": 207000,
        "incomelossfromcontinuingoperationsbeforeincometaxesextraordinaryitemsnoncontrollinginterest": 51303000,
        "incometaxexpensebenefit": 18704000,
        "netincomeloss": 32599000,
        "earningspersharebasic": 0.47,
        "earningspersharediluted": 0.47,
        "weightedaveragenumberofsharesoutstandingbasic": 68928000,
        "weightedaveragenumberofdilutedsharesoutstanding": 69135000,
        "othercomprehensiveincomelossforeigncurrencytransactionandtranslationadjustmentnetoftax": 376000,
        "comprehensiveincomenetoftax": 32975000
    },
    {
        "date": "2017-06-29",
        "symbol": "MANH",
        "period": "Q2",
        "licensesrevenue": 7299000,
        "salesrevenueservicesnet": 6716000,
        "hardwarerevenueandother": 246000,
        "salesrevenuenet": 8455000,
        "licensecosts": 2355000,
        "costofservices": 47751000,
        "costofhardwareandother": 12207000,
        "researchanddevelopmentexpense": 14102000,
        "sellingandmarketingexpense": 11732000,
        "generalandadministrativeexpense": 11387000,
        "depreciationandamortization": 51000,
        "restructuringcharges": 114000,
        "costsandexpenses": 4908000,
        "operatingincomeloss": 3547000,
        "othernonoperatingincomeexpense": -68000,
        "incomelossfromcontinuingoperationsbeforeincometaxesextraordinaryitemsnoncontrollinginterest": 49191000,
        "incometaxexpensebenefit": 18047000,
        "netincomeloss": 31144000,
        "earningspersharebasic": 0.45,
        "earningspersharediluted": 0.45,
        "weightedaveragenumberofsharesoutstandingbasic": 69227000,
        "weightedaveragenumberofdilutedsharesoutstanding": 69421000,
        "othercomprehensiveincomelossforeigncurrencytransactionandtranslationadjustmentnetoftax": 878000,
        "comprehensiveincomenetoftax": 32022000
    },
    {
        "date": "2017-03-30",
        "symbol": "MANH",
        "period": "Q1",
        "licensesrevenue": 7961000,
        "salesrevenueservicesnet": 5574000,
        "hardwarerevenueandother": 161000,
        "salesrevenuenet": 7014000,
        "licensecosts": 2240000,
        "costofservices": 49743000,
        "costofhardwareandother": 9638000,
        "researchanddevelopmentexpense": 14225000,
        "sellingandmarketingexpense": 11789000,
        "generalandadministrativeexpense": 11872000,
        "depreciationandamortization": 55000,
        "costsandexpenses": 4761000,
        "operatingincomeloss": 2253000,
        "othernonoperatingincomeexpense": -371000,
        "incomelossfromcontinuingoperationsbeforeincometaxesextraordinaryitemsnoncontrollinginterest": 41349000,
        "incometaxexpensebenefit": 13125000,
        "netincomeloss": 28224000,
        "earningspersharebasic": 0.4,
        "earningspersharediluted": 0.4,
        "weightedaveragenumberofsharesoutstandingbasic": 69973000,
        "weightedaveragenumberofdilutedsharesoutstanding": 70247000,
        "othercomprehensiveincomelossforeigncurrencytransactionandtranslationadjustmentnetoftax": 1893000,
        "comprehensiveincomenetoftax": 30117000
    },
    {
        "date": "2016-09-29",
        "symbol": "MANH",
        "period": "Q3",
        "licensesrevenue": 10573000,
        "salesrevenueservicesnet": 5136000,
        "hardwarerevenueandother": 160000,
        "salesrevenuenet": 7036000,
        "licensecosts": 2966000,
        "costofservices": 49436000,
        "costofhardwareandother": 9276000,
        "researchanddevelopmentexpense": 13389000,
        "sellingandmarketingexpense": 10003000,
        "generalandadministrativeexpense": 11225000,
        "depreciationandamortization": 63000,
        "costsandexpenses": 4487000,
        "operatingincomeloss": 2549000,
        "othernonoperatingincomeexpense": 210000,
        "incomelossfromcontinuingoperationsbeforeincometaxesextraordinaryitemsnoncontrollinginterest": 53794000,
        "incometaxexpensebenefit": 20298000,
        "netincomeloss": 33496000,
        "earningspersharebasic": 0.47,
        "earningspersharediluted": 0.47,
        "weightedaveragenumberofsharesoutstandingbasic": 71403000,
        "weightedaveragenumberofdilutedsharesoutstanding": 71743000,
        "othercomprehensiveincomelossforeigncurrencytransactionandtranslationadjustmentnetoftax": 75000,
        "comprehensiveincomenetoftax": 33571000
    },
    {
        "date": "2016-06-29",
        "symbol": "MANH",
        "period": "Q2",
        "licensesrevenue": 8628000,
        "salesrevenueservicesnet": 4440000,
        "hardwarerevenueandother": 115000,
        "salesrevenuenet": 5689000,
        "licensecosts": 2283000,
        "costofservices": 48393000,
        "costofhardwareandother": 11841000,
        "researchanddevelopmentexpense": 13458000,
        "sellingandmarketingexpense": 12015000,
        "generalandadministrativeexpense": 12368000,
        "depreciationandamortization": 68000,
        "costsandexpenses": 4401000,
        "operatingincomeloss": 1288000,
        "othernonoperatingincomeexpense": 654000,
        "incomelossfromcontinuingoperationsbeforeincometaxesextraordinaryitemsnoncontrollinginterest": 52922000,
        "incometaxexpensebenefit": 19581000,
        "netincomeloss": 33341000,
        "earningspersharebasic": 0.46,
        "earningspersharediluted": 0.46,
        "weightedaveragenumberofsharesoutstandingbasic": 71880000,
        "weightedaveragenumberofdilutedsharesoutstanding": 72228000,
        "othercomprehensiveincomelossforeigncurrencytransactionandtranslationadjustmentnetoftax": -1845000,
        "comprehensiveincomenetoftax": 31496000
    },
    {
        "date": "2016-03-30",
        "symbol": "MANH",
        "period": "Q1",
        "licensesrevenue": 7156000,
        "salesrevenueservicesnet": 4416000,
        "hardwarerevenueandother": 112000,
        "salesrevenuenet": 5367000,
        "licensecosts": 3152000,
        "costofservices": 51904000,
        "costofhardwareandother": 9757000,
        "researchanddevelopmentexpense": 14706000,
        "sellingandmarketingexpense": 12588000,
        "generalandadministrativeexpense": 12448000,
        "depreciationandamortization": 66000,
        "costsandexpenses": 4161000,
        "operatingincomeloss": 1206000,
        "othernonoperatingincomeexpense": 520000,
        "incomelossfromcontinuingoperationsbeforeincometaxesextraordinaryitemsnoncontrollinginterest": 43619000,
        "incometaxexpensebenefit": 16139000,
        "netincomeloss": 27480000,
        "earningspersharebasic": 0.38,
        "earningspersharediluted": 0.38,
        "weightedaveragenumberofsharesoutstandingbasic": 72630000,
        "weightedaveragenumberofdilutedsharesoutstanding": 73020000,
        "othercomprehensiveincomelossforeigncurrencytransactionandtranslationadjustmentnetoftax": 55000,
        "comprehensiveincomenetoftax": 27535000
    },
    {
        "date": "2015-09-29",
        "symbol": "MANH",
        "period": "Q3",
        "licensesrevenue": 5990000,
        "salesrevenueservicesnet": 4336000,
        "hardwarerevenueandother": 215000,
        "salesrevenuenet": 5357000,
        "licensecosts": 2305000,
        "costofservices": 46682000,
        "costofhardwareandother": 9109000,
        "researchanddevelopmentexpense": 13589000,
        "sellingandmarketingexpense": 10904000,
        "generalandadministrativeexpense": 14058000,
        "depreciationandamortization": 65000,
        "costsandexpenses": 3993000,
        "operatingincomeloss": 1364000,
        "othernonoperatingincomeexpense": 604000,
        "incomelossfromcontinuingoperationsbeforeincometaxesextraordinaryitemsnoncontrollinginterest": 44284000,
        "incometaxexpensebenefit": 16387000,
        "netincomeloss": 27897000,
        "earningspersharebasic": 0.38,
        "earningspersharediluted": 0.38,
        "weightedaveragenumberofsharesoutstandingbasic": 73259000,
        "weightedaveragenumberofdilutedsharesoutstanding": 73761000,
        "othercomprehensiveincomelossforeigncurrencytransactionandtranslationadjustmentnetoftax": -1891000,
        "comprehensiveincomenetoftax": 26006000
    },
    {
        "date": "2015-06-29",
        "symbol": "MANH",
        "period": "Q2",
        "licensesrevenue": 8763000,
        "salesrevenueservicesnet": 4277000,
        "hardwarerevenueandother": 154000,
        "salesrevenuenet": 4780000,
        "licensecosts": 2137000,
        "costofservices": 46464000,
        "costofhardwareandother": 10163000,
        "researchanddevelopmentexpense": 13257000,
        "sellingandmarketingexpense": 11889000,
        "generalandadministrativeexpense": 11927000,
        "depreciationandamortization": 110000,
        "costsandexpenses": 4136000,
        "operatingincomeloss": 644000,
        "othernonoperatingincomeexpense": 359000,
        "incomelossfromcontinuingoperationsbeforeincometaxesextraordinaryitemsnoncontrollinginterest": 41733000,
        "incometaxexpensebenefit": 15729000,
        "netincomeloss": 26004000,
        "earningspersharebasic": 0.35,
        "earningspersharediluted": 0.35,
        "weightedaveragenumberofsharesoutstandingbasic": 73618000,
        "weightedaveragenumberofdilutedsharesoutstanding": 74126000,
        "othercomprehensiveincomelossforeigncurrencytransactionandtranslationadjustmentnetoftax": 244000,
        "comprehensiveincomenetoftax": 26248000
    },
    {
        "date": "2015-03-30",
        "symbol": "MANH",
        "period": "Q1",
        "licensesrevenue": 8389000,
        "salesrevenueservicesnet": 4791000,
        "hardwarerevenueandother": 170000,
        "salesrevenuenet": 5259000,
        "licensecosts": 2906000,
        "costofservices": 44784000,
        "costofhardwareandother": 10547000,
        "researchanddevelopmentexpense": 13556000,
        "sellingandmarketingexpense": 11847000,
        "generalandadministrativeexpense": 11238000,
        "depreciationandamortization": 73000,
        "costsandexpenses": 4099000,
        "operatingincomeloss": 1160000,
        "othernonoperatingincomeexpense": 262000,
        "incomelossfromcontinuingoperationsbeforeincometaxesextraordinaryitemsnoncontrollinginterest": 37126000,
        "incometaxexpensebenefit": 13922000,
        "netincomeloss": 23204000,
        "earningspersharebasic": 0.31,
        "earningspersharediluted": 0.31,
        "weightedaveragenumberofsharesoutstandingbasic": 73979000,
        "weightedaveragenumberofdilutedsharesoutstanding": 74607000,
        "othercomprehensiveincomelossforeigncurrencytransactionandtranslationadjustmentnetoftax": -371000,
        "comprehensiveincomenetoftax": 22833000
    },
    {
        "date": "2014-09-29",
        "symbol": "MANH",
        "period": "Q3",
        "licensesrevenue": 8876000,
        "salesrevenueservicesnet": 13139000,
        "hardwarerevenueandother": 525000,
        "salesrevenuenet": 14253000,
        "licensecosts": 1679000,
        "costofservices": 43689000,
        "costofhardwareandother": 8496000,
        "researchanddevelopmentexpense": 12236000,
        "sellingandmarketingexpense": 11476000,
        "generalandadministrativeexpense": 10856000,
        "depreciationdepletionandamortization": 82000,
        "costsandexpenses": 10636000,
        "operatingincomeloss": 3617000,
        "othernonoperatingincomeexpense": -55000,
        "incomelossfromcontinuingoperationsbeforeincometaxesextraordinaryitemsnoncontrollinginterest": 35446000,
        "incometaxexpensebenefit": 13106000,
        "netincomeloss": 22340000,
        "earningspersharebasic": 0.3,
        "earningspersharediluted": 0.3,
        "weightedaveragenumberofsharesoutstandingbasic": 74687000,
        "weightedaveragenumberofdilutedsharesoutstanding": 75466000,
        "othercomprehensiveincomelossforeigncurrencytransactionandtranslationadjustmentnetoftax": -1697000,
        "comprehensiveincomenetoftax": 20643000
    },
    {
        "date": "2014-06-29",
        "symbol": "MANH",
        "period": "Q2",
        "licensesrevenue": 1870000,
        "salesrevenueservicesnet": 5784000,
        "hardwarerevenueandother": 332000,
        "salesrevenuenet": 7986000,
        "licensecosts": 1848000,
        "costofservices": 41457000,
        "costofhardwareandother": 9265000,
        "researchanddevelopmentexpense": 11867000,
        "sellingandmarketingexpense": 12848000,
        "generalandadministrativeexpense": 11256000,
        "depreciationdepletionandamortization": 62000,
        "costsandexpenses": 4852000,
        "operatingincomeloss": 3134000,
        "othernonoperatingincomeexpense": 312000,
        "incomelossfromcontinuingoperationsbeforeincometaxesminorityinterestandincomelossfromequitymethodinvestments": 32812000,
        "incometaxexpensebenefit": 12218000,
        "netincomeloss": 20594000,
        "earningspersharebasic": 0.27,
        "earningspersharediluted": 0.27,
        "weightedaveragenumberofsharesoutstandingbasic": 75274000,
        "weightedaveragenumberofdilutedsharesoutstanding": 76037000,
        "othercomprehensiveincomelossforeigncurrencytransactionandtranslationadjustmentnetoftax": 258000,
        "comprehensiveincomenetoftax": 20852000
    },
    {
        "date": "2014-03-30",
        "symbol": "MANH",
        "period": "Q1",
        "licensesrevenue": 1199000,
        "salesrevenueservicesnet": 5145000,
        "hardwarerevenueandother": 185000,
        "salesrevenuenet": 6529000,
        "licensecosts": 1613000,
        "costofservices": 38460000,
        "costofhardwareandother": 7479000,
        "researchanddevelopmentexpense": 11803000,
        "sellingandmarketingexpense": 12020000,
        "generalandadministrativeexpense": 10649000,
        "depreciationdepletionandamortization": 60000,
        "costsandexpenses": 4669000,
        "operatingincomeloss": 1860000,
        "othernonoperatingincomeexpense": -233000,
        "incomelossfromcontinuingoperationsbeforeincometaxesminorityinterestandincomelossfromequitymethodinvestments": 29818000,
        "incometaxexpensebenefit": 11106000,
        "netincomeloss": 18712000,
        "earningspersharebasic": 0.25,
        "earningspersharediluted": 0.24,
        "weightedaveragenumberofsharesoutstandingbasic": 75817000,
        "weightedaveragenumberofdilutedsharesoutstanding": 76795000,
        "othercomprehensiveincomelossforeigncurrencytransactionandtranslationadjustmentnetoftax": 1019000,
        "comprehensiveincomenetoftax": 19731000
    },
    {
        "date": "2013-09-29",
        "symbol": "MANH",
        "period": "Q3",
        "licensesrevenue": 4157000,
        "salesrevenueservicesnet": 5642000,
        "hardwarerevenueandother": 230000,
        "salesrevenuenet": 7139000,
        "licensecosts": 2445000,
        "costofservices": 35835000,
        "costofhardwareandother": 6812000,
        "researchanddevelopmentexpense": 10906000,
        "sellingandmarketingexpense": 9863000,
        "generalandadministrativeexpense": 9755000,
        "depreciationdepletionandamortization": 62000,
        "costsandexpenses": 4613000,
        "operatingincomeloss": 2526000,
        "othernonoperatingincomeexpense": 546000,
        "incomelossfromcontinuingoperationsbeforeincometaxesminorityinterestandincomelossfromequitymethodinvestments": 31318000,
        "incometaxexpensebenefit": 11630000,
        "netincomeloss": 19688000,
        "earningspersharebasic": 1.03,
        "earningspersharediluted": 1.02,
        "weightedaveragenumberofsharesoutstandingbasic": 19113000,
        "weightedaveragenumberofdilutedsharesoutstanding": 19388000,
        "othercomprehensiveincomelossforeigncurrencytransactionandtranslationadjustmentnetoftax": -424000,
        "othercomprehensiveincomelossnetoftax": -424000,
        "comprehensiveincomenetoftax": 19264000
    },
    {
        "date": "2013-06-29",
        "symbol": "MANH",
        "period": "Q2",
        "licensesrevenue": 6761000,
        "salesrevenueservicesnet": 5216000,
        "hardwarerevenueandother": 180000,
        "salesrevenuenet": 6952000,
        "licensecosts": 1937000,
        "costofservices": 35058000,
        "costofhardwareandother": 7023000,
        "researchanddevelopmentexpense": 11032000,
        "sellingandmarketingexpense": 11888000,
        "generalandadministrativeexpense": 7932000,
        "depreciationdepletionandamortization": 65000,
        "costsandexpenses": 4757000,
        "operatingincomeloss": 2195000,
        "othernonoperatingincomeexpense": 1243000,
        "incomelossfromcontinuingoperationsbeforeincometaxesminorityinterestandincomelossfromequitymethodinvestments": 27430000,
        "incometaxexpensebenefit": 10023000,
        "netincomeloss": 17407000,
        "earningspersharebasic": 0.91,
        "earningspersharediluted": 0.89,
        "weightedaveragenumberofsharesoutstandingbasic": 19222000,
        "weightedaveragenumberofdilutedsharesoutstanding": 19509000,
        "othercomprehensiveincomelossforeigncurrencytransactionandtranslationadjustmentnetoftax": -2772000,
        "othercomprehensiveincomelossnetoftax": -2772000,
        "comprehensiveincomenetoftax": 14635000
    },
    {
        "date": "2013-03-30",
        "symbol": "MANH",
        "period": "Q1",
        "licensesrevenue": 4994000,
        "salesrevenueservicesnet": 3844000,
        "hardwarerevenueandother": 109000,
        "salesrevenuenet": 5350000,
        "licensecosts": 1778000,
        "costofservices": 35046000,
        "costofhardwareandother": 6214000,
        "researchanddevelopmentexpense": 11476000,
        "sellingandmarketingexpense": 11434000,
        "generalandadministrativeexpense": 9508000,
        "depreciationdepletionandamortization": 65000,
        "costsandexpenses": 4406000,
        "operatingincomeloss": 944000,
        "othernonoperatingincomeexpense": 151000,
        "incomelossfromcontinuingoperationsbeforeincometaxesminorityinterestandincomelossfromequitymethodinvestments": 19812000,
        "incometaxexpensebenefit": 6457000,
        "netincomeloss": 13355000,
        "earningspersharebasic": 0.69,
        "earningspersharediluted": 0.68,
        "weightedaveragenumberofsharesoutstandingbasic": 19327000,
        "weightedaveragenumberofdilutedsharesoutstanding": 19685000,
        "othercomprehensiveincomeforeigncurrencytransactionandtranslationgainlossarisingduringperiodnetoftax": -80000,
        "comprehensiveincomenetoftax": 13275000
    },
    {
        "date": "2012-09-29",
        "symbol": "MANH",
        "period": "Q3",
        "licensesrevenue": -1431000,
        "salesrevenueservicesnet": -13811000,
        "hardwarerevenueandother": -24000,
        "salesrevenuenet": -933000,
        "licensecosts": 2086000,
        "costofservices": 32614000,
        "costofhardwareandother": 6428000,
        "researchanddevelopmentexpense": 11400000,
        "sellingandmarketingexpense": 10999000,
        "generalandadministrativeexpense": 9258000,
        "depreciationdepletionandamortization": 38000,
        "costsandexpenses": -1280000,
        "operatingincomeloss": 347000,
        "othernonoperatingincomeexpense": -247000,
        "incomelossfromcontinuingoperationsbeforeincometaxesminorityinterestandincomelossfromequitymethodinvestments": 21430000,
        "incometaxexpensebenefit": 7621000,
        "netincomeloss": 13809000,
        "earningspersharebasic": 0.7000000000000001,
        "earningspersharediluted": 0.6799999999999999,
        "weightedaveragenumberofsharesoutstandingbasic": -19924000,
        "weightedaveragenumberofdilutedsharesoutstanding": -20616000,
        "comprehensiveincomenetoftax": 15677000
    },
    {
        "date": "2012-06-29",
        "symbol": "MANH",
        "period": "Q2",
        "licensesrevenue": 9746000,
        "salesrevenueservicesnet": 4213000,
        "hardwarerevenueandother": 199000,
        "salesrevenuenet": 4139000,
        "licensecosts": 1488000,
        "costofservices": 30322000,
        "costofhardwareandother": 7540000,
        "researchanddevelopmentexpense": 10802000,
        "sellingandmarketingexpense": 11415000,
        "generalandadministrativeexpense": 9240000,
        "depreciationdepletionandamortization": 54000,
        "costsandexpenses": 3871000,
        "operatingincomeloss": 268000,
        "othernonoperatingincomeexpense": 802000,
        "incomelossfromcontinuingoperationsbeforeincometaxesminorityinterestandincomelossfromequitymethodinvestments": 22144000,
        "incometaxexpensebenefit": 7972000,
        "netincomeloss": 14172000,
        "earningspersharebasic": 0.72,
        "earningspersharediluted": 0.7,
        "weightedaveragenumberofsharesoutstandingbasic": 19765000,
        "weightedaveragenumberofdilutedsharesoutstanding": 20351000,
        "othercomprehensiveincomeforeigncurrencytransactionandtranslationgainlossarisingduringperiodnetoftax": -1822000,
        "othercomprehensiveincomeunrealizedholdinggainlossonsecuritiesarisingduringperiodnetoftax": 92000,
        "othercomprehensiveincomelossnetoftaxperiodincreasedecrease": -1730000,
        "comprehensiveincomenetoftax": 12442000,
        "othercomprehensiveincomeunrealizedholdinggainlossonsecuritiesarisingduringperiodtax": 53000
    },
    {
        "date": "2012-03-30",
        "symbol": "MANH",
        "period": "Q1",
        "licensesrevenue": 8678000,
        "salesrevenueservicesnet": 23749000,
        "hardwarerevenueandother": 302000,
        "salesrevenuenet": 12407000,
        "licensecosts": 1777000,
        "costofservices": 31710000,
        "costofhardwareandother": 4448000,
        "researchanddevelopmentexpense": 11551000,
        "sellingandmarketingexpense": 12403000,
        "generalandadministrativeexpense": 10308000,
        "depreciationdepletionandamortization": 60000,
        "costsandexpenses": 9827000,
        "operatingincomeloss": 2580000,
        "othernonoperatingincomeexpense": -124000,
        "incomelossfromcontinuingoperationsbeforeincometaxesminorityinterestandincomelossfromequitymethodinvestments": 17816000,
        "incometaxexpensebenefit": 6414000,
        "netincomeloss": 11402000,
        "earningspersharebasic": 0.57,
        "earningspersharediluted": 0.55,
        "weightedaveragenumberofsharesoutstandingbasic": 19904000,
        "weightedaveragenumberofdilutedsharesoutstanding": 20637000,
        "othercomprehensiveincomeforeigncurrencytransactionandtranslationadjustmentnetoftaxperiodincreasedecrease": 1088000,
        "comprehensiveincomenetoftax": 12490000
    },
    {
        "date": "2011-09-29",
        "symbol": "MANH",
        "period": "Q3",
        "licensesrevenue": 13565000,
        "salesrevenueservicesnet": 63594000,
        "hardwarerevenueandother": 8443000,
        "salesrevenuenet": 85602000,
        "licensecosts": 1196000,
        "costofservices": 28054000,
        "costofhardwareandother": 6695000,
        "researchanddevelopmentexpense": 10877000,
        "sellingandmarketingexpense": 10865000,
        "generalandadministrativeexpense": 9342000,
        "depreciationdepletionandamortization": 1698000,
        "recoveryofpreviouslyimpairedinvestment": 2519000,
        "costsandexpenses": 66208000,
        "operatingincomeloss": 19394000,
        "othernonoperatingincomeexpense": 862000,
        "incomelossfromcontinuingoperationsbeforeincometaxesminorityinterestandincomelossfromequitymethodinvestments": 20256000,
        "incometaxexpensebenefit": 5379000,
        "netincomeloss": 14877000,
        "earningspersharebasic": 0.74,
        "earningspersharediluted": 0.7,
        "weightedaveragenumberofsharesoutstandingbasic": 20156000,
        "weightedaveragenumberofdilutedsharesoutstanding": 21125000
    },
    {
        "date": "2011-06-29",
        "symbol": "MANH",
        "period": "Q2",
        "licensesrevenue": 16347000,
        "salesrevenueservicesnet": 63774000,
        "hardwarerevenueandother": 8281000,
        "salesrevenuenet": 88402000,
        "licensecosts": 1824000,
        "costofservices": 27462000,
        "costofhardwareandother": 6457000,
        "researchanddevelopmentexpense": 10676000,
        "sellingandmarketingexpense": 12309000,
        "generalandadministrativeexpense": 9238000,
        "depreciationdepletionandamortization": 2223000,
        "costsandexpenses": 70189000,
        "operatingincomeloss": 18213000,
        "othernonoperatingincomeexpense": 334000,
        "incomelossfromcontinuingoperationsbeforeincometaxesminorityinterestandincomelossfromequitymethodinvestments": 18547000,
        "incometaxexpensebenefit": 6208000,
        "netincomeloss": 12339000,
        "earningspersharebasic": 0.6,
        "earningspersharediluted": 0.57,
        "weightedaveragenumberofsharesoutstandingbasic": 20696000,
        "weightedaveragenumberofdilutedsharesoutstanding": 21775000
    }
]