[
    {
        "date": "2024-09-29",
        "symbol": "KKR",
        "period": "Q3",
        "revenuefromcontractwithcustomerexcludingassessedtax": 151546000,
        "capitalallocationbasedincomeloss": 1163424000,
        "premiumsearnednet": 621218000,
        "policyfeeincome": 375371000,
        "netinvestmentincome": 1701826000,
        "gainlossoninvestments": -235971000,
        "otherincome": 60162000,
        "revenues": 4791696000,
        "laborandrelatedexpense": 22732000,
        "operatingleaseexpense": 35837000,
        "generaladministrativeandotherexpense": 230889000,
        "benefitslossesandexpenses": 2421695000,
        "amortizationofpolicyacquisitioncosts": 49360000,
        "interestincomeexpensenet": -78508000,
        "insuranceexpenses": 3200000,
        "noninterestexpense": 4746005000,
        "gainlossfrominvestmentactivitiesnet": -19357000,
        "investmentincomedividend": 6828000,
        "investmentincomeinterest": 854927000,
        "interestexpensenonoperating": 80709000,
        "investmentincomeloss": 87693000,
        "incomelossfromcontinuingoperationsbeforeincometaxesextraordinaryitemsnoncontrollinginterest": 1644564000,
        "incometaxexpensebenefit": 209896000,
        "profitloss": 838916000,
        "netincomelossattributabletoredeemablenoncontrollinginterest": -4798000,
        "netincomelossattributabletononredeemablenoncontrollinginterest": 838916000,
        "netincomeloss": 600550000,
        "netincomelossavailabletocommonstockholdersbasic": 600550000,
        "earningspersharebasic": 0.68,
        "earningspersharediluted": 0.64,
        "weightedaveragenumberofsharesoutstandingbasic": 887444991,
        "weightedaveragenumberofdilutedsharesoutstanding": 941967479,
        "marketriskbenefitchangeinfairvaluegainloss": -54469000,
        "liabilityforfuturepolicybenefitremeasurementgainloss": 74645000,
        "othercomprehensiveincomelossavailableforsalesecuritiesadjustmentnetoftax": 2327041000,
        "othercomprehensiveincomelosspolicybalancesandothergainlossafteradjustmentandtax": -687406000,
        "othercomprehensiveincomelossforeigncurrencytransactionandtranslationadjustmentnetoftax": 181643000,
        "comprehensiveincomenetoftaxincludingportionattributabletononcontrollinginterest": 3255946000,
        "comprehensiveincomenetoftaxattributabletoredeemablenoncontrollinginterest": -4798000,
        "comprehensiveincomelossattributabletononredeemablenoncontrollinginterests": 828439000,
        "comprehensiveincomenetoftax": 2432305000
    },
    {
        "date": "2024-03-30",
        "symbol": "KKR",
        "period": "Q1",
        "revenuefromcontractwithcustomerexcludingassessedtax": 693526000,
        "capitalallocationbasedincomeloss": 1262942000,
        "premiumsearnednet": 6036522000,
        "policyfeeincome": 328947000,
        "netinvestmentincome": 1519902000,
        "gainlossoninvestments": -241486000,
        "otherincome": 56385000,
        "revenues": 1956468000,
        "laborandrelatedexpense": 1316448000,
        "operatingleaseexpense": 23540000,
        "generaladministrativeandotherexpense": 277981000,
        "benefitslossesandexpenses": 7261069000,
        "amortizationofpolicyacquisitioncosts": -3752000,
        "interestincomeexpensenet": -54567000,
        "insuranceexpenses": 199236000,
        "noninterestexpense": 1617969000,
        "gainlossfrominvestmentactivitiesnet": 638162000,
        "investmentincomedividend": 245057000,
        "investmentincomeinterest": 890102000,
        "interestexpense": 754064000,
        "investmentincomeloss": 1019257000,
        "incomelossfromcontinuingoperationsbeforeincometaxesextraordinaryitemsnoncontrollinginterest": 1363051000,
        "incometaxexpensebenefit": 269201000,
        "profitloss": 1093850000,
        "netincomelossattributabletoredeemablenoncontrollinginterest": 32678000,
        "netincomelossattributabletononredeemablenoncontrollinginterest": 378958000,
        "netincomeloss": 682214000,
        "netincomelossavailabletocommonstockholdersbasic": 682214000,
        "earningspersharebasic": 0.77,
        "earningspersharediluted": 0.74,
        "weightedaveragenumberofsharesoutstandingbasic": 885005824,
        "weightedaveragenumberofdilutedsharesoutstanding": 925141166,
        "marketriskbenefitchangeinfairvaluegainloss": 101760000,
        "othercomprehensiveincomelossavailableforsalesecuritiesadjustmentnetoftax": -200221000,
        "othercomprehensiveincomelosspolicybalancesandothergainlossafteradjustmentandtax": 125180000,
        "othercomprehensiveincomelossforeigncurrencytransactionandtranslationadjustmentnetoftax": -107161000,
        "comprehensiveincomenetoftaxincludingportionattributabletononcontrollinginterest": 911648000,
        "comprehensiveincomenetoftaxattributabletoredeemablenoncontrollinginterest": 32678000,
        "comprehensiveincomelossattributabletononredeemablenoncontrollinginterests": 377478000,
        "comprehensiveincomenetoftax": 501492000
    },
    {
        "date": "2023-06-30",
        "symbol": "KKR",
        "period": "Q2",
        "revenuefromcontractwithcustomerexcludingassessedtax": 754447000,
        "capitalallocationbasedincomeloss": 696897000,
        "premiumsearnednet": 626429000,
        "policyfeeincome": 315382000,
        "netinvestmentincome": 1311055000,
        "gainlossoninvestments": -117550000,
        "otherincome": 39858000,
        "revenues": 1451344000,
        "laborandrelatedexpense": 657114000,
        "operatingleaseexpense": 23593000,
        "generaladministrativeandotherexpense": 289586000,
        "benefitslossesandexpenses": 1736014000,
        "amortizationofpolicyacquisitioncosts": 170000,
        "interestincomeexpensenet": -39832000,
        "insuranceexpenses": 172121000,
        "noninterestexpense": 970293000,
        "gainlossfrominvestmentactivitiesnet": 570085000,
        "investmentincomedividend": 246939000,
        "investmentincomeinterest": 850061000,
        "interestexpense": 720108000,
        "investmentincomeloss": 946977000,
        "incomelossfromcontinuingoperationsbeforeincometaxesextraordinaryitemsnoncontrollinginterest": 1451013000,
        "incometaxexpensebenefit": 324955000,
        "profitloss": 1126058000,
        "netincomelossattributabletoredeemablenoncontrollinginterest": -1740000,
        "netincomelossattributabletononredeemablenoncontrollinginterest": 266086000,
        "netincomeloss": 861712000,
        "preferredstockdividendsandotheradjustments": 17249000,
        "netincomelossavailabletocommonstockholdersbasic": 844463000,
        "earningspersharebasic": 0.98,
        "earningspersharediluted": 0.94,
        "weightedaveragenumberofsharesoutstandingbasic": 861553274,
        "weightedaveragenumberofdilutedsharesoutstanding": 912147881,
        "marketriskbenefitchangeinfairvaluegainloss": 75286000,
        "othercomprehensiveincomelossavailableforsalesecuritiesadjustmentnetoftax": -220665000,
        "othercomprehensiveincomelosspolicybalancesandothergainlossafteradjustmentandtax": 13551000,
        "othercomprehensiveincomelossforeigncurrencytransactionandtranslationadjustmentnetoftax": -106615000,
        "comprehensiveincomenetoftaxincludingportionattributabletononcontrollinginterest": 812329000,
        "comprehensiveincomenetoftaxattributabletoredeemablenoncontrollinginterest": -1740000,
        "comprehensiveincomenetoftaxattributabletononcontrollinginterest": 188936000,
        "comprehensiveincomenetoftax": 625133000
    },
    {
        "date": "2023-03-30",
        "symbol": "KKR",
        "period": "Q1",
        "revenuefromcontractwithcustomerexcludingassessedtax": 198094000,
        "capitalallocationbasedincomeloss": 449018000,
        "premiumsearnednet": 473624000,
        "policyfeeincome": 313802000,
        "netinvestmentincome": 1300697000,
        "gainlossoninvestments": -123833000,
        "otherincome": 37158000,
        "revenues": 2546823000,
        "laborandrelatedexpense": 29714000,
        "operatingleaseexpense": 22149000,
        "generaladministrativeandotherexpense": 196714000,
        "benefitslossesandexpenses": 1527054000,
        "amortizationofpolicyacquisitioncosts": 44211000,
        "interestincomeexpensenet": -40261000,
        "insuranceexpenses": 5100000,
        "noninterestexpense": 2860083000,
        "gainlossfrominvestmentactivitiesnet": -344177000,
        "investmentincomedividend": 148167000,
        "investmentincomeinterest": 728616000,
        "interestexpense": 85500000,
        "investmentincomeloss": 141036000,
        "incomelossfromcontinuingoperationsbeforeincometaxesextraordinaryitemsnoncontrollinginterest": -118817000,
        "incometaxexpensebenefit": 148747000,
        "profitloss": -73003000,
        "netincomelossattributabletoredeemablenoncontrollinginterest": -7303000,
        "netincomelossattributabletononredeemablenoncontrollinginterest": -73003000,
        "netincomeloss": 339994000,
        "preferredstockdividendsincomestatementimpact": 17250000,
        "netincomelossavailabletocommonstockholdersbasic": 322744000,
        "earningspersharebasic": 0.37,
        "earningspersharediluted": 0.36,
        "weightedaveragenumberofsharesoutstandingbasic": 861108510,
        "weightedaveragenumberofdilutedsharesoutstanding": 887169336,
        "marketriskbenefitchangeinfairvaluegainloss": -146309000,
        "othercomprehensiveincomelossavailableforsalesecuritiesadjustmentnetoftax": 1132752000,
        "othercomprehensiveincomelosspolicybalancesandothergainlossafteradjustmentandtax": -137101000,
        "othercomprehensiveincomelossforeigncurrencytransactionandtranslationadjustmentnetoftax": -206300000,
        "comprehensiveincomenetoftaxincludingportionattributabletononcontrollinginterest": 1237101000,
        "comprehensiveincomenetoftaxattributabletoredeemablenoncontrollinginterest": -7303000,
        "comprehensiveincomenetoftaxattributabletononcontrollinginterest": 294185000,
        "comprehensiveincomenetoftax": 950219000
    },
    {
        "date": "2022-09-29",
        "symbol": "KKR",
        "period": "Q3",
        "revenuefromcontractwithcustomerexcludingassessedtax": 673929000,
        "capitalallocationbasedincomeloss": -572863000,
        "premiumsearnednet": 480462000,
        "policyfeeincome": 320206000,
        "netinvestmentincome": 1094877000,
        "gainlossoninvestments": -173830000,
        "otherincome": 35632000,
        "revenues": 101066000,
        "laborandrelatedexpense": 244502000,
        "operatingleaseexpense": 18683000,
        "generaladministrativeandotherexpense": 212513000,
        "benefitslossesandexpenses": 1087731000,
        "amortizationofpolicyacquisitioncosts": -8222000,
        "interestincomeexpensenet": -26141000,
        "insuranceexpenses": 158280000,
        "noninterestexpense": 475698000,
        "gainlossfrominvestmentactivitiesnet": -379180000,
        "investmentincomedividend": 294415000,
        "investmentincomeinterest": 500234000,
        "interestexpense": 391520000,
        "investmentincomeloss": 23949000,
        "incomelossfromcontinuingoperationsbeforeincometaxesextraordinaryitemsnoncontrollinginterest": -52153000,
        "incometaxexpensebenefit": 27434000,
        "profitloss": -79587000,
        "netincomelossattributabletoredeemablenoncontrollinginterest": 1601000,
        "netincomelossattributabletononcontrollinginterest": -6792000,
        "netincomeloss": -74396000,
        "preferredstockdividendsandotheradjustments": 17250000,
        "netincomelossavailabletocommonstockholdersbasic": -91646000,
        "earningspersharebasic": -0.11,
        "earningspersharediluted": -0.11,
        "weightedaveragenumberofsharesoutstandingbasic": 859833444,
        "weightedaveragenumberofdilutedsharesoutstanding": 859833444,
        "othercomprehensiveincomelossavailableforsalesecuritiesadjustmentnetoftax": -2241482000,
        "othercomprehensiveincomelossforeigncurrencytransactionandtranslationadjustmentnetoftax": -38396000,
        "comprehensiveincomenetoftaxincludingportionattributabletononcontrollinginterest": -2359465000,
        "comprehensiveincomenetoftaxattributabletoredeemablenoncontrollinginterest": 1601000,
        "comprehensiveincomenetoftaxattributabletononcontrollinginterest": -822333000,
        "comprehensiveincomenetoftax": -1538733000
    },
    {
        "date": "2022-06-29",
        "symbol": "KKR",
        "period": "Q2",
        "revenuefromcontractwithcustomerexcludingassessedtax": 615264000,
        "capitalallocationbasedincome": -923474000,
        "premiumsearnednet": -225502000,
        "policyfeeincome": 325707000,
        "netinvestmentincome": 931889000,
        "gainlossoninvestments": -426326000,
        "otherincome": 32512000,
        "revenues": -308210000,
        "laborandrelatedexpense": 250876000,
        "operatingleaseexpense": 18861000,
        "generaladministrativeandotherexpense": 253832000,
        "benefitslossesandexpenses": -45407000,
        "amortizationofpolicyacquisitioncosts": -13204000,
        "interestincomeexpensenet": -18970000,
        "insuranceexpenses": 131065000,
        "noninterestexpense": 523569000,
        "gainlossfrominvestmentactivitiesnet": -1885469000,
        "investmentincomedividend": 147355000,
        "investmentincomeinterest": 391549000,
        "interestexpense": 328726000,
        "investmentincomeloss": -1675291000,
        "incomelossfromcontinuingoperationsbeforeincometaxesextraordinaryitemsnoncontrollinginterest": -2157514000,
        "incometaxexpensebenefit": -153104000,
        "profitloss": -2004410000,
        "netincomelossattributabletoredeemablenoncontrollinginterest": 8000,
        "netincomelossattributabletononcontrollinginterest": -1193734000,
        "netincomeloss": -810684000,
        "preferredstockdividendsandotheradjustments": 17250000,
        "netincomelossavailabletocommonstockholdersbasic": -827934000,
        "earningspersharebasic": -1.22,
        "earningspersharediluted": -1.22,
        "weightedaveragenumberofsharesoutstandingbasic": 680747047,
        "weightedaveragenumberofdilutedsharesoutstanding": 680747047,
        "othercomprehensiveincomelossavailableforsalesecuritiesadjustmentnetoftax": -3422234000,
        "othercomprehensiveincomelossforeigncurrencytransactionandtranslationadjustmentnetoftax": -119373000,
        "comprehensiveincomenetoftaxincludingportionattributabletononcontrollinginterest": -5546017000,
        "comprehensiveincomenetoftaxattributabletoredeemablenoncontrollinginterest": 8000,
        "comprehensiveincomenetoftaxattributabletononcontrollinginterest": -2965878000,
        "comprehensiveincomenetoftax": -2580147000
    },
    {
        "date": "2021-09-29",
        "symbol": "KKR",
        "period": "Q3",
        "revenuefromcontractwithcustomerexcludingassessedtax": 718968000,
        "capitalallocationbasedincome": 1526667000,
        "premiumsearnednet": 974903000,
        "policyfeeincome": 310381000,
        "netinvestmentincome": 758381000,
        "gainlossoninvestments": 162127000,
        "otherincome": 31938000,
        "revenues": 2245635000,
        "laborandrelatedexpense": 1012837000,
        "operatingleaseexpense": 17438000,
        "generaladministrativeandotherexpense": 203977000,
        "benefitslossesandexpenses": 1697046000,
        "deferredpolicyacquisitioncostamortizationexpense": -16900000,
        "interestincomeexpensenet": -22437000,
        "insuranceexpenses": 89534000,
        "noninterestexpense": 1234252000,
        "gainlossfrominvestmentactivitiesnet": 2116647000,
        "investmentincomedividend": 121484000,
        "investmentincomeinterest": 402839000,
        "interestexpense": 278166000,
        "investmentincomeloss": 2362804000,
        "incomelossfromcontinuingoperationsbeforeincometaxesextraordinaryitemsnoncontrollinginterest": 3660927000,
        "incometaxexpensebenefit": 379282000,
        "profitloss": 3281645000,
        "netincomelossattributabletoredeemablenoncontrollinginterest": 1519000,
        "netincomelossattributabletononcontrollinginterest": 2123569000,
        "netincomeloss": 1156557000,
        "preferredstockdividendsandotheradjustments": 7953000,
        "netincomelossavailabletocommonstockholdersbasic": 1131354000,
        "earningspersharebasic": 1.94,
        "earningspersharediluted": 1.8,
        "weightedaveragenumberofsharesoutstandingbasic": 583030506,
        "weightedaveragenumberofdilutedsharesoutstanding": 637416100,
        "othercomprehensiveincomelossavailableforsalesecuritiesadjustmentnetoftax": -141762000,
        "othercomprehensiveincomelossforeigncurrencytransactionandtranslationadjustmentnetoftax": -12873000,
        "comprehensiveincomenetoftaxincludingportionattributabletononcontrollinginterest": 3127010000,
        "comprehensiveincomenetoftaxattributabletoredeemablenoncontrollinginterest": 1519000,
        "comprehensiveincomenetoftaxattributabletononcontrollinginterest": 2037025000,
        "comprehensiveincomenetoftax": 1088466000
    },
    {
        "date": "2021-06-29",
        "symbol": "KKR",
        "period": "Q2",
        "revenuefromcontractwithcustomerexcludingassessedtax": 675526000,
        "capitalallocationbasedincome": 1525393000,
        "premiumsearnednet": -452133000,
        "policyfeeincome": 312262000,
        "netinvestmentincome": 716497000,
        "gainlossoninvestments": 326558000,
        "otherincome": 32078000,
        "revenues": 2200919000,
        "laborandrelatedexpense": 1099423000,
        "operatingleaseexpense": 18651000,
        "generaladministrativeandotherexpense": 237296000,
        "benefitslossesandexpenses": 411199000,
        "deferredpolicyacquisitioncostamortizationexpense": -20031000,
        "interestincomeexpensenet": -11373000,
        "insuranceexpenses": 100973000,
        "noninterestexpense": 1355370000,
        "gainlossfrominvestmentactivitiesnet": 3220053000,
        "investmentincomedividend": 125821000,
        "investmentincomeinterest": 381254000,
        "interestexpense": 265056000,
        "investmentincomeloss": 3462072000,
        "incomelossfromcontinuingoperationsbeforeincometaxesminorityinterestandincomelossfromequitymethodinvestments": 4606541000,
        "incometaxexpensebenefit": 343667000,
        "profitloss": 4262874000,
        "netincomelossattributabletoredeemablenoncontrollinginterest": 1337000,
        "netincomelossattributabletononcontrollinginterest": 2946262000,
        "netincomeloss": 1315275000,
        "preferredstockdividendsandotheradjustments": 17834000,
        "netincomelossavailabletocommonstockholdersbasic": 1277672000,
        "earningspersharebasic": 2.19,
        "earningspersharediluted": 2.05,
        "weightedaveragenumberofsharesoutstandingbasic": 582398367,
        "weightedaveragenumberofdilutedsharesoutstanding": 630390360,
        "othercomprehensiveincomelossavailableforsalesecuritiesadjustmentnetoftax": 1293984000,
        "othercomprehensiveincomelossforeigncurrencytransactionandtranslationadjustmentnetoftax": 3765000,
        "comprehensiveincomenetoftaxincludingportionattributabletononcontrollinginterest": 5560623000,
        "comprehensiveincomenetoftaxattributabletononcontrollinginterest": 3702466000,
        "comprehensiveincomenetoftax": 1856820000,
        "comprehensiveincomenetoftaxattributabletoredeemablenoncontrollinginterest": 1337000
    },
    {
        "date": "2021-03-31",
        "symbol": "KKR",
        "period": "Q1",
        "revenuefromcontractwithcustomerexcludingassessedtax": 493311000,
        "capitalallocationbasedincome": 2684647000,
        "premiumsearnednet": 1176142000,
        "policyfeeincome": 201683000,
        "netinvestmentincome": 444781000,
        "gainlossoninvestments": -455702000,
        "otherincome": 18144000,
        "revenues": 3177958000,
        "laborandrelatedexpense": 1306797000,
        "operatingleaseexpense": 15200000,
        "benefitslossesandexpenses": 1485318000,
        "deferredpolicyacquisitioncostamortizationexpense": -20478000,
        "interestincomeexpensenet": -10672000,
        "insuranceexpenses": 52084000,
        "generaladministrativeandotherexpense": 166997000,
        "noninterestexpense": 1488994000,
        "gainlossfrominvestmentactivitiesnet": 2696200000,
        "investmentincomedividend": 75746000,
        "investmentincomeinterest": 367455000,
        "interestexpense": 251756000,
        "investmentincomeloss": 2887645000,
        "incomelossfromcontinuingoperationsbeforeincometaxesminorityinterestandincomelossfromequitymethodinvestments": 4354106000,
        "incometaxexpensebenefit": 438739000,
        "profitloss": 3915367000,
        "netincomelossattributabletononcontrollinginterest": 2245531000,
        "netincomeloss": 1669836000,
        "preferredstockdividendsandotheradjustments": 5822000,
        "netincomelossavailabletocommonstockholdersbasic": 1644245000,
        "earningspersharebasic": 2.85,
        "earningspersharediluted": 2.68,
        "weightedaveragenumberofsharesoutstandingbasic": 576727967,
        "weightedaveragenumberofdilutedsharesoutstanding": 620888491,
        "othercomprehensiveincomelossavailableforsalesecuritiesadjustmentnetoftax": -1490289000,
        "othercomprehensiveincomelossforeigncurrencytransactionandtranslationadjustmentnetoftax": -15257000,
        "comprehensiveincomenetoftaxincludingportionattributabletononcontrollinginterest": 2409821000,
        "comprehensiveincomenetoftaxattributabletononcontrollinginterest": 1366143000,
        "comprehensiveincomenetoftax": 1043678000
    },
    {
        "date": "2020-09-29",
        "symbol": "KKR",
        "period": "Q3",
        "profitloss": 2974301000,
        "othercomprehensiveincomelossforeigncurrencytransactionandtranslationadjustmentnetoftax": 21923000,
        "comprehensiveincomenetoftaxincludingportionattributabletononcontrollinginterest": 2996224000,
        "comprehensiveincomenetoftaxattributabletononcontrollinginterest": 1918700000,
        "comprehensiveincomenetoftax": 1077524000,
        "revenuefromcontractwithcustomerexcludingassessedtax": 563340000,
        "capitalallocationbasedincome": 1331898000,
        "revenues": 1895238000,
        "laborandrelatedexpense": 882339000,
        "operatingleaseexpense": 17321000,
        "generaladministrativeandotherexpense": 194039000,
        "noninterestexpense": 1093699000,
        "gainlossfrominvestmentactivitiesnet": 2284602000,
        "investmentincomedividend": 116379000,
        "investmentincomeinterest": 354865000,
        "interestexpense": 223709000,
        "investmentincomeloss": 2532137000,
        "incomelossfromcontinuingoperationsbeforeincometaxesminorityinterestandincomelossfromequitymethodinvestments": 3333676000,
        "incometaxexpensebenefit": 359375000,
        "netincomelossattributabletononcontrollinginterest": 1909458000,
        "netincomeloss": 1064843000,
        "preferredstockdividendsandotheradjustments": 5822000,
        "netincomelossavailabletocommonstockholdersbasic": 1056502000,
        "earningspersharebasic": 1.86,
        "earningspersharediluted": 1.79,
        "weightedaveragenumberofsharesoutstandingbasic": 562425576,
        "weightedaveragenumberofdilutedsharesoutstanding": 589116387
    },
    {
        "date": "2020-06-29",
        "symbol": "KKR",
        "period": "Q2",
        "profitloss": 1951165000,
        "othercomprehensiveincomelossforeigncurrencytransactionandtranslationadjustmentnetoftax": 1855000,
        "comprehensiveincomenetoftaxincludingportionattributabletononcontrollinginterest": 1953020000,
        "comprehensiveincomenetoftaxattributabletononcontrollinginterest": 1244264000,
        "comprehensiveincomenetoftax": 708756000,
        "revenuefromcontractwithcustomerexcludingassessedtax": 393473000,
        "capitalallocationbasedincome": 938521000,
        "revenues": 1331994000,
        "laborandrelatedexpense": 591324000,
        "operatingleaseexpense": 17579000,
        "generaladministrativeandotherexpense": 148165000,
        "noninterestexpense": 757068000,
        "gainlossfrominvestmentactivitiesnet": 1480869000,
        "investmentincomedividend": 9969000,
        "investmentincomeinterest": 331732000,
        "interestexpense": 240067000,
        "investmentincomeloss": 1582503000,
        "incomelossfromcontinuingoperationsbeforeincometaxesminorityinterestandincomelossfromequitymethodinvestments": 2157429000,
        "incometaxexpensebenefit": 206264000,
        "netincomelossattributabletononcontrollinginterest": 1244196000,
        "netincomeloss": 706969000,
        "preferredstockdividendsandotheradjustments": 5822000,
        "netincomelossavailabletocommonstockholdersbasic": 698628000,
        "earningspersharebasic": 1.25,
        "earningspersharediluted": 1.24,
        "weightedaveragenumberofsharesoutstandingbasic": 558774162,
        "weightedaveragenumberofdilutedsharesoutstanding": 565611138
    },
    {
        "date": "2020-03-31",
        "symbol": "KKR",
        "period": "Q1",
        "profitloss": -4227953000,
        "othercomprehensiveincomelossforeigncurrencytransactionandtranslationadjustmentnetoftax": -26732000,
        "comprehensiveincomenetoftaxincludingportionattributabletononcontrollinginterest": -4254685000,
        "comprehensiveincomenetoftaxattributabletononcontrollinginterest": -2961543000,
        "comprehensiveincomenetoftax": -1293142000,
        "revenuefromcontractwithcustomerexcludingassessedtax": 380572000,
        "capitalallocationbasedincome": -1382077000,
        "revenues": -1001505000,
        "laborandrelatedexpense": -262137000,
        "operatingleaseexpense": 16322000,
        "generaladministrativeandotherexpense": 149123000,
        "noninterestexpense": -96692000,
        "gainlossfrominvestmentactivitiesnet": -3944504000,
        "investmentincomedividend": 168699000,
        "investmentincomeinterest": 353455000,
        "interestexpense": 261469000,
        "investmentincomeloss": -3683819000,
        "incomelossfromcontinuingoperationsbeforeincometaxesminorityinterestandincomelossfromequitymethodinvestments": -4588632000,
        "incometaxexpensebenefit": -360679000,
        "netincomelossattributabletononcontrollinginterest": -2947429000,
        "netincomeloss": -1280524000,
        "preferredstockdividendsandotheradjustments": 5822000,
        "netincomelossavailabletocommonstockholdersbasic": -1288865000,
        "earningspersharebasic": -2.31,
        "earningspersharediluted": -2.31,
        "weightedaveragenumberofsharesoutstandingbasic": 559149821,
        "weightedaveragenumberofdilutedsharesoutstanding": 559149821
    },
    {
        "date": "2019-12-31",
        "symbol": "KKR",
        "period": "Q4",
        "profitloss": 1314152000,
        "othercomprehensiveincomelossforeigncurrencytransactionandtranslationadjustmentnetoftax": 19954000,
        "comprehensiveincomenetoftaxincludingportionattributabletononcontrollinginterest": 1331474000,
        "comprehensiveincomenetoftaxattributabletononcontrollinginterest": 797981000,
        "comprehensiveincomenetoftax": 533493000,
        "revenuefromcontractwithcustomerexcludingassessedtax": 841642000,
        "capitalallocationbasedincome": 580802000,
        "revenues": 2120232000,
        "laborandrelatedexpense": 535834000,
        "generaladministrativeandotherexpense": 199535000,
        "noninterestexpense": 751320000,
        "gainlossfrominvestmentactivitiesnet": 924611000,
        "investmentincomedividend": 131228000,
        "investmentincomeinterest": 350138000,
        "interestexpense": 260950000,
        "investmentincomeloss": 1145027000,
        "incomelossfromcontinuingoperationsbeforeincometaxesminorityinterestandincomelossfromequitymethodinvestments": 1456778000,
        "incometaxexpensebenefit": 142626000,
        "netincomelossattributabletononcontrollinginterest": 790710000,
        "netincomeloss": 523442000,
        "preferredstockdividendsandotheradjustments": 3303000,
        "netincomelossavailabletocommonstockholdersbasic": 515101000,
        "earningspersharebasic": 0.9300000000000002,
        "earningspersharediluted": 0.9099999999999997,
        "weightedaveragenumberofsharesoutstandingbasic": -1079661274,
        "weightedaveragenumberofdilutedsharesoutstanding": -1106534803
    },
    {
        "date": "2019-09-30",
        "symbol": "KKR",
        "period": "Q3",
        "profitloss": 336612000,
        "othercomprehensiveincomelossforeigncurrencytransactionandtranslationadjustmentnetoftax": -21047000,
        "comprehensiveincomenetoftaxincludingportionattributabletononcontrollinginterest": 315565000,
        "comprehensiveincomenetoftaxattributabletononcontrollinginterest": 76700000,
        "comprehensiveincomenetoftax": 238865000,
        "revenuefromcontractwithcustomerexcludingassessedtax": 416217000,
        "capitalallocationbasedincome": 374268000,
        "revenues": 790485000,
        "laborandrelatedexpense": 427527000,
        "operatingleasesrentexpensenet": 14894000,
        "generaladministrativeandotherexpense": 177112000,
        "noninterestexpense": 619533000,
        "gainlossfrominvestmentactivitiesnet": -4590000,
        "investmentincomedividend": 147989000,
        "investmentincomeinterest": 344140000,
        "interestexpense": 268747000,
        "investmentincomeloss": 218792000,
        "incomelossfromcontinuingoperationsbeforeincometaxesminorityinterestandincomelossfromequitymethodinvestments": 389744000,
        "incometaxexpensebenefit": 53132000,
        "netincomelossattributabletononcontrollinginterest": 87058000,
        "netincomeloss": 249554000,
        "preferredstockdividendsandotheradjustments": 5822000,
        "netincomelossavailabletocommonstockholdersbasic": 241213000,
        "earningspersharebasic": 0.44,
        "earningspersharediluted": 0.43,
        "weightedaveragenumberofsharesoutstandingbasic": 546336936,
        "weightedaveragenumberofdilutedsharesoutstanding": 559532065
    },
    {
        "date": "2019-06-29",
        "symbol": "KKR",
        "period": "Q2",
        "profitloss": 1361730000,
        "othercomprehensiveincomelossforeigncurrencytransactionandtranslationadjustmentnetoftax": -2039000,
        "comprehensiveincomenetoftaxincludingportionattributabletononcontrollinginterest": 1359691000,
        "comprehensiveincomenetoftaxattributabletononcontrollinginterest": 837111000,
        "comprehensiveincomenetoftax": 522580000,
        "revenuefromcontractwithcustomerexcludingassessedtax": 519441000,
        "capitalallocationbasedincome": 660423000,
        "revenues": 1179864000,
        "laborandrelatedexpense": 608967000,
        "operatingleasesrentexpensenet": 17193000,
        "generaladministrativeandotherexpense": 182651000,
        "noninterestexpense": 808811000,
        "gainlossfrominvestmentactivitiesnet": 1037985000,
        "investmentincomedividend": 17130000,
        "investmentincomeinterest": 365727000,
        "interestexpense": 264766000,
        "investmentincomeloss": 1156076000,
        "incomelossfromcontinuingoperationsbeforeincometaxesminorityinterestandincomelossfromequitymethodinvestments": 1527129000,
        "incometaxexpensebenefit": 165399000,
        "netincomelossattributabletononcontrollinginterest": 838996000,
        "netincomeloss": 522734000,
        "preferredstockdividendsandotheradjustments": 5822000,
        "netincomelossavailabletocommonstockholdersbasic": 514393000,
        "earningspersharebasic": 0.94,
        "earningspersharediluted": 0.93,
        "weightedaveragenumberofsharesoutstandingbasic": 544528863,
        "weightedaveragenumberofdilutedsharesoutstanding": 554643810
    },
    {
        "date": "2019-03-30",
        "symbol": "KKR",
        "period": "Q1",
        "profitloss": 1627046000,
        "othercomprehensiveincomelossforeigncurrencytransactionandtranslationadjustmentnetoftax": -266000,
        "comprehensiveincomenetoftaxincludingportionattributabletononcontrollinginterest": 1629412000,
        "comprehensiveincomenetoftaxattributabletononcontrollinginterest": 920359000,
        "comprehensiveincomenetoftax": 709053000,
        "revenuefromcontractwithcustomerexcludingassessedtax": 13175000,
        "capitalallocationbasedincome": 814932000,
        "revenues": 130319000,
        "laborandrelatedexpense": 544562000,
        "operatingleasesrentexpensenet": 14690000,
        "generaladministrativeandotherexpense": 169515000,
        "noninterestexpense": 728767000,
        "gainlossfrominvestmentactivitiesnet": 1203878000,
        "investmentincomedividend": 22625000,
        "investmentincomeinterest": 358511000,
        "interestexpense": 249088000,
        "investmentincomeloss": 1335926000,
        "incomelossfromcontinuingoperationsbeforeincometaxesminorityinterestandincomelossfromequitymethodinvestments": 1794639000,
        "incometaxexpensebenefit": 167593000,
        "netincomelossattributabletononcontrollinginterest": 917727000,
        "netincomeloss": 709319000,
        "preferredstockdividendsandotheradjustments": 8341000,
        "netincomelossavailabletocommonstockholdersbasic": 700978000,
        "earningspersharebasic": 1.31,
        "earningspersharediluted": 1.27,
        "weightedaveragenumberofsharesoutstandingbasic": 533892474,
        "weightedaveragenumberofdilutedsharesoutstanding": 550046440
    },
    {
        "date": "2018-09-29",
        "symbol": "KKR",
        "period": "Q3",
        "profitloss": 1352269000,
        "othercomprehensiveincomelossforeigncurrencytransactionandtranslationadjustmentnetoftax": -9624000,
        "comprehensiveincomenetoftaxincludingportionattributabletononcontrollinginterest": 1318194000,
        "comprehensiveincomenetoftaxattributabletoredeemablenoncontrollinginterest": 12236000,
        "comprehensiveincomenetoftaxattributabletononcontrollinginterest": 667043000,
        "comprehensiveincomenetoftax": 638915000,
        "revenuefromcontractwithcustomerexcludingassessedtax": 12635000,
        "capitalallocationbasedincome": 638163000,
        "revenues": 1178967000,
        "laborandrelatedexpense": 469107000,
        "operatingleasesrentexpensenet": 14571000,
        "generaladministrativeandotherexpense": 164406000,
        "noninterestexpense": 557080000,
        "gainlossfrominvestmentactivitiesnet": 666731000,
        "investmentincomedividend": 38245000,
        "investmentincomeinterest": 339393000,
        "interestexpense": 211081000,
        "investmentincomeloss": 242743000,
        "incomelossfromcontinuingoperationsbeforeincometaxesminorityinterestandincomelossfromequitymethodinvestments": 1222864000,
        "incometaxexpensebenefit": -129405000,
        "netincomelossattributabletoredeemablenoncontrollinginterest": 12236000,
        "netincomelossattributabletononcontrollinginterest": 2272000,
        "netincomeloss": 648539000,
        "preferredstockdividendsandotheradjustments": 2519000,
        "netincomelossavailabletocommonstockholdersbasic": 640198000,
        "earningspersharebasic": 1.22,
        "earningspersharediluted": 1.17,
        "weightedaveragenumberofsharesoutstandingbasic": 525240214,
        "weightedaveragenumberofdilutedsharesoutstanding": 545672953
    },
    {
        "date": "2018-06-29",
        "symbol": "KKR",
        "period": "Q2",
        "profitloss": 1566396000,
        "othercomprehensiveincomelossforeigncurrencytransactionandtranslationadjustmentnetoftax": -27537000,
        "comprehensiveincomenetoftaxincludingportionattributabletononcontrollinginterest": 1538859000,
        "comprehensiveincomenetoftaxattributabletoredeemablenoncontrollinginterest": -18016000,
        "comprehensiveincomenetoftaxattributabletononcontrollinginterest": 881741000,
        "comprehensiveincomenetoftax": 675134000,
        "revenuefromcontractwithcustomerexcludingassessedtax": 13853000,
        "capitalallocationbasedincome": 557774000,
        "revenues": 926196000,
        "laborandrelatedexpense": 368562000,
        "operatingleasesrentexpensenet": 14665000,
        "generaladministrativeandotherexpense": 187228000,
        "noninterestexpense": 446788000,
        "gainlossfrominvestmentactivitiesnet": 1116587000,
        "investmentincomedividend": 66344000,
        "investmentincomeinterest": 351705000,
        "interestexpense": 203850000,
        "investmentincomeloss": 168708000,
        "incomelossfromcontinuingoperationsbeforeincometaxesminorityinterestandincomelossfromequitymethodinvestments": 1627356000,
        "incometaxexpensebenefit": 60960000,
        "netincomelossattributabletoredeemablenoncontrollinginterest": -18016000,
        "netincomelossattributabletononcontrollinginterest": 1082000,
        "netincomeloss": 688722000,
        "preferredstockdividendsandotheradjustments": 2519000,
        "netincomelossavailabletocommonstockholdersbasic": 404691000,
        "netincomelossperoutstandinglimitedpartnershipunitbasicnetoftax": 1.33,
        "netincomelossnetoftaxperoutstandinglimitedpartnershipunitdiluted": 1.24,
        "weightedaveragelimitedpartnershipunitsoutstanding": 510586631,
        "weightedaveragelimitedpartnershipunitsoutstandingdiluted": 548745498
    },
    {
        "date": "2018-03-30",
        "symbol": "KKR",
        "period": "Q1",
        "profitloss": 602894000,
        "othercomprehensiveincomelossforeigncurrencytransactionandtranslationadjustmentnetoftax": -727000,
        "comprehensiveincomenetoftaxincludingportionattributabletononcontrollinginterest": 606518000,
        "comprehensiveincomenetoftaxattributabletoredeemablenoncontrollinginterest": 25674000,
        "comprehensiveincomenetoftaxattributabletononcontrollinginterest": 398050000,
        "comprehensiveincomenetoftax": 182794000,
        "investmentadvisoryfees": 394394000,
        "capitalallocationbasedincome": 78212000,
        "revenues": 472606000,
        "laborandrelatedexpense": 298136000,
        "operatingleasesrentexpensenet": 14215000,
        "generaladministrativeandotherexpense": 124250000,
        "noninterestexpense": 436601000,
        "gainlossfrominvestmentactivitiesnet": 472800000,
        "investmentincomedividend": 33064000,
        "investmentincomeinterest": 298256000,
        "interestexpense": 219590000,
        "investmentincomeloss": 584530000,
        "incomelossfromcontinuingoperationsbeforeincometaxesminorityinterestandincomelossfromequitymethodinvestments": 620535000,
        "incometaxexpensebenefit": 17641000,
        "netincomelossattributabletoredeemablenoncontrollinginterest": 25674000,
        "netincomelossattributabletononcontrollinginterest": 398777000,
        "netincomeloss": 178443000,
        "preferredstockdividendsandotheradjustments": 2519000,
        "netincomelossavailabletocommonstockholdersbasic": 170102000,
        "netincomelossperoutstandinglimitedpartnershipunitbasicnetoftax": 0.36,
        "netincomelossnetoftaxperoutstandinglimitedpartnershipunitdiluted": 0.32,
        "weightedaveragelimitedpartnershipunitsoutstanding": 487704838,
        "weightedaveragelimitedpartnershipunitsoutstandingdiluted": 535918274
    },
    {
        "date": "2017-09-29",
        "symbol": "KKR",
        "period": "Q3",
        "profitloss": 378938000,
        "othercomprehensiveincomelossforeigncurrencytransactionandtranslationadjustmentnetoftax": 10001000,
        "comprehensiveincomenetoftaxincludingportionattributabletononcontrollinginterest": 388939000,
        "comprehensiveincomenetoftaxattributabletoredeemablenoncontrollinginterest": 20876000,
        "comprehensiveincomenetoftaxattributabletononcontrollinginterest": 199904000,
        "comprehensiveincomenetoftax": 168159000,
        "investmentadvisoryfees": 79689000,
        "laborandrelatedexpense": 34440000,
        "operatingleasesrentexpensenet": 1535000,
        "generaladministrativeandotherexpense": 146467000,
        "noninterestexpense": 43647000,
        "gainlossfrominvestmentactivitiesnet": 108779000,
        "investmentincomedividend": 20774000,
        "investmentincomeinterest": 317134000,
        "interestexpense": 211959000,
        "investmentincomeloss": 50095000,
        "incomelossfromcontinuingoperationsbeforeincometaxesminorityinterestandincomelossfromequitymethodinvestments": 397358000,
        "incometaxexpensebenefit": 18420000,
        "netincomelossattributabletoredeemablenoncontrollinginterest": 20876000,
        "netincomelossattributabletononcontrollinginterest": 196158000,
        "netincomeloss": 161904000,
        "preferredstockdividendsandotheradjustments": 2519000,
        "netincomelossavailabletocommonstockholdersbasic": 153563000,
        "netincomelossperoutstandinglimitedpartnershipunitbasicnetoftax": 0.33,
        "netincomelossnetoftaxperoutstandinglimitedpartnershipunitdiluted": 0.3,
        "weightedaveragelimitedpartnershipunitsoutstanding": 471758886,
        "weightedaveragelimitedpartnershipunitsoutstandingdiluted": 506873177
    },
    {
        "date": "2017-06-29",
        "symbol": "KKR",
        "period": "Q2",
        "profitloss": 868524000,
        "othercomprehensiveincomelossforeigncurrencytransactionandtranslationadjustmentnetoftax": 20520000,
        "comprehensiveincomenetoftaxincludingportionattributabletononcontrollinginterest": 889044000,
        "comprehensiveincomenetoftaxattributabletoredeemablenoncontrollinginterest": 22387000,
        "comprehensiveincomenetoftaxattributabletononcontrollinginterest": 441638000,
        "comprehensiveincomenetoftax": 425019000,
        "investmentadvisoryfees": 93197000,
        "laborandrelatedexpense": 31084000,
        "operatingleasesrentexpensenet": 1749000,
        "generaladministrativeandotherexpense": 152855000,
        "noninterestexpense": 41067000,
        "gainlossfrominvestmentactivitiesnet": 418428000,
        "investmentincomedividend": 69446000,
        "investmentincomeinterest": 295718000,
        "interestexpense": 198590000,
        "investmentincomeloss": 335967000,
        "incomelossfromcontinuingoperationsbeforeincometaxesminorityinterestandincomelossfromequitymethodinvestments": 887062000,
        "incometaxexpensebenefit": 18538000,
        "netincomelossattributabletoredeemablenoncontrollinginterest": 22387000,
        "netincomelossattributabletononcontrollinginterest": 432150000,
        "netincomeloss": 413987000,
        "preferredstockdividendsandotheradjustments": 2519000,
        "netincomelossavailabletocommonstockholdersbasic": 405646000,
        "netincomelossperoutstandinglimitedpartnershipunitbasicnetoftax": 0.87,
        "netincomelossnetoftaxperoutstandinglimitedpartnershipunitdiluted": 0.81,
        "weightedaveragelimitedpartnershipunitsoutstanding": 466170025,
        "weightedaveragelimitedpartnershipunitsoutstandingdiluted": 501177423
    },
    {
        "date": "2016-09-29",
        "symbol": "KKR",
        "period": "Q3",
        "profitloss": 974762000,
        "othercomprehensiveincomelossforeigncurrencytransactionandtranslationadjustmentnetoftax": 2452000,
        "comprehensiveincomenetoftaxincludingportionattributabletononcontrollinginterest": 977214000,
        "comprehensiveincomenetoftaxattributabletoredeemablenoncontrollinginterest": 3121000,
        "comprehensiveincomenetoftaxattributabletononcontrollinginterest": 612656000,
        "comprehensiveincomenetoftax": 361437000,
        "investmentadvisoryfees": 84196000,
        "laborandrelatedexpense": 30290000,
        "operatingleasesrentexpensenet": 2570000,
        "generaladministrativeandotherexpense": 136551000,
        "noninterestexpense": 41754000,
        "gainlossfrominvestmentactivitiesnet": 735144000,
        "investmentincomedividend": 73105000,
        "investmentincomeinterest": 256505000,
        "interestexpense": 255105000,
        "investmentincomeloss": 330497000,
        "incomelossfromcontinuingoperationsbeforeincometaxesminorityinterestandincomelossfromequitymethodinvestments": 985588000,
        "incometaxexpensebenefit": 10826000,
        "netincomelossattributabletoredeemablenoncontrollinginterest": 3121000,
        "netincomelossattributabletononcontrollinginterest": 611288000,
        "netincomeloss": 360353000,
        "preferredstockdividendsandotheradjustments": 2379000,
        "netincomelossavailabletocommonstockholdersbasic": 352152000,
        "netincomelossperoutstandinglimitedpartnershipunitbasicnetoftax": 0.79,
        "netincomelossnetoftaxperoutstandinglimitedpartnershipunitdiluted": 0.73,
        "weightedaveragelimitedpartnershipunitsoutstanding": 445989300,
        "weightedaveragelimitedpartnershipunitsoutstandingdiluted": 479975675
    },
    {
        "date": "2016-06-29",
        "symbol": "KKR",
        "period": "Q2",
        "profitloss": 273231000,
        "othercomprehensiveincomelossforeigncurrencytransactionandtranslationadjustmentnetoftax": -10207000,
        "comprehensiveincomenetoftaxincludingportionattributabletononcontrollinginterest": 263024000,
        "comprehensiveincomenetoftaxattributabletoredeemablenoncontrollinginterest": 1533000,
        "comprehensiveincomenetoftaxattributabletononcontrollinginterest": 165664000,
        "comprehensiveincomenetoftax": 95827000,
        "investmentadvisoryfees": 84968000,
        "laborandrelatedexpense": 25465000,
        "operatingleasesrentexpensenet": 2007000,
        "generaladministrativeandotherexpense": 110618000,
        "noninterestexpense": 37402000,
        "gainlossfrominvestmentactivitiesnet": 9168000,
        "investmentincomedividend": 31669000,
        "investmentincomeinterest": 266213000,
        "interestexpense": 181313000,
        "investmentincomeloss": -46745000,
        "incomelossfromcontinuingoperationsbeforeincometaxesminorityinterestandincomelossfromequitymethodinvestments": 279276000,
        "incometaxexpensebenefit": 6045000,
        "netincomelossattributabletoredeemablenoncontrollinginterest": 1533000,
        "netincomelossattributabletononcontrollinginterest": 172115000,
        "netincomeloss": 99583000,
        "preferredstockdividendsandotheradjustments": 5693000,
        "netincomelossavailabletocommonstockholdersbasic": 93890000,
        "netincomelossperoutstandinglimitedpartnershipunitbasicnetoftax": 0.21,
        "netincomelossnetoftaxperoutstandinglimitedpartnershipunitdiluted": 0.19,
        "weightedaveragelimitedpartnershipunitsoutstanding": 448221538,
        "weightedaveragelimitedpartnershipunitsoutstandingdiluted": 481809612
    },
    {
        "date": "2016-03-30",
        "symbol": "KKR",
        "period": "Q1",
        "profitloss": -760336000,
        "othercomprehensiveincomelossforeigncurrencytransactionandtranslationadjustmentnetoftax": 3586000,
        "comprehensiveincomenetoftaxincludingportionattributabletononcontrollinginterest": -751902000,
        "comprehensiveincomenetoftaxattributabletoredeemablenoncontrollinginterest": -38000,
        "comprehensiveincomenetoftaxattributabletononcontrollinginterest": -426773000,
        "comprehensiveincomenetoftax": -325091000,
        "investmentadvisoryfees": 77723000,
        "laborandrelatedexpense": 9584000,
        "operatingleasesrentexpensenet": 2675000,
        "generaladministrativeandotherexpense": 166268000,
        "noninterestexpense": 21537000,
        "gainlossfrominvestmentactivitiesnet": -735223000,
        "investmentincomedividend": 63213000,
        "investmentincomeinterest": 230476000,
        "interestexpense": 171394000,
        "investmentincomeloss": -529598000,
        "incomelossfromcontinuingoperationsbeforeincometaxesminorityinterestandincomelossfromequitymethodinvestments": -758446000,
        "incometaxexpensebenefit": 1890000,
        "netincomelossattributabletoredeemablenoncontrollinginterest": -38000,
        "netincomelossattributabletononcontrollinginterest": -430359000,
        "netincomeloss": -329939000,
        "netincomelossperoutstandinglimitedpartnershipunitbasicnetoftax": -0.73,
        "netincomelossnetoftaxperoutstandinglimitedpartnershipunitdiluted": -0.73,
        "weightedaveragelimitedpartnershipunitsoutstanding": 450262143,
        "weightedaveragelimitedpartnershipunitsoutstandingdiluted": 450262143
    },
    {
        "date": "2015-09-29",
        "symbol": "KKR",
        "period": "Q3",
        "profitloss": -1217895000,
        "othercomprehensiveincomelossforeigncurrencytransactionandtranslationadjustmentnetoftax": -6824000,
        "comprehensiveincomenetoftaxincludingportionattributabletononcontrollinginterest": -1224719000,
        "comprehensiveincomenetoftaxattributabletoredeemablenoncontrollinginterest": -12925000,
        "comprehensiveincomenetoftaxattributabletononcontrollinginterest": -1020114000,
        "comprehensiveincomenetoftax": -191680000,
        "investmentadvisoryfees": 63889000,
        "laborandrelatedexpense": 7255000,
        "operatingleasesrentexpensenet": 3096000,
        "generaladministrativeandotherexpense": 163477000,
        "noninterestexpense": 19355000,
        "gainlossfrominvestmentactivitiesnet": -1555681000,
        "investmentincomedividend": 270759000,
        "investmentincomeinterest": 299485000,
        "interestexpense": 151554000,
        "investmentincomeloss": -194036000,
        "incomelossfromcontinuingoperationsbeforeincometaxesminorityinterestandincomelossfromequitymethodinvestments": -1225285000,
        "incometaxexpensebenefit": -7390000,
        "netincomelossattributabletoredeemablenoncontrollinginterest": -12925000,
        "netincomelossattributabletononcontrollinginterest": -1014382000,
        "netincomeloss": -190588000,
        "netincomelossperoutstandinglimitedpartnershipunitbasicnetoftax": -0.42,
        "netincomelossnetoftaxperoutstandinglimitedpartnershipunitdiluted": -0.42,
        "weightedaveragelimitedpartnershipunitsoutstanding": 452165697,
        "weightedaveragelimitedpartnershipunitsoutstandingdiluted": 452165697
    },
    {
        "date": "2015-06-29",
        "symbol": "KKR",
        "period": "Q2",
        "profitloss": 3305868000,
        "othercomprehensiveincomelossforeigncurrencytransactionandtranslationadjustmentnetoftax": 4999000,
        "comprehensiveincomenetoftaxincludingportionattributabletononcontrollinginterest": 3310867000,
        "comprehensiveincomenetoftaxattributabletoredeemablenoncontrollinginterest": -891000,
        "comprehensiveincomenetoftaxattributabletononcontrollinginterest": 2932747000,
        "comprehensiveincomenetoftax": 379011000,
        "investmentadvisoryfees": 66756000,
        "laborandrelatedexpense": 37561000,
        "operatingleasesrentexpensenet": 2977000,
        "generaladministrativeandotherexpense": 126314000,
        "noninterestexpense": 51155000,
        "gainlossfrominvestmentactivitiesnet": 3110604000,
        "investmentincomedividend": 360556000,
        "investmentincomeinterest": 302985000,
        "interestexpense": 139427000,
        "investmentincomeloss": 78594000,
        "incomelossfromcontinuingoperationsbeforeincometaxesminorityinterestandincomelossfromequitymethodinvestments": 3336415000,
        "incometaxexpensebenefit": 30547000,
        "netincomelossattributabletoredeemablenoncontrollinginterest": -891000,
        "netincomelossattributabletononcontrollinginterest": 2930453000,
        "netincomeloss": 376306000,
        "netincomelossperoutstandinglimitedpartnershipunitbasicnetoftax": 0.84,
        "netincomelossnetoftaxperoutstandinglimitedpartnershipunitdiluted": 0.78,
        "weightedaveragelimitedpartnershipunitsoutstanding": 446794950,
        "weightedaveragelimitedpartnershipunitsoutstandingdiluted": 482651491
    },
    {
        "date": "2015-03-30",
        "symbol": "KKR",
        "period": "Q1",
        "profitloss": 1943009000,
        "othercomprehensiveincomelossforeigncurrencytransactionandtranslationadjustmentnetoftax": -11005000,
        "comprehensiveincomenetoftaxincludingportionattributabletononcontrollinginterest": 1920583000,
        "comprehensiveincomenetoftaxattributabletoredeemablenoncontrollinginterest": 1933000,
        "comprehensiveincomenetoftaxattributabletononcontrollinginterest": 1659564000,
        "comprehensiveincomenetoftax": 259086000,
        "investmentadvisoryfees": 67346000,
        "laborandrelatedexpense": 28943000,
        "operatingleasesrentexpensenet": 3122000,
        "generaladministrativeandotherexpense": 134302000,
        "noninterestexpense": 47019000,
        "gainlossfrominvestmentactivitiesnet": 1919825000,
        "investmentincomedividend": 78815000,
        "investmentincomeinterest": 296158000,
        "interestexpense": 111963000,
        "investmentincomeloss": -35321000,
        "incomelossfromcontinuingoperationsbeforeincometaxesminorityinterestandincomelossfromequitymethodinvestments": 1959147000,
        "incometaxexpensebenefit": 16138000,
        "netincomelossattributabletoredeemablenoncontrollinginterest": 1933000,
        "netincomelossattributabletononcontrollinginterest": 1670569000,
        "netincomeloss": 270507000,
        "netincomelossperoutstandinglimitedpartnershipunitbasicnetoftax": 0.62,
        "netincomelossnetoftaxperoutstandinglimitedpartnershipunitdiluted": 0.57,
        "weightedaveragelimitedpartnershipunitsoutstanding": 434874820,
        "weightedaveragelimitedpartnershipunitsoutstandingdiluted": 472225344
    },
    {
        "date": "2014-06-29",
        "symbol": "KKR",
        "period": "Q2",
        "investmentadvisoryfees": 242759000,
        "laborandrelatedexpense": 358730000,
        "operatingleasesrentexpensenet": 16059000,
        "generaladministrativeandotherexpense": 210536000,
        "noninterestexpense": 585325000,
        "gainlossfrominvestmentactivitiesnet": 1971850000,
        "investmentincomedividend": 272902000,
        "investmentincomeinterest": 215872000,
        "interestexpense": 65997000,
        "investmentincomeloss": 162158000,
        "incomelossfromcontinuingoperationsbeforeincometaxesminorityinterestandincomelossfromequitymethodinvestments": 2058672000,
        "incometaxexpensebenefit": 6176000,
        "profitloss": 2052496000,
        "netincomelossattributabletoredeemablenoncontrollinginterest": -6809000,
        "netincomelossattributabletononcontrollinginterest": 1881090000,
        "netincomeloss": 178215000,
        "netincomelossperoutstandinglimitedpartnershipunitbasicnetoftax": 0.47,
        "netincomelossnetoftaxperoutstandinglimitedpartnershipunitdiluted": 0.43,
        "weightedaveragelimitedpartnershipunitsoutstanding": 377542161,
        "weightedaveragelimitedpartnershipunitsoutstandingdiluted": 410179838,
        "othercomprehensiveincomelossforeigncurrencytransactionandtranslationadjustmentnetoftax": -514000,
        "comprehensiveincomenetoftaxincludingportionattributabletononcontrollinginterest": 2051982000,
        "comprehensiveincomenetoftaxattributabletoredeemablenoncontrollinginterest": -6809000,
        "comprehensiveincomenetoftaxattributabletononcontrollinginterest": 1880668000,
        "comprehensiveincomenetoftax": 178123000
    },
    {
        "date": "2014-03-30",
        "symbol": "KKR",
        "period": "Q1",
        "investmentadvisoryfees": -24697000,
        "laborandrelatedexpense": 331038000,
        "operatingleasesrentexpensenet": 15408000,
        "generaladministrativeandotherexpense": 126725000,
        "noninterestexpense": 473171000,
        "gainlossfrominvestmentactivitiesnet": 1972180000,
        "investmentincomedividend": 96704000,
        "investmentincomeinterest": 161960000,
        "interestexpense": 34731000,
        "investmentincomeloss": 2196113000,
        "incomelossfromcontinuingoperationsbeforeincometaxesminorityinterestandincomelossfromequitymethodinvestments": 2025868000,
        "incometaxexpensebenefit": 21702000,
        "profitloss": 2004166000,
        "netincomelossattributabletoredeemablenoncontrollinginterest": 10637000,
        "netincomelossattributabletononcontrollinginterest": 1783488000,
        "netincomeloss": 210041000,
        "netincomelossperoutstandinglimitedpartnershipunitbasicnetoftax": 0.72,
        "netincomelossnetoftaxperoutstandinglimitedpartnershipunitdiluted": 0.65,
        "weightedaveragelimitedpartnershipunitsoutstanding": 293490461,
        "weightedaveragelimitedpartnershipunitsoutstandingdiluted": 325104229,
        "othercomprehensiveincomelossforeigncurrencytransactionandtranslationadjustmentnetoftax": 88000,
        "comprehensiveincomenetoftaxincludingportionattributabletononcontrollinginterest": 2009509000,
        "comprehensiveincomenetoftaxattributabletoredeemablenoncontrollinginterest": 10637000,
        "comprehensiveincomenetoftaxattributabletononcontrollinginterest": 1787760000,
        "comprehensiveincomenetoftax": 211112000
    },
    {
        "date": "2013-09-29",
        "symbol": "KKR",
        "period": "Q3",
        "investmentadvisoryfees": -54797000,
        "laborandrelatedexpense": 329182000,
        "operatingleasesrentexpensenet": 17637000,
        "generaladministrativeandotherexpense": 108676000,
        "noninterestexpense": 455495000,
        "gainlossfrominvestmentactivitiesnet": 2230401000,
        "investmentincomedividend": 121059000,
        "investmentincomeinterest": 114861000,
        "interestexpense": 25056000,
        "investmentincomeloss": 2441265000,
        "incomelossfromcontinuingoperationsbeforeincometaxesminorityinterestandincomelossfromequitymethodinvestments": 2205798000,
        "incometaxexpensebenefit": 7644000,
        "profitloss": 2198154000,
        "netincomelossattributabletoredeemablenoncontrollinginterest": 9169000,
        "netincomelossattributabletononcontrollinginterest": 1984245000,
        "netincomeloss": 204740000,
        "commonstockdividendspersharedeclared": 0.23,
        "netincomelossperoutstandinglimitedpartnershipunitbasicnetoftax": 0.73,
        "netincomelossnetoftaxperoutstandinglimitedpartnershipunitdiluted": 0.66,
        "weightedaveragelimitedpartnershipunitsoutstanding": 282148802,
        "weightedaveragelimitedpartnershipunitsoutstandingdiluted": 308135191,
        "othercomprehensiveincomelossforeigncurrencytransactionandtranslationadjustmentnetoftax": -1362000,
        "comprehensiveincomenetoftaxincludingportionattributabletononcontrollinginterest": 2196792000,
        "comprehensiveincomenetoftaxattributabletoredeemablenoncontrollinginterest": 9169000,
        "comprehensiveincomenetoftaxattributabletononcontrollinginterest": 1983004000,
        "comprehensiveincomenetoftax": 204619000
    },
    {
        "date": "2013-06-29",
        "symbol": "KKR",
        "period": "Q2",
        "investmentadvisoryfees": -70331000,
        "laborandrelatedexpense": 200602000,
        "operatingleasesrentexpensenet": 13878000,
        "generaladministrativeandotherexpense": 77542000,
        "noninterestexpense": 153492000,
        "gainlossfrominvestmentactivitiesnet": 98537000,
        "investmentincomedividend": 209486000,
        "investmentincomeinterest": 128020000,
        "interestexpense": 24614000,
        "investmentincomeloss": 363840000,
        "incomelossfromcontinuingoperationsbeforeincometaxesminorityinterestandincomelossfromequitymethodinvestments": 140017000,
        "incometaxexpensebenefit": 8525000,
        "profitloss": 277258000,
        "netincomelossattributabletoredeemablenoncontrollinginterest": -7800000,
        "netincomelossattributabletononcontrollinginterest": 269924000,
        "netincomeloss": 15134000,
        "commonstockdividendspersharedeclared": 0.42,
        "netincomelossperoutstandinglimitedpartnershipunitbasicnetoftax": 0.06,
        "netincomelossnetoftaxperoutstandinglimitedpartnershipunitdiluted": 0.05,
        "weightedaveragelimitedpartnershipunitsoutstanding": 271983811,
        "weightedaveragelimitedpartnershipunitsoutstandingdiluted": 298078764,
        "othercomprehensiveincomelossforeigncurrencytransactionandtranslationadjustmentnetoftax": -4929000,
        "comprehensiveincomenetoftaxincludingportionattributabletononcontrollinginterest": 272329000,
        "comprehensiveincomenetoftaxattributabletoredeemablenoncontrollinginterest": -7800000,
        "comprehensiveincomenetoftaxattributabletononcontrollinginterest": 266310000,
        "comprehensiveincomenetoftax": 13819000
    },
    {
        "date": "2013-03-30",
        "symbol": "KKR",
        "period": "Q1",
        "investmentadvisoryfees": -69874000,
        "laborandrelatedexpense": 331121000,
        "operatingleasesrentexpensenet": 14521000,
        "generaladministrativeandotherexpense": 93688000,
        "noninterestexpense": 306216000,
        "gainlossfrominvestmentactivitiesnet": 2269817000,
        "investmentincomedividend": 39469000,
        "investmentincomeinterest": 109369000,
        "interestexpense": 23023000,
        "investmentincomeloss": 1834789000,
        "incomelossfromcontinuingoperationsbeforeincometaxesminorityinterestandincomelossfromequitymethodinvestments": 1458699000,
        "incometaxexpensebenefit": 9356000,
        "profitloss": 2098186000,
        "netincomelossattributabletoredeemablenoncontrollinginterest": 24623000,
        "netincomelossattributabletononcontrollinginterest": 1880124000,
        "netincomeloss": 193439000,
        "commonstockdividendspersharedeclared": 0.27,
        "netincomelossperoutstandinglimitedpartnershipunit": 0.75,
        "netincomelossperoutstandinglimitedpartnershipunitdiluted": 0.69,
        "weightedaveragelimitedpartnershipunitsoutstanding": 257044184,
        "weightedaveragelimitedpartnershipunitsoutstandingdiluted": 282042521,
        "othercomprehensiveincomelossforeigncurrencytransactionandtranslationadjustmentnetoftax": -1243000,
        "comprehensiveincomenetoftaxincludingportionattributabletononcontrollinginterest": 2096943000,
        "comprehensiveincomenetoftaxattributabletoredeemablenoncontrollinginterest": 24623000,
        "comprehensiveincomenetoftaxattributabletononcontrollinginterest": 1878754000,
        "comprehensiveincomenetoftax": 193566000
    },
    {
        "date": "2012-09-30",
        "symbol": "KKR",
        "period": "Q3",
        "profitloss": 2102786000,
        "othercomprehensiveincomelossforeigncurrencytransactionandtranslationadjustmentnetoftax": 5768000,
        "comprehensiveincomenetoftaxincludingportionattributabletononcontrollinginterest": 2108554000,
        "comprehensiveincomenetoftaxattributabletoredeemablenoncontrollinginterest": 9994000,
        "comprehensiveincomenetoftaxattributabletononcontrollinginterest": 1968908000,
        "comprehensiveincomenetoftax": 129652000,
        "investmentadvisoryfees": 162154000,
        "laborandrelatedexpense": 366350000,
        "operatingleasesrentexpensenet": 14344000,
        "generaladministrativeandotherexpense": 65825000,
        "noninterestexpense": 446519000,
        "gainlossfrominvestmentactivitiesnet": 2308613000,
        "investmentincomedividend": 10440000,
        "investmentincomeinterest": 95578000,
        "interestexpense": 17868000,
        "investmentincomeloss": 2396763000,
        "incomelossfromcontinuingoperationsbeforeincometaxesminorityinterestandincomelossfromequitymethodinvestments": 2112398000,
        "incometaxexpensebenefit": 9612000,
        "netincomelossattributabletoredeemablenoncontrollinginterest": 9994000,
        "netincomelossattributabletononcontrollinginterest": 1965381000,
        "netincomeloss": 127411000,
        "commonstockdividendspersharedeclared": 0.24,
        "netincomelossperoutstandinglimitedpartnershipunit": 0.53,
        "netincomelossperoutstandinglimitedpartnershipunitdiluted": 0.49,
        "weightedaveragelimitedpartnershipunitsoutstanding": 239696358,
        "weightedaveragelimitedpartnershipunitsoutstandingdiluted": 257646622
    },
    {
        "date": "2012-06-30",
        "symbol": "KKR",
        "period": "Q2",
        "profitloss": 1505143000,
        "othercomprehensiveincomeforeigncurrencytransactionandtranslationadjustmentnetoftaxperiodincreasedecrease": -9033000,
        "comprehensiveincomenetoftaxincludingportionattributabletononcontrollinginterest": 1496110000,
        "comprehensiveincomenetoftaxattributabletoredeemablenoncontrollinginterest": 3285000,
        "comprehensiveincomenetoftaxattributabletononcontrollinginterest": 1348640000,
        "comprehensiveincomenetoftax": 144185000,
        "investmentadvisoryfees": -76126000,
        "laborandrelatedexpense": 280640000,
        "operatingleasesrentexpensenet": 14095000,
        "generaladministrativeandotherexpense": 54004000,
        "noninterestexpense": 348739000,
        "gainlossfrominvestmentactivitiesnet": 1601688000,
        "investmentincomedividend": 79919000,
        "investmentincomeinterest": 87892000,
        "interestexpense": 16884000,
        "investmentincomeloss": 1752615000,
        "incomelossfromcontinuingoperationsbeforeincometaxesminorityinterestandincomelossfromequitymethodinvestments": 1516236000,
        "incometaxexpensebenefit": 11093000,
        "netincomelossattributabletoredeemablenoncontrollinginterest": 3285000,
        "netincomelossattributabletononcontrollinginterest": 1355597000,
        "netincomeloss": 146261000,
        "commonstockdividendspersharedeclared": 0.13,
        "netincomelossperoutstandinglimitedpartnershipunit": 0.62,
        "netincomelossperoutstandinglimitedpartnershipunitdiluted": 0.58,
        "weightedaveragelimitedpartnershipunitsoutstanding": 235781983,
        "weightedaveragelimitedpartnershipunitsoutstandingdiluted": 252507802
    },
    {
        "date": "2012-03-30",
        "symbol": "KKR",
        "period": "Q1",
        "profitloss": 5272000,
        "othercomprehensiveincomeforeigncurrencytransactionandtranslationadjustmentnetoftaxperiodincreasedecrease": 3627000,
        "comprehensiveincomenetoftaxincludingportionattributabletononcontrollinginterest": 2975602000,
        "comprehensiveincomenetoftaxattributabletoredeemablenoncontrollinginterest": 5272000,
        "comprehensiveincomenetoftaxattributabletononcontrollinginterest": 2779138000,
        "comprehensiveincomenetoftax": 191192000,
        "investmentadvisoryfees": -72783000,
        "laborandrelatedexpense": 372410000,
        "operatingleasesrentexpensenet": 15197000,
        "generaladministrativeandotherexpense": 57651000,
        "noninterestexpense": 329524000,
        "gainlossfrominvestmentactivitiesnet": 3086865000,
        "investmentincomedividend": 172939000,
        "investmentincomeinterest": 76199000,
        "interestexpense": 18005000,
        "investmentincomeloss": 3317998000,
        "incomelossfromcontinuingoperationsbeforeincometaxesminorityinterestandincomelossfromequitymethodinvestments": 2258634000,
        "incometaxexpensebenefit": 17072000,
        "netincomelossattributabletoredeemablenoncontrollinginterest": 5272000,
        "netincomelossattributabletononcontrollinginterest": 2776267000,
        "netincomeloss": 190436000,
        "commonstockdividendspersharedeclared": 0.15,
        "netincomelossperoutstandinglimitedpartnershipunit": 0.83,
        "netincomelossperoutstandinglimitedpartnershipunitdiluted": 0.8,
        "weightedaveragelimitedpartnershipunitsoutstanding": 229099335,
        "weightedaveragelimitedpartnershipunitsoutstandingdiluted": 237832106
    },
    {
        "date": "2011-09-29",
        "symbol": "KKR",
        "period": "Q3",
        "investmentadvisoryfees": 164808000,
        "laborandrelatedexpense": 48948000,
        "operatingleasesrentexpensenet": 13702000,
        "generaladministrativeandotherexpense": 52555000,
        "fundexpenses": 13625000,
        "noninterestexpense": 128830000,
        "gainlossfrominvestmentactivitiesnet": -3339020000,
        "investmentincomedividend": 71106000,
        "investmentincomeinterest": 64858000,
        "interestexpense": 17742000,
        "investmentincomeloss": -3220798000,
        "incomelossfromcontinuingoperationsbeforeincometaxesminorityinterestandincomelossfromequitymethodinvestments": -3184820000,
        "incometaxexpensebenefit": 11535000,
        "profitloss": -3196355000,
        "netincomelossattributabletononcontrollinginterestconsolidatedentities": -2468074000,
        "netincomelossattributabletononcontrollinginterestholdings": -484879000,
        "netincomeloss": -243402000,
        "commonstockdividendspersharedeclared": 0.1,
        "netincomelossperoutstandinglimitedpartnershipunit": -1.09,
        "netincomelossperoutstandinglimitedpartnershipunitdiluted": -1.09,
        "weightedaveragelimitedpartnershipunitsoutstanding": 222733648,
        "weightedaveragelimitedpartnershipunitsoutstandingdiluted": 222733648
    },
    {
        "date": "2011-06-29",
        "symbol": "KKR",
        "period": "Q2",
        "investmentadvisoryfees": 117612000,
        "laborandrelatedexpense": 272415000,
        "operatingleasesrentexpensenet": 12829000,
        "generaladministrativeandotherexpense": 32903000,
        "fundexpenses": 13139000,
        "noninterestexpense": 331286000,
        "gainlossfrominvestmentactivitiesnet": 1319089000,
        "investmentincomedividend": 31215000,
        "investmentincomeinterest": 88749000,
        "interestexpense": 17371000,
        "investmentincomeloss": 1421682000,
        "incomelossfromcontinuingoperationsbeforeincometaxesminorityinterestandincomelossfromequitymethodinvestments": 1208008000,
        "incometaxexpensebenefit": 25605000,
        "profitloss": 1182403000,
        "netincomelossattributabletononcontrollinginterestconsolidatedentities": 1014756000,
        "netincomelossattributabletononcontrollinginterestholdings": 128026000,
        "netincomeloss": 39621000,
        "commonstockdividendspersharedeclared": 0.11,
        "netincomelossperoutstandinglimitedpartnershipunit": 0.18,
        "netincomelossperoutstandinglimitedpartnershipunitdiluted": 0.18,
        "weightedaveragelimitedpartnershipunitsoutstanding": 219188351,
        "weightedaveragelimitedpartnershipunitsoutstandingdiluted": 220213799
    }
]