[
    {
        "date": "2024-09-29",
        "symbol": "URI",
        "period": "Q3",
        "revenues": 3992000000,
        "directcostsofleasedandrentedpropertyorequipment": 1392000000,
        "costofgoodsandservicessolddepreciationandamortization": 629000000,
        "costofgoodsandservicessold": 56000000,
        "costofrevenue": 2344000000,
        "grossprofit": 206000000,
        "sellinggeneralandadministrativeexpense": 416000000,
        "restructuringcharges": 1000000,
        "depreciationandamortization": 109000000,
        "operatingincomeloss": 1122000000,
        "interestincomeexpensenonoperatingnet": -178000000,
        "othernonoperatingincomeexpense": 5000000,
        "incomelossfromcontinuingoperationsbeforeincometaxesextraordinaryitemsnoncontrollinginterest": 949000000,
        "incometaxexpensebenefit": 241000000,
        "netincomeloss": 708000000,
        "earningspersharebasic": 10.73,
        "earningspersharediluted": 10.7,
        "othercomprehensiveincomeforeigncurrencytransactionandtranslationadjustmentnetoftaxportionattributabletoparent": 55000000,
        "othercomprehensiveincomelossnetoftaxportionattributabletoparent": 55000000,
        "comprehensiveincomenetoftax": 763000000
    },
    {
        "date": "2024-06-29",
        "symbol": "URI",
        "period": "Q2",
        "revenues": 3215000000,
        "directcostsofleasedandrentedpropertyorequipment": 1322000000,
        "costofgoodsandservicessolddepreciationandamortization": 608000000,
        "costofgoodsandservicessold": 192000000,
        "costofrevenue": 2255000000,
        "grossprofit": 1518000000,
        "sellinggeneralandadministrativeexpense": 404000000,
        "restructuringcharges": 1000000,
        "depreciationandamortization": 109000000,
        "operatingincomeloss": 1004000000,
        "interestincomeexpensenonoperatingnet": -173000000,
        "othernonoperatingincomeexpense": 4000000,
        "incomelossfromcontinuingoperationsbeforeincometaxesextraordinaryitemsnoncontrollinginterest": 835000000,
        "incometaxexpensebenefit": 199000000,
        "netincomeloss": 636000000,
        "earningspersharebasic": 9.56,
        "earningspersharediluted": 9.54,
        "othercomprehensiveincomeforeigncurrencytransactionandtranslationadjustmentnetoftaxportionattributabletoparent": -13000000,
        "othercomprehensiveincomelossnetoftaxportionattributabletoparent": -13000000,
        "comprehensiveincomenetoftax": 623000000
    },
    {
        "date": "2023-12-30",
        "symbol": "URI",
        "period": "Q4",
        "revenues": 3119000000,
        "directcostsofleasedandrentedpropertyorequipment": 1236000000,
        "costofgoodsandservicessolddepreciationandamortization": 595000000,
        "costofgoodsandservicessold": 219000000,
        "costofrevenue": 2166000000,
        "grossprofit": 1562000000,
        "sellinggeneralandadministrativeexpense": 393000000,
        "restructuringcharges": 4000000,
        "depreciationandamortization": 102000000,
        "operatingincomeloss": 1063000000,
        "interestincomeexpensenonoperatingnet": -161000000,
        "othernonoperatingincomeexpense": 0,
        "incomelossfromcontinuingoperationsbeforeincometaxesextraordinaryitemsnoncontrollinginterest": 902000000,
        "incometaxexpensebenefit": 223000000,
        "netincomeloss": 679000000,
        "earningspersharebasic": 10.029999999999998,
        "earningspersharediluted": 9.98,
        "othercomprehensiveincomeforeigncurrencytransactionandtranslationadjustmentnetoftaxportionattributabletoparent": 40000000,
        "comprehensiveincomenetoftax": 719000000
    },
    {
        "date": "2023-09-29",
        "symbol": "URI",
        "period": "Q3",
        "revenues": 7238000000,
        "directcostsofleasedandrentedpropertyorequipment": 1286000000,
        "costofgoodsandservicessolddepreciationandamortization": 588000000,
        "costofgoodsandservicessold": 469000000,
        "costofrevenue": 2180000000,
        "grossprofit": 3761000000,
        "sellinggeneralandadministrativeexpense": 374000000,
        "restructuringcharges": 5000000,
        "depreciationandamortization": 107000000,
        "operatingincomeloss": 1099000000,
        "interestincomeexpensenonoperatingnet": -163000000,
        "othernonoperatingincomeexpense": 7000000,
        "incomelossfromcontinuingoperationsbeforeincometaxesextraordinaryitemsnoncontrollinginterest": 943000000,
        "incometaxexpensebenefit": 240000000,
        "netincomeloss": 703000000,
        "earningspersharebasic": 10.280000000000001,
        "earningspersharediluted": 10.260000000000002,
        "othercomprehensiveincomeforeigncurrencytransactionandtranslationadjustmentnetoftaxportionattributabletoparent": -27000000,
        "comprehensiveincomenetoftax": 676000000
    },
    {
        "date": "2023-06-29",
        "symbol": "URI",
        "period": "Q2",
        "revenues": 901000000,
        "directcostsofleasedandrentedpropertyorequipment": 1216000000,
        "costofgoodsandservicessolddepreciationandamortization": 592000000,
        "costofgoodsandservicessold": 51000000,
        "costofrevenue": 2129000000,
        "grossprofit": 252000000,
        "sellinggeneralandadministrativeexpense": 378000000,
        "restructuringcharges": 18000000,
        "depreciationandamortization": 104000000,
        "operatingincomeloss": 925000000,
        "interestincomeexpensenonoperatingnet": -161000000,
        "othernonoperatingincomeexpense": 8000000,
        "incomelossfromcontinuingoperationsbeforeincometaxesextraordinaryitemsnoncontrollinginterest": 772000000,
        "incometaxexpensebenefit": 181000000,
        "netincomeloss": 591000000,
        "earningspersharebasic": 8.59,
        "earningspersharediluted": 8.57,
        "othercomprehensiveincomeforeigncurrencytransactionandtranslationadjustmentnetoftaxportionattributabletoparent": 23000000,
        "othercomprehensiveincomelosscashflowhedgegainlossafterreclassificationandtaxparent": 0,
        "comprehensiveincomenetoftax": 614000000
    },
    {
        "date": "2023-03-30",
        "symbol": "URI",
        "period": "Q1",
        "revenues": 806000000,
        "directcostsofleasedandrentedpropertyorequipment": 1162000000,
        "costofgoodsandservicessolddepreciationandamortization": 575000000,
        "costofgoodsandservicessold": 49000000,
        "costofrevenue": 2044000000,
        "grossprofit": 238000000,
        "sellinggeneralandadministrativeexpense": 382000000,
        "restructuringcharges": 1000000,
        "depreciationandamortization": 118000000,
        "operatingincomeloss": 740000000,
        "interestincomeexpensenonoperatingnet": -150000000,
        "othernonoperatingincomeexpense": 4000000,
        "incomelossfromcontinuingoperationsbeforeincometaxesextraordinaryitemsnoncontrollinginterest": 594000000,
        "incometaxexpensebenefit": 143000000,
        "netincomeloss": 451000000,
        "earningspersharebasic": 6.5,
        "earningspersharediluted": 6.47,
        "othercomprehensiveincomeforeigncurrencytransactionandtranslationadjustmentnetoftaxportionattributabletoparent": 1000000,
        "othercomprehensiveincomelosscashflowhedgegainlossafterreclassificationandtaxparent": -1000000,
        "comprehensiveincomenetoftax": 451000000
    },
    {
        "date": "2022-12-30",
        "symbol": "URI",
        "period": "Q4",
        "revenues": -1090000000,
        "directcostsofleasedandrentedpropertyorequipment": 1057000000,
        "costofgoodsandservicessolddepreciationandamortization": 491000000,
        "costofgoodsandservicessold": 43000000,
        "costofrevenue": 1808000000,
        "grossprofit": 289000000,
        "sellinggeneralandadministrativeexpense": 378000000,
        "depreciationandamortization": 86000000,
        "operatingincomeloss": 1024000000,
        "interestincomeexpensenonoperatingnet": -132000000,
        "othernonoperatingincomeexpense": 3000000,
        "incomelossfromcontinuingoperationsbeforeincometaxesextraordinaryitemsnoncontrollinginterest": 895000000,
        "incometaxexpensebenefit": 256000000,
        "netincomeloss": 639000000,
        "earningspersharebasic": 9.109999999999998,
        "earningspersharediluted": 9.059999999999999,
        "othercomprehensiveincomeforeigncurrencytransactionandtranslationadjustmentnetoftaxportionattributabletoparent": 48000000,
        "othercomprehensiveincomelossnetoftaxportionattributabletoparent": 48000000,
        "comprehensiveincomenetoftax": 687000000
    },
    {
        "date": "2022-09-29",
        "symbol": "URI",
        "period": "Q3",
        "revenues": 858000000,
        "directcostsofleasedandrentedpropertyorequipment": 1053000000,
        "costofgoodsandservicessolddepreciationandamortization": 470000000,
        "costofgoodsandservicessold": 45000000,
        "costofrevenue": 1685000000,
        "grossprofit": 157000000,
        "sellinggeneralandadministrativeexpense": 356000000,
        "restructuringcharges": -1000000,
        "depreciationandamortization": 90000000,
        "operatingincomeloss": 921000000,
        "interestincomeexpensenonoperatingnet": -106000000,
        "othernonoperatingincomeexpense": 1000000,
        "incomelossfromcontinuingoperationsbeforeincometaxesextraordinaryitemsnoncontrollinginterest": 816000000,
        "incometaxexpensebenefit": 210000000,
        "netincomeloss": 606000000,
        "earningspersharebasic": 8.69,
        "earningspersharediluted": 8.66,
        "othercomprehensiveincomeforeigncurrencytransactionandtranslationadjustmentnetoftaxportionattributabletoparent": -92000000,
        "othercomprehensiveincomelosscashflowhedgegainlossafterreclassificationandtaxparent": -3000000,
        "othercomprehensiveincomelossnetoftaxportionattributabletoparent": -95000000,
        "comprehensiveincomenetoftax": 511000000
    },
    {
        "date": "2022-06-29",
        "symbol": "URI",
        "period": "Q2",
        "revenues": 744000000,
        "directcostsofleasedandrentedpropertyorequipment": 1002000000,
        "costofgoodsandservicessolddepreciationandamortization": 457000000,
        "costofgoodsandservicessold": 41000000,
        "costofrevenue": 1621000000,
        "grossprofit": 147000000,
        "sellinggeneralandadministrativeexpense": 343000000,
        "depreciationandamortization": 91000000,
        "operatingincomeloss": 715000000,
        "interestincomeexpensenonoperatingnet": -113000000,
        "othernonoperatingincomeexpense": 6000000,
        "incomelossfromcontinuingoperationsbeforeincometaxesextraordinaryitemsnoncontrollinginterest": 608000000,
        "incometaxexpensebenefit": 115000000,
        "netincomeloss": 493000000,
        "earningspersharebasic": 6.9,
        "earningspersharediluted": 6.88,
        "othercomprehensiveincomeforeigncurrencytransactionandtranslationadjustmentnetoftaxportionattributabletoparent": -66000000,
        "othercomprehensiveincomelosscashflowhedgegainlossafterreclassificationandtaxparent": 0,
        "othercomprehensiveincomelossnetoftaxportionattributabletoparent": -66000000,
        "comprehensiveincomenetoftax": 427000000
    },
    {
        "date": "2022-03-30",
        "symbol": "URI",
        "period": "Q1",
        "revenues": 642000000,
        "directcostsofleasedandrentedpropertyorequipment": 906000000,
        "costofgoodsandservicessolddepreciationandamortization": 435000000,
        "costofgoodsandservicessold": 39000000,
        "costofrevenue": 1532000000,
        "grossprofit": 158000000,
        "sellinggeneralandadministrativeexpense": 323000000,
        "depreciationandamortization": 97000000,
        "operatingincomeloss": 572000000,
        "interestincomeexpensenonoperatingnet": -94000000,
        "othernonoperatingincomeexpense": 5000000,
        "incomelossfromcontinuingoperationsbeforeincometaxesextraordinaryitemsnoncontrollinginterest": 483000000,
        "incometaxexpensebenefit": 116000000,
        "netincomeloss": 367000000,
        "earningspersharebasic": 5.07,
        "earningspersharediluted": 5.05,
        "othercomprehensiveincomeforeigncurrencytransactionandtranslationadjustmentnetoftaxportionattributabletoparent": 17000000,
        "othercomprehensiveincomelosscashflowhedgegainlossafterreclassificationandtaxparent": 3000000,
        "othercomprehensiveincomelossnetoftaxportionattributabletoparent": 20000000,
        "comprehensiveincomenetoftax": 387000000
    },
    {
        "date": "2021-12-30",
        "symbol": "URI",
        "period": "Q4",
        "revenues": -731000000,
        "directcostsofleasedandrentedpropertyorequipment": 913000000,
        "costofgoodsandservicessolddepreciationandamortization": 439000000,
        "costofgoodsandservicessold": 37000000,
        "costofrevenue": 1615000000,
        "grossprofit": 201000000,
        "sellinggeneralandadministrativeexpense": 322000000,
        "depreciationandamortization": 93000000,
        "operatingincomeloss": 745000000,
        "interestincomeexpensenonoperatingnet": -93000000,
        "othernonoperatingincomeexpense": -8000000,
        "incomelossfromcontinuingoperationsbeforeincometaxesextraordinaryitemsnoncontrollinginterest": 0,
        "incometaxexpensebenefit": 163000000,
        "netincomeloss": 481000000,
        "earningspersharebasic": 6.65,
        "earningspersharediluted": 6.590000000000001,
        "othercomprehensiveincomeforeigncurrencytransactionandtranslationadjustmentnetoftaxportionattributabletoparent": -2000000,
        "othercomprehensiveincomelossnetoftaxportionattributabletoparent": -2000000,
        "comprehensiveincomenetoftax": 479000000
    },
    {
        "date": "2021-09-29",
        "symbol": "URI",
        "period": "Q3",
        "revenues": 702000000,
        "directcostsofleasedandrentedpropertyorequipment": 886000000,
        "costofgoodsandservicessolddepreciationandamortization": 412000000,
        "costofgoodsandservicessold": 37000000,
        "costofrevenue": 1493000000,
        "grossprofit": 124000000,
        "sellinggeneralandadministrativeexpense": 326000000,
        "depreciationandamortization": 98000000,
        "operatingincomeloss": 679000000,
        "interestincomeexpensenonoperatingnet": -132000000,
        "othernonoperatingincomeexpense": 3000000,
        "incomelossfromcontinuingoperationsbeforeincometaxesextraordinaryitemsnoncontrollinginterest": -23000000,
        "incometaxexpensebenefit": 141000000,
        "netincomeloss": 409000000,
        "earningspersharebasic": 5.640000000000001,
        "earningspersharediluted": 5.63,
        "othercomprehensiveincomeforeigncurrencytransactionandtranslationadjustmentnetoftaxportionattributabletoparent": -52000000,
        "othercomprehensiveincomelossnetoftaxportionattributabletoparent": -52000000,
        "comprehensiveincomenetoftax": 357000000
    },
    {
        "date": "2021-06-29",
        "symbol": "URI",
        "period": "Q2",
        "revenues": 1951000000,
        "revenuefromcontractwithcustomerexcludingassessedtax": 194000000,
        "directcostsofleasedandrentedpropertyorequipment": 815000000,
        "costofgoodsandservicessolddepreciationandamortization": 385000000,
        "costofgoodsandservicessold": 110000000,
        "costofrevenue": 1412000000,
        "grossprofit": 875000000,
        "sellinggeneralandadministrativeexpense": 301000000,
        "restructuringcharges": 0,
        "depreciationandamortization": 90000000,
        "operatingincomeloss": 481000000,
        "interestincomeexpensenonoperatingnet": -100000000,
        "othernonoperatingincomeexpense": -4000000,
        "incomelossfromcontinuingoperationsbeforeincometaxesextraordinaryitemsnoncontrollinginterest": 377000000,
        "incometaxexpensebenefit": 84000000,
        "netincomeloss": 293000000,
        "earningspersharebasic": 4.039999999999999,
        "earningspersharediluted": 4.0200000000000005,
        "othercomprehensiveincomeforeigncurrencytransactionandtranslationadjustmentnetoftaxportionattributabletoparent": 23000000,
        "othercomprehensiveincomelosscashflowhedgegainlossafterreclassificationandtaxparent": 0,
        "othercomprehensiveincomelossnetoftaxportionattributabletoparent": 23000000,
        "comprehensiveincomenetoftax": 316000000
    },
    {
        "date": "2021-03-30",
        "symbol": "URI",
        "period": "Q1",
        "revenues": 1667000000,
        "revenuefromcontractwithcustomerexcludingassessedtax": 267000000,
        "directcostsofleasedandrentedpropertyorequipment": 715000000,
        "costofgoodsandservicessolddepreciationandamortization": 375000000,
        "costofgoodsandservicessold": 164000000,
        "costofrevenue": 1343000000,
        "grossprofit": 714000000,
        "sellinggeneralandadministrativeexpense": 250000000,
        "restructuringcharges": 1000000,
        "depreciationandamortization": 91000000,
        "operatingincomeloss": 372000000,
        "interestincomeexpensenonoperatingnet": -99000000,
        "othernonoperatingincomeexpense": 2000000,
        "incomelossfromcontinuingoperationsbeforeincometaxesextraordinaryitemsnoncontrollinginterest": 275000000,
        "incometaxexpensebenefit": 72000000,
        "netincomeloss": 203000000,
        "earningspersharebasic": 2.81,
        "earningspersharediluted": 2.8,
        "othercomprehensiveincomeforeigncurrencytransactionandtranslationadjustmentnetoftaxportionattributabletoparent": 5000000,
        "othercomprehensiveincomelosscashflowhedgegainlossafterreclassificationandtaxparent": 1000000,
        "othercomprehensiveincomelossnetoftaxportionattributabletoparent": 6000000,
        "comprehensiveincomenetoftax": 209000000
    },
    {
        "date": "2020-12-30",
        "symbol": "URI",
        "period": "Q4",
        "revenues": 1854000000,
        "revenuefromcontractwithcustomerexcludingassessedtax": 275000000,
        "directcostsofleasedandrentedpropertyorequipment": 737000000,
        "costofgoodsandservicessold": 173000000,
        "costofrevenue": 1410000000,
        "grossprofit": 869000000,
        "sellinggeneralandadministrativeexpense": 258000000,
        "restructuringcharges": 6000000,
        "depreciationandamortization": 95000000,
        "operatingincomeloss": 510000000,
        "interestincomeexpensenonoperatingnet": -125000000,
        "othernonoperatingincomeexpense": 2000000,
        "incomelossfromcontinuingoperationsbeforeincometaxesextraordinaryitemsnoncontrollinginterest": 387000000,
        "incometaxexpensebenefit": 90000000,
        "netincomeloss": 297000000,
        "earningspersharebasic": 4.1,
        "earningspersharediluted": 4.079999999999998,
        "othercomprehensiveincomeforeigncurrencytransactionandtranslationadjustmentnetoftaxportionattributabletoparent": 66000000,
        "othercomprehensiveincomelossnetoftaxportionattributabletoparent": 68000000,
        "comprehensiveincomenetoftax": 365000000
    },
    {
        "date": "2020-09-29",
        "symbol": "URI",
        "period": "Q3",
        "revenues": 1861000000,
        "revenuefromcontractwithcustomerexcludingassessedtax": 199000000,
        "directcostsofleasedandrentedpropertyorequipment": 689000000,
        "costofgoodsandservicessolddepreciationandamortization": 395000000,
        "costofgoodsandservicessold": 123000000,
        "costofrevenue": 1301000000,
        "grossprofit": 886000000,
        "sellinggeneralandadministrativeexpense": 232000000,
        "restructuringcharges": 6000000,
        "depreciationandamortization": 97000000,
        "operatingincomeloss": 551000000,
        "interestincomeexpensenonoperatingnet": -278000000,
        "othernonoperatingincomeexpense": 2000000,
        "incomelossfromcontinuingoperationsbeforeincometaxesextraordinaryitemsnoncontrollinginterest": 275000000,
        "incometaxexpensebenefit": 67000000,
        "netincomeloss": 208000000,
        "earningspersharebasic": 2.88,
        "earningspersharediluted": 2.87,
        "othercomprehensiveincomeforeigncurrencytransactionandtranslationadjustmentnetoftaxportionattributabletoparent": 32000000,
        "othercomprehensiveincomelosscashflowhedgegainlossafterreclassificationandtaxparent": 1000000,
        "othercomprehensiveincomelossnetoftaxportionattributabletoparent": 33000000,
        "comprehensiveincomenetoftax": 241000000
    },
    {
        "date": "2020-06-29",
        "symbol": "URI",
        "period": "Q2",
        "revenues": 3236000000,
        "revenuefromcontractwithcustomerexcludingassessedtax": 379000000,
        "directcostsofleasedandrentedpropertyorequipment": 1323000000,
        "costofgoodsandservicessold": 227000000,
        "costofrevenue": 2510000000,
        "grossprofit": 1365000000,
        "sellinggeneralandadministrativeexpense": 490000000,
        "restructuringcharges": 3000000,
        "depreciationandamortization": 187000000,
        "operatingincomeloss": 738000000,
        "interestincomeexpensenonoperatingnet": -261000000,
        "othernonoperatingincomeexpense": 5000000,
        "incomelossfromcontinuingoperationsbeforeincometaxesextraordinaryitemsnoncontrollinginterest": 455000000,
        "incometaxexpensebenefit": 86000000,
        "netincomeloss": 484000000,
        "earningspersharebasic": 2.9299999999999997,
        "earningspersharediluted": 2.92,
        "othercomprehensiveincomeforeigncurrencytransactionandtranslationadjustmentnetoftaxportionattributabletoparent": 45000000,
        "othercomprehensiveincomelosscashflowhedgegainlossafterreclassificationandtaxparent": 0,
        "othercomprehensiveincomelossnetoftaxportionattributabletoparent": -364000000,
        "comprehensiveincomenetoftax": 120000000
    },
    {
        "date": "2020-03-30",
        "symbol": "URI",
        "period": "Q1",
        "netincomeloss": -99000000,
        "othercomprehensiveincomeforeigncurrencytransactionandtranslationadjustmentnetoftaxportionattributabletoparent": -103000000,
        "othercomprehensiveincomelosscashflowhedgegainlossafterreclassificationandtaxparent": -3000000,
        "othercomprehensiveincomelossnetoftaxportionattributabletoparent": 303000000,
        "comprehensiveincomenetoftax": 204000000,
        "revenuefromcontractwithcustomerexcludingassessedtax": 5000000,
        "revenues": 189000000,
        "directcostsofleasedandrentedpropertyorequipment": 71000000,
        "operatingleasesincomestatementdepreciationexpenseonpropertysubjecttoorheldforlease": 33000000,
        "costofgoodsandservicessold": 3000000,
        "costofrevenue": 126000000,
        "grossprofit": 63000000,
        "sellinggeneralandadministrativeexpense": -1000000,
        "restructuringcharges": 2000000,
        "depreciationandamortization": 8000000,
        "operatingincomeloss": 1000000,
        "interestincomeexpensenonoperatingnet": -5000000,
        "othernonoperatingincomeexpense": -1000000,
        "incomelossfromcontinuingoperationsbeforeincometaxesextraordinaryitemsnoncontrollinginterest": 22000000,
        "incometaxexpensebenefit": 6000000,
        "earningspersharebasic": 2.33,
        "earningspersharediluted": 2.33
    },
    {
        "date": "2019-12-30",
        "symbol": "URI",
        "period": "Q4",
        "netincomeloss": -290000000,
        "othercomprehensiveincomeforeigncurrencytransactionandtranslationadjustmentnetoftaxportionattributabletoparent": 30000000,
        "othercomprehensiveincomelossnetoftaxportionattributabletoparent": -79000000,
        "comprehensiveincomenetoftax": -369000000,
        "revenuefromcontractwithcustomerexcludingassessedtax": 5000000,
        "operatingleasesincomestatementdepreciationexpenseonpropertysubjecttoorheldforlease": 39000000,
        "costofgoodsandservicessold": 2000000,
        "grossprofit": -190000000,
        "sellinggeneralandadministrativeexpense": 11000000,
        "depreciationandamortization": 8000000,
        "operatingincomeloss": -10000000,
        "interestincomeexpensenonoperatingnet": -7000000,
        "othernonoperatingincomeexpense": 44000000,
        "incomelossfromcontinuingoperationsbeforeincometaxesextraordinaryitemsnoncontrollinginterest": 27000000,
        "incometaxexpensebenefit": 6000000,
        "earningspersharebasic": 4.48,
        "earningspersharediluted": 4.449999999999999
    },
    {
        "date": "2019-09-29",
        "symbol": "URI",
        "period": "Q3",
        "netincomeloss": -280000000,
        "othercomprehensiveincomeforeigncurrencytransactionandtranslationadjustmentnetoftaxportionattributabletoparent": -23000000,
        "othercomprehensiveincomelossnetoftaxportionattributabletoparent": 56000000,
        "comprehensiveincomenetoftax": -224000000,
        "revenues": 0,
        "revenuefromcontractwithcustomerexcludingassessedtax": 3000000,
        "directcostsofleasedandrentedpropertyorequipment": 0,
        "operatingleasesincomestatementdepreciationexpenseonpropertysubjecttoorheldforlease": 39000000,
        "costofgoodsandservicessold": 1000000,
        "costofrevenue": 0,
        "grossprofit": 73000000,
        "sellinggeneralandadministrativeexpense": 4000000,
        "depreciationandamortization": 9000000,
        "operatingincomeloss": -4000000,
        "interestincomeexpensenonoperatingnet": -7000000,
        "othernonoperatingincomeexpense": 45000000,
        "incomelossfromcontinuingoperationsbeforeincometaxesextraordinaryitemsnoncontrollinginterest": 34000000,
        "incometaxexpensebenefit": 9000000,
        "earningspersharebasic": 5.049999999999999,
        "earningspersharediluted": 5.040000000000001
    },
    {
        "date": "2019-06-29",
        "symbol": "URI",
        "period": "Q2",
        "netincomeloss": -134000000,
        "othercomprehensiveincomeforeigncurrencytransactionandtranslationadjustmentnetoftaxportionattributabletoparent": 22000000,
        "othercomprehensiveincomelosscashflowhedgegainlossafterreclassificationandtaxparent": 0,
        "othercomprehensiveincomelossnetoftaxportionattributabletoparent": -65000000,
        "comprehensiveincomenetoftax": -199000000,
        "revenues": -191000000,
        "revenuefromcontractwithcustomerexcludingassessedtax": 7000000,
        "directcostsofleasedandrentedpropertyorequipment": -84000000,
        "operatingleasesincomestatementdepreciationexpenseonpropertysubjecttoorheldforlease": 32000000,
        "costofgoodsandservicessold": 5000000,
        "costofrevenue": -138000000,
        "grossprofit": 65000000,
        "sellinggeneralandadministrativeexpense": 12000000,
        "businesscombinationacquisitionrelatedcosts": 0,
        "restructuringcharges": 0,
        "depreciationandamortization": 8000000,
        "operatingincomeloss": -12000000,
        "interestincomeexpensenonoperatingnet": -8000000,
        "othernonoperatingincomeexpense": 43000000,
        "incomelossfromcontinuingoperationsbeforeincometaxesextraordinaryitemsnoncontrollinginterest": 23000000,
        "incometaxexpensebenefit": 5000000,
        "earningspersharebasic": 3.4400000000000004,
        "earningspersharediluted": 3.43
    },
    {
        "date": "2019-03-30",
        "symbol": "URI",
        "period": "Q1",
        "netincomeloss": -84000000,
        "othercomprehensiveincomeforeigncurrencytransactionandtranslationadjustmentnetoftaxportionattributabletoparent": 20000000,
        "othercomprehensiveincomelosscashflowhedgegainlossafterreclassificationandtaxparent": 1000000,
        "othercomprehensiveincomelossnetoftaxportionattributabletoparent": -61000000,
        "comprehensiveincomenetoftax": -145000000,
        "revenues": 192000000,
        "revenuefromcontractwithcustomerexcludingassessedtax": 5000000,
        "directcostsofleasedandrentedpropertyorequipment": 85000000,
        "operatingleasesincomestatementdepreciationexpenseonpropertysubjecttoorheldforlease": 31000000,
        "costofgoodsandservicessold": 2000000,
        "costofrevenue": 139000000,
        "grossprofit": 53000000,
        "sellinggeneralandadministrativeexpense": 17000000,
        "businesscombinationacquisitionrelatedcosts": 1000000,
        "restructuringcharges": -1000000,
        "depreciationandamortization": 9000000,
        "operatingincomeloss": -17000000,
        "interestincomeexpensenonoperatingnet": -8000000,
        "othernonoperatingincomeexpense": 42000000,
        "incomelossfromcontinuingoperationsbeforeincometaxesextraordinaryitemsnoncontrollinginterest": 17000000,
        "incometaxexpensebenefit": 5000000,
        "earningspersharebasic": 2.21,
        "earningspersharediluted": 2.19
    },
    {
        "date": "2018-12-30",
        "symbol": "URI",
        "period": "Q4",
        "netincomeloss": -1536000000,
        "othercomprehensiveincomeforeigncurrencytransactionandtranslationadjustmentnetoftaxportionattributabletoparent": -56000000,
        "othercomprehensiveincomelossnetoftaxportionattributabletoparent": 123000000,
        "comprehensiveincomenetoftax": -90000000,
        "directcostsofleasedandrentedpropertyorequipment": -1466000000,
        "operatingleasesincomestatementdepreciationexpenseonpropertysubjecttoorheldforlease": -806000000,
        "costofrevenue": -2659000000,
        "grossprofit": -41000000,
        "sellinggeneralandadministrativeexpense": -547000000,
        "businesscombinationacquisitionrelatedcosts": 22000000,
        "restructuringcharges": -6000000,
        "depreciationandamortization": -160000000,
        "operatingincomeloss": -1442000000,
        "interestincomeexpensenonoperatingnet": 0,
        "othernonoperatingincomeexpense": 671000000,
        "incomelossfromcontinuingoperationsbeforeincometaxesextraordinaryitemsnoncontrollinginterest": 0,
        "incometaxexpensebenefit": -120000000,
        "earningspersharebasic": 3.82,
        "earningspersharediluted": 3.779999999999999
    },
    {
        "date": "2018-09-29",
        "symbol": "URI",
        "period": "Q3",
        "netincomeloss": 747000000,
        "othercomprehensiveincomeforeigncurrencytransactionandtranslationadjustmentnetoftaxportionattributabletoparent": 18000000,
        "othercomprehensiveincomelossnetoftaxportionattributabletoparent": -54000000,
        "comprehensiveincomenetoftax": -326000000,
        "equipmentrentalsrevenue": 1715000000,
        "salesrevenuegoodsnet": 10000000,
        "maintenancerevenue": 4000000,
        "salesrevenuenet": 442000000,
        "directcostsofleasedandrentedpropertyorequipment": 614000000,
        "operatingleasesincomestatementdepreciationexpenseonpropertysubjecttoorheldforlease": 316000000,
        "costofgoodssold": 83000000,
        "costofservicesmaintenancecosts": 16000000,
        "costofrevenue": 1076000000,
        "grossprofit": 91000000,
        "sellinggeneralandadministrativeexpense": 197000000,
        "businesscombinationacquisitionrelatedcosts": 11000000,
        "restructuringcharges": 2000000,
        "depreciationandamortization": 65000000,
        "operatingincomeloss": 586000000,
        "interestincomeexpensenonoperatingnet": 115000000,
        "othernonoperatingincomeexpense": -196000000,
        "incomelossfromcontinuingoperationsbeforeincometaxesextraordinaryitemsnoncontrollinginterest": -139000000,
        "incometaxexpensebenefit": 71000000,
        "earningspersharebasic": 4.039999999999999,
        "earningspersharediluted": 3.9899999999999998
    },
    {
        "date": "2018-06-29",
        "symbol": "URI",
        "period": "Q2",
        "netincomeloss": -144000000,
        "othercomprehensiveincomeforeigncurrencytransactionandtranslationadjustmentnetoftaxportionattributabletoparent": -21000000,
        "othercomprehensiveincomederivativesqualifyingashedgesnetoftaxportionattributabletoparent": 1000000,
        "othercomprehensiveincomelossnetoftaxportionattributabletoparent": 131000000,
        "comprehensiveincomenetoftax": -13000000,
        "equipmentrentalsrevenue": 1507000000,
        "salesrevenuegoodsnet": 12000000,
        "maintenancerevenue": 3000000,
        "salesrevenuenet": 325000000,
        "directcostsofleasedandrentedpropertyorequipment": 561000000,
        "operatingleasesincomestatementdepreciationexpenseonpropertysubjecttoorheldforlease": 298000000,
        "costofgoodssold": 92000000,
        "costofservicesmaintenancecosts": 16000000,
        "costofrevenue": 1008000000,
        "grossprofit": 94000000,
        "sellinggeneralandadministrativeexpense": 242000000,
        "businesscombinationacquisitionrelatedcosts": 2000000,
        "restructuringcharges": 4000000,
        "depreciationandamortization": 58000000,
        "operatingincomeloss": 426000000,
        "interestincomeexpensenonoperatingnet": -115000000,
        "othernonoperatingincomeexpense": -172000000,
        "incomelossfromcontinuingoperationsbeforeincometaxesextraordinaryitemsnoncontrollinginterest": 139000000,
        "incometaxexpensebenefit": 40000000,
        "earningspersharebasic": 3.22,
        "earningspersharediluted": 3.2
    },
    {
        "date": "2018-03-30",
        "symbol": "URI",
        "period": "Q1",
        "netincomeloss": 183000000,
        "othercomprehensiveincomeforeigncurrencytransactionandtranslationadjustmentnetoftaxportionattributabletoparent": -25000000,
        "othercomprehensiveincomelossnetoftaxportionattributabletoparent": 73000000,
        "comprehensiveincomenetoftax": -48000000,
        "equipmentrentalsrevenue": 1346000000,
        "salesrevenuegoodsnet": 10000000,
        "maintenancerevenue": 4000000,
        "salesrevenuenet": 281000000,
        "directcostsofleasedandrentedpropertyorequipment": 535000000,
        "operatingleasesincomestatementdepreciationexpenseonpropertysubjecttoorheldforlease": 297000000,
        "costofgoodssold": 107000000,
        "costofservicesmaintenancecosts": 17000000,
        "costofrevenue": 990000000,
        "grossprofit": 101000000,
        "sellinggeneralandadministrativeexpense": 165000000,
        "businesscombinationacquisitionrelatedcosts": 1000000,
        "restructuringcharges": 2000000,
        "depreciationandamortization": 62000000,
        "operatingincomeloss": 373000000,
        "interestincomeexpensenonoperatingnet": 1000000,
        "othernonoperatingincomeexpense": -161000000,
        "incomelossfromcontinuingoperationsbeforeincometaxesextraordinaryitemsnoncontrollinginterest": 1000000,
        "incometaxexpensebenefit": 24000000,
        "earningspersharebasic": 2.18,
        "earningspersharediluted": 2.15
    },
    {
        "date": "2017-12-30",
        "symbol": "URI",
        "period": "Q4",
        "netincomeloss": 1276000000,
        "othercomprehensiveincomeforeigncurrencytransactionandtranslationadjustmentnetoftaxportionattributabletoparent": -8000000,
        "othercomprehensiveincomelossnetoftaxportionattributabletoparent": 22000000,
        "comprehensiveincomenetoftax": -822000000,
        "operatingleasesincomestatementleaserevenue": 4541000000,
        "maintenancerevenue": 92000000,
        "salesrevenuenet": 5299000000,
        "costofservicesmaintenancecosts": 677000000,
        "costofrevenue": 994000000,
        "grossprofit": 96000000,
        "sellinggeneralandadministrativeexpense": 199000000,
        "businesscombinationacquisitionrelatedcosts": 18000000,
        "depreciationandamortization": 61000000,
        "operatingincomeloss": 468000000,
        "interestincomeexpensenonoperatingnet": 1000000,
        "othernonoperatingincomeexpense": -177000000,
        "incomelossfromcontinuingoperationsbeforeincometaxesextraordinaryitemsnoncontrollinginterest": -6000000,
        "incometaxexpensebenefit": -609000000,
        "earningspersharebasic": 10.600000000000001,
        "earningspersharediluted": -2.3100000000000005
    },
    {
        "date": "2017-09-29",
        "symbol": "URI",
        "period": "Q3",
        "netincomeloss": -180000000,
        "othercomprehensiveincomeforeigncurrencytransactionandtranslationadjustmentnetoftaxportionattributabletoparent": 41000000,
        "othercomprehensiveincomederivativesqualifyingashedgesnetoftaxportionattributabletoparent": 1000000,
        "othercomprehensiveincomelossnetoftaxportionattributabletoparent": -116000000,
        "comprehensiveincomenetoftax": -296000000,
        "operatingleasesincomestatementleaserevenue": 299000000,
        "salesrevenuegoodsnet": 9000000,
        "maintenancerevenue": 4000000,
        "salesrevenuenet": 322000000,
        "directcostsofleasedandrentedpropertyorequipment": 502000000,
        "operatingleasesincomestatementdepreciationexpenseonpropertysubjecttoorheldforlease": 266000000,
        "costofgoodssold": 84000000,
        "costofservicesmaintenancecosts": 12000000,
        "costofrevenue": 896000000,
        "grossprofit": 84000000,
        "sellinggeneralandadministrativeexpense": 167000000,
        "businesscombinationacquisitionrelatedcosts": 16000000,
        "restructuringcharges": 8000000,
        "depreciationandamortization": 54000000,
        "operatingincomeloss": 465000000,
        "interestincomeexpensenonoperatingnet": 2000000,
        "othernonoperatingincomeexpense": -154000000,
        "incomelossfromcontinuingoperationsbeforeincometaxesextraordinaryitemsnoncontrollinginterest": 9000000,
        "incometaxexpensebenefit": 73000000,
        "earningspersharebasic": 2.36,
        "earningspersharediluted": 2.33
    },
    {
        "date": "2017-06-29",
        "symbol": "URI",
        "period": "Q2",
        "netincomeloss": 141000000,
        "othercomprehensiveincomeforeigncurrencytransactionandtranslationadjustmentnetoftaxportionattributabletoparent": 25000000,
        "othercomprehensiveincomederivativesqualifyingashedgesnetoftaxportionattributabletoparent": 0,
        "othercomprehensiveincomelossnetoftaxportionattributabletoparent": -72000000,
        "comprehensiveincomenetoftax": -160000000,
        "operatingleasesincomestatementleaserevenue": 224000000,
        "salesrevenuegoodsnetsalesofrentalequipment": 11000000,
        "salesrevenuegoodsnetnewequipmentsales": 4000000,
        "salesrevenuegoodsnetsalesofsupplies": 3000000,
        "maintenancerevenue": 3000000,
        "salesrevenuenet": 245000000,
        "costofservicesexcludingdepreciationdepletionamortizationandmaintenancecosts": 472000000,
        "costofservicesdepreciation": 245000000,
        "costofgoodssoldrentalequipmentsales": 75000000,
        "costofgoodssoldnewequipmentsales": 35000000,
        "costofgoodssoldsuppliessales": 13000000,
        "costofservicesmaintenancecosts": 14000000,
        "costofrevenue": 854000000,
        "grossprofit": 65000000,
        "sellinggeneralandadministrativeexpense": 171000000,
        "businesscombinationacquisitionrelatedcosts": 14000000,
        "depreciationandamortization": 56000000,
        "operatingincomeloss": 354000000,
        "interestincomeexpensenonoperatingnet": 1000000,
        "othernonoperatingincomeexpense": -141000000,
        "incomelossfromcontinuingoperationsbeforeincometaxesextraordinaryitemsnoncontrollinginterest": 1000000,
        "incometaxexpensebenefit": 39000000,
        "earningspersharebasic": 1.6600000000000001,
        "earningspersharediluted": -1.18
    },
    {
        "date": "2017-03-30",
        "symbol": "URI",
        "period": "Q1",
        "netincomeloss": 109000000,
        "othercomprehensiveincomeforeigncurrencytransactionandtranslationadjustmentnetoftaxportionattributabletoparent": 9000000,
        "othercomprehensiveincomederivativesqualifyingashedgesnetoftaxportionattributabletoparent": -1000000,
        "othercomprehensiveincomelossnetoftaxportionattributabletoparent": -23000000,
        "comprehensiveincomenetoftax": -68000000,
        "operatingleasesincomestatementleaserevenue": 189000000,
        "salesrevenuegoodsnetsalesofrentalequipment": 10000000,
        "salesrevenuegoodsnetnewequipmentsales": 4000000,
        "salesrevenuegoodsnetsalesofsupplies": 4000000,
        "maintenancerevenue": 3000000,
        "salesrevenuenet": 210000000,
        "costofservicesexcludingdepreciationdepletionamortizationandmaintenancecosts": 423000000,
        "costofservicesdepreciation": 227000000,
        "costofgoodssoldrentalequipmentsales": 54000000,
        "costofgoodssoldnewequipmentsales": 31000000,
        "costofgoodssoldsuppliessales": 12000000,
        "costofservicesmaintenancecosts": 11000000,
        "costofrevenue": 758000000,
        "grossprofit": 84000000,
        "sellinggeneralandadministrativeexpense": 145000000,
        "businesscombinationacquisitionrelatedcosts": 2000000,
        "depreciationandamortization": 52000000,
        "operatingincomeloss": 283000000,
        "interestincomeexpensenonoperatingnet": 1000000,
        "othernonoperatingincomeexpense": -124000000,
        "incomelossfromcontinuingoperationsbeforeincometaxesextraordinaryitemsnoncontrollinginterest": 1000000,
        "incometaxexpensebenefit": 28000000,
        "earningspersharebasic": 1.29,
        "earningspersharediluted": 1.27
    },
    {
        "date": "2016-12-30",
        "symbol": "URI",
        "period": "Q4",
        "netincomeloss": 153000000,
        "othercomprehensiveincomeforeigncurrencytransactionandtranslationadjustmentnetoftaxportionattributabletoparent": -23000000,
        "othercomprehensiveincomelossnetoftaxportionattributabletoparent": 64000000,
        "comprehensiveincomenetoftax": -52000000,
        "operatingleasesincomestatementleaserevenue": -159000000,
        "salesrevenuegoodsnetsalesofrentalequipment": 25000000,
        "salesrevenuegoodsnetnewequipmentsales": 3000000,
        "salesrevenuegoodsnetsalesofsupplies": 0,
        "maintenancerevenue": 7000000,
        "salesrevenuenet": -124000000,
        "costofservicesexcludingdepreciationdepletionamortizationandmaintenancecosts": 423000000,
        "costofservicesdepreciation": -647000000,
        "costofgoodssoldrentalequipmentsales": 72000000,
        "costofgoodssoldnewequipmentsales": 36000000,
        "costofgoodssoldsuppliessales": 12000000,
        "costofservicesmaintenancecosts": 599000000,
        "costofrevenue": 781000000,
        "grossprofit": 85000000,
        "sellinggeneralandadministrativeexpense": 33000000,
        "restructuringcharges": 13000000,
        "depreciationandamortization": -8000000,
        "operatingincomeloss": -37000000,
        "interestincomeexpensenonoperatingnet": 1000000,
        "othernonoperatingincomeexpense": 126000000,
        "incomelossfromcontinuingoperationsbeforeincometaxesextraordinaryitemsnoncontrollinginterest": 1000000,
        "incometaxexpensebenefit": 33000000,
        "earningspersharebasic": 1.8100000000000007,
        "earningspersharediluted": 1.7900000000000003
    },
    {
        "date": "2016-09-29",
        "symbol": "URI",
        "period": "Q3",
        "netincomeloss": 405000000,
        "othercomprehensiveincomeforeigncurrencytransactionandtranslationadjustmentnetoftaxportionattributabletoparent": -9000000,
        "othercomprehensiveincomederivativesqualifyingashedgesnetoftaxportionattributabletoparent": 0,
        "othercomprehensiveincomelossnetoftaxportionattributabletoparent": 25000000,
        "comprehensiveincomenetoftax": -114000000,
        "operatingleasesincomestatementleaserevenue": 225000000,
        "salesrevenuegoodsnetsalesofrentalequipment": 9000000,
        "salesrevenuegoodsnetnewequipmentsales": 3000000,
        "salesrevenuegoodsnetsalesofsupplies": 3000000,
        "maintenancerevenue": 2000000,
        "salesrevenuenet": 242000000,
        "costofservicesexcludingdepreciationdepletionamortizationandmaintenancecosts": 435000000,
        "costofservicesdepreciation": 227000000,
        "costofgoodssoldrentalequipmentsales": 61000000,
        "costofgoodssoldnewequipmentsales": 23000000,
        "costofgoodssoldsuppliessales": 11000000,
        "costofservicesmaintenancecosts": 11000000,
        "costofrevenue": 768000000,
        "grossprofit": 70000000,
        "sellinggeneralandadministrativeexpense": 2000000,
        "restructuringcharges": -2000000,
        "depreciationandamortization": 3000000,
        "operatingincomeloss": -5000000,
        "interestincomeexpensenonoperatingnet": 2000000,
        "othernonoperatingincomeexpense": 123000000,
        "incomelossfromcontinuingoperationsbeforeincometaxesextraordinaryitemsnoncontrollinginterest": 2000000,
        "incometaxexpensebenefit": 42000000,
        "earningspersharebasic": 2.1499999999999995,
        "earningspersharediluted": 2.13
    },
    {
        "date": "2016-06-29",
        "symbol": "URI",
        "period": "Q2",
        "netincomeloss": -84000000,
        "othercomprehensiveincomeforeigncurrencytransactionandtranslationadjustmentnetoftaxportionattributabletoparent": -2000000,
        "othercomprehensiveincomederivativesqualifyingashedgesnetoftaxportionattributabletoparent": 2000000,
        "othercomprehensiveincomelossnetoftaxportionattributabletoparent": 4000000,
        "comprehensiveincomenetoftax": -80000000,
        "operatingleasesincomestatementleaserevenue": 189000000,
        "salesrevenuegoodsnetsalesofrentalequipment": 9000000,
        "salesrevenuegoodsnetnewequipmentsales": 5000000,
        "salesrevenuegoodsnetsalesofsupplies": 5000000,
        "maintenancerevenue": 3000000,
        "salesrevenuenet": 211000000,
        "costofservicesexcludingdepreciationdepletionamortizationandmaintenancecosts": 407000000,
        "costofservicesdepreciation": 219000000,
        "costofgoodssoldrentalequipmentsales": 70000000,
        "costofgoodssoldnewequipmentsales": 25000000,
        "costofgoodssoldsuppliessales": 12000000,
        "costofservicesmaintenancecosts": 10000000,
        "costofrevenue": 743000000,
        "grossprofit": 84000000,
        "sellinggeneralandadministrativeexpense": 2000000,
        "restructuringcharges": 1000000,
        "depreciationandamortization": 4000000,
        "operatingincomeloss": -6000000,
        "interestincomeexpensenonoperatingnet": 1000000,
        "othernonoperatingincomeexpense": 116000000,
        "incomelossfromcontinuingoperationsbeforeincometaxesextraordinaryitemsnoncontrollinginterest": 1000000,
        "incometaxexpensebenefit": 42000000,
        "earningspersharebasic": 1.52,
        "earningspersharediluted": 1.52
    },
    {
        "date": "2016-03-30",
        "symbol": "URI",
        "period": "Q1",
        "netincomeloss": 92000000,
        "othercomprehensiveincomeforeigncurrencytransactionandtranslationadjustmentnetoftaxportionattributabletoparent": 62000000,
        "othercomprehensiveincomederivativesqualifyingashedgesnetoftaxportionattributabletoparent": 1000000,
        "othercomprehensiveincomelossnetoftaxportionattributabletoparent": -175000000,
        "comprehensiveincomenetoftax": -214000000,
        "operatingleasesincomestatementleaserevenue": 162000000,
        "salesrevenuegoodsnetsalesofrentalequipment": 9000000,
        "salesrevenuegoodsnetnewequipmentsales": 4000000,
        "salesrevenuegoodsnetsalesofsupplies": 3000000,
        "maintenancerevenue": 3000000,
        "salesrevenuenet": 181000000,
        "costofservicesexcludingdepreciationdepletionamortizationandmaintenancecosts": 404000000,
        "costofservicesdepreciation": 221000000,
        "costofgoodssoldrentalequipmentsales": 62000000,
        "costofgoodssoldnewequipmentsales": 23000000,
        "costofgoodssoldsuppliessales": 12000000,
        "costofservicesmaintenancecosts": 9000000,
        "costofrevenue": 731000000,
        "grossprofit": 75000000,
        "sellinggeneralandadministrativeexpense": 6000000,
        "restructuringcharges": 2000000,
        "depreciationandamortization": 4000000,
        "operatingincomeloss": -10000000,
        "interestincomeexpensenonoperatingnet": 1000000,
        "othernonoperatingincomeexpense": 106000000,
        "incomelossfromcontinuingoperationsbeforeincometaxesextraordinaryitemsnoncontrollinginterest": 1000000,
        "incometaxexpensebenefit": 37000000,
        "earningspersharebasic": 1.01,
        "earningspersharediluted": 1.01
    },
    {
        "date": "2015-12-30",
        "symbol": "URI",
        "period": "Q4",
        "netincomeloss": 169000000,
        "othercomprehensiveincomeforeigncurrencytransactionandtranslationadjustmentnetoftaxportionattributabletoparent": -30000000,
        "othercomprehensiveincomelossnetoftaxportionattributabletoparent": 88000000,
        "comprehensiveincomenetoftax": -62000000,
        "operatingleasesincomestatementleaserevenue": -30000000,
        "salesrevenuegoodsnetsalesofrentalequipment": 33000000,
        "salesrevenuegoodsnetnewequipmentsales": 4000000,
        "salesrevenuegoodsnetsalesofsupplies": 1000000,
        "maintenancerevenue": 7000000,
        "salesrevenuenet": 15000000,
        "costofservicesexcludingdepreciationdepletionamortizationandmaintenancecosts": 409000000,
        "costofservicesdepreciation": -632000000,
        "costofgoodssoldrentalequipmentsales": 87000000,
        "costofgoodssoldnewequipmentsales": 36000000,
        "costofgoodssoldsuppliessales": 12000000,
        "costofservicesmaintenancecosts": 603000000,
        "costofrevenue": 781000000,
        "grossprofit": 89000000,
        "sellinggeneralandadministrativeexpense": 16000000,
        "depreciationandamortization": -9000000,
        "operatingincomeloss": -19000000,
        "interestincomeexpensenonoperatingnet": 1000000,
        "othernonoperatingincomeexpense": 123000000,
        "incomelossfromcontinuingoperationsbeforeincometaxesextraordinaryitemsnoncontrollinginterest": 1000000,
        "incometaxexpensebenefit": 52000000,
        "earningspersharebasic": 1.8099999999999996,
        "earningspersharediluted": 1.800000000000001
    },
    {
        "date": "2015-09-29",
        "symbol": "URI",
        "period": "Q3",
        "netincomeloss": 215000000,
        "othercomprehensiveincomeforeigncurrencytransactionandtranslationadjustmentnetoftaxportionattributabletoparent": -71000000,
        "othercomprehensiveincomelossnetoftaxportionattributabletoparent": 198000000,
        "comprehensiveincomenetoftax": 124000000,
        "operatingleasesincomestatementleaserevenue": 206000000,
        "salesrevenuegoodsnetsalesofrentalequipment": 9000000,
        "salesrevenuegoodsnetnewequipmentsales": 5000000,
        "salesrevenuegoodsnetsalesofsupplies": 3000000,
        "maintenancerevenue": 1000000,
        "salesrevenuenet": 224000000,
        "costofservicesexcludingdepreciationdepletionamortizationandmaintenancecosts": 421000000,
        "costofservicesdepreciation": 225000000,
        "costofgoodssoldrentalequipmentsales": 75000000,
        "costofgoodssoldnewequipmentsales": 26000000,
        "costofgoodssoldsuppliessales": 12000000,
        "costofservicesmaintenancecosts": 10000000,
        "costofrevenue": 769000000,
        "grossprofit": 83000000,
        "sellinggeneralandadministrativeexpense": -10000000,
        "businesscombinationacquisitionrelatedcosts": 0,
        "depreciationandamortization": 4000000,
        "operatingincomeloss": 6000000,
        "interestincomeexpensenonoperatingnet": 1000000,
        "othernonoperatingincomeexpense": 275000000,
        "incomelossfromcontinuingoperationsbeforeincometaxesextraordinaryitemsnoncontrollinginterest": 1000000,
        "incometaxexpensebenefit": 118000000,
        "earningspersharebasic": 2.2600000000000002,
        "earningspersharediluted": 2.2299999999999995
    },
    {
        "date": "2015-06-29",
        "symbol": "URI",
        "period": "Q2",
        "netincomeloss": 86000000,
        "othercomprehensiveincomeforeigncurrencytransactionandtranslationadjustmentnetoftaxportionattributabletoparent": 16000000,
        "othercomprehensiveincomelossnetoftaxportionattributabletoparent": 293000000,
        "comprehensiveincomenetoftax": -66000000,
        "operatingleasesincomestatementleaserevenue": 172000000,
        "salesrevenuegoodsnetsalesofrentalequipment": 8000000,
        "salesrevenuegoodsnetnewequipmentsales": 4000000,
        "salesrevenuegoodsnetsalesofsupplies": 3000000,
        "maintenancerevenue": 2000000,
        "salesrevenuenet": 189000000,
        "costofservicesexcludingdepreciationdepletionamortizationandmaintenancecosts": 329000000,
        "costofservicesdepreciation": 192000000,
        "costofgoodssoldrentalequipmentsales": 53000000,
        "costofgoodssoldnewequipmentsales": 26000000,
        "costofgoodssoldsuppliessales": 12000000,
        "costofservicesmaintenancecosts": 6000000,
        "costofrevenue": 618000000,
        "grossprofit": 98000000,
        "sellinggeneralandadministrativeexpense": -182000000,
        "businesscombinationacquisitionrelatedcosts": 1000000,
        "restructuringcharges": 0,
        "depreciationandamortization": -61000000,
        "operatingincomeloss": -307000000,
        "interestincomeexpensenonoperatingnet": 124000000,
        "othernonoperatingincomeexpense": 70000000,
        "incomelossfromcontinuingoperationsbeforeincometaxesextraordinaryitemsnoncontrollinginterest": -179000000,
        "incometaxexpensebenefit": -36000000,
        "earningspersharebasic": 0.8799999999999999,
        "earningspersharediluted": 0.8800000000000001
    },
    {
        "date": "2015-03-30",
        "symbol": "URI",
        "period": "Q1",
        "netincomeloss": 115000000,
        "othercomprehensiveincomeforeigncurrencytransactionandtranslationadjustmentnetoftaxportionattributabletoparent": -89000000,
        "othercomprehensiveincomelossnetoftaxportionattributabletoparent": -89000000,
        "comprehensiveincomenetoftax": 26000000,
        "operatingleasesincomestatementleaserevenue": 149000000,
        "salesrevenuegoodsnetsalesofrentalequipment": 8000000,
        "salesrevenuegoodsnetnewequipmentsales": 7000000,
        "salesrevenuegoodsnetsalesofsupplies": 3000000,
        "maintenancerevenue": 4000000,
        "salesrevenuenet": 171000000,
        "costofservicesexcludingdepreciationdepletionamortizationandmaintenancecosts": 444000000,
        "costofservicesdepreciation": 235000000,
        "costofgoodssoldrentalequipmentsales": 64000000,
        "costofgoodssoldnewequipmentsales": 27000000,
        "costofgoodssoldsuppliessales": 12000000,
        "costofservicesmaintenancecosts": 9000000,
        "costofrevenue": 791000000,
        "grossprofit": 63000000,
        "sellinggeneralandadministrativeexpense": 181000000,
        "businesscombinationacquisitionrelatedcosts": -27000000,
        "restructuringcharges": 1000000,
        "depreciationandamortization": 69000000,
        "operatingincomeloss": 300000000,
        "interestincomeexpensenonoperatingnet": -121000000,
        "othernonoperatingincomeexpense": 3000000,
        "incomelossfromcontinuingoperationsbeforeincometaxesextraordinaryitemsnoncontrollinginterest": 182000000,
        "incometaxexpensebenefit": 67000000,
        "earningspersharebasic": 1.19,
        "earningspersharediluted": 1.16
    },
    {
        "date": "2014-12-30",
        "symbol": "URI",
        "period": "Q4",
        "netincomeloss": 794000000,
        "othercomprehensiveincomelossnetoftaxportionattributabletoparent": -40000000,
        "comprehensiveincomenetoftax": -121000000,
        "operatingleasesincomestatementleaserevenue": -2467000000,
        "costofservicesdepreciation": 567000000,
        "costofrevenue": 1933000000,
        "grossprofit": -896000000,
        "sellinggeneralandadministrativeexpense": -218000000,
        "restructuringcharges": 1000000,
        "depreciationandamortization": 15000000,
        "operatingincomeloss": 23000000,
        "interestincomeexpensenonoperatingnet": 2000000,
        "othernonoperatingincomeexpense": 72000000,
        "incometaxexpensebenefit": 129000000,
        "earningspersharebasic": 1.98,
        "earningspersharediluted": 1.8500000000000005
    },
    {
        "date": "2014-09-29",
        "symbol": "URI",
        "period": "Q3",
        "netincomeloss": -282000000,
        "othercomprehensiveincomeforeigncurrencytransactionandtranslationadjustmentnetoftaxportionattributabletoparent": -51000000,
        "othercomprehensiveincomelossnetoftaxportionattributabletoparent": -51000000,
        "comprehensiveincomenetoftax": 149000000,
        "operatingleasesincomestatementleaserevenue": 1155000000,
        "salesrevenuegoodsnetsalesofrentalequipment": 15000000,
        "salesrevenuegoodsnetnewequipmentsales": 35000000,
        "salesrevenuegoodsnetsalesofsupplies": 20000000,
        "maintenancerevenue": 4000000,
        "salesrevenuenet": 1355000000,
        "costofservicesexcludingdepreciationdepletionamortizationandmaintenancecosts": 418000000,
        "costofservicesdepreciation": 26000000,
        "costofgoodssoldrentalequipmentsales": 73000000,
        "costofgoodssoldnewequipmentsales": 27000000,
        "costofgoodssoldsuppliessales": 14000000,
        "costofservicesmaintenancecosts": 1000000,
        "costofrevenue": 106000000,
        "grossprofit": 605000000,
        "sellinggeneralandadministrativeexpense": 127000000,
        "businesscombinationacquisitionrelatedcosts": 4000000,
        "restructuringcharges": -2000000,
        "depreciationandamortization": 4000000,
        "operatingincomeloss": -1000000,
        "interestincomeexpensenonoperatingnet": -3000000,
        "othernonoperatingincomeexpense": 25000000,
        "incomelossfromcontinuingoperationsbeforeincometaxesextraordinaryitemsnoncontrollinginterest": 242000000,
        "incometaxexpensebenefit": 91000000,
        "earningspersharebasic": 1.95,
        "earningspersharediluted": 1.84
    },
    {
        "date": "2014-06-29",
        "symbol": "URI",
        "period": "Q2",
        "netincomeloss": 16000000,
        "othercomprehensiveincomelossforeigncurrencytransactionandtranslationadjustmentnetoftax": 35000000,
        "othercomprehensiveincomelossderivativesqualifyingashedgesnetoftax": 1000000,
        "othercomprehensiveincomelossnetoftaxportionattributabletoparent": 36000000,
        "comprehensiveincomenetoftax": 13000000,
        "operatingleasesincomestatementleaserevenue": 1042000000,
        "salesofrentalequipment": 16000000,
        "newequipmentsales": 6000000,
        "salesrevenuegoodsgross": 3000000,
        "salesrevenueservicesgross": 6000000,
        "revenues": 1231000000,
        "costofservicesexcludingdepreciationdepletionandamortization": 64000000,
        "costofservicesdepreciation": 203000000,
        "costofrentalequipmentsales": 70000000,
        "costofnewequipmentsales": 27000000,
        "costofgoodssold": 2000000,
        "costofserviceandotherrevenues": 3000000,
        "costofrevenue": 701000000,
        "grossprofit": 530000000,
        "sellinggeneralandadministrativeexpense": 23000000,
        "businesscombinationintegrationrelatedcosts": 8000000,
        "restructuringcharges": -1000000,
        "depreciationandamortization": 5000000,
        "operatingincomeloss": -2000000,
        "interestincomeexpensenonoperatingnet": -2000000,
        "othernonoperatingincomeexpense": 20000000,
        "incomelossfromcontinuingoperationsbeforeincometaxesminorityinterestandincomelossfromequitymethodinvestments": 60000000,
        "incometaxexpensebenefit": 9000000,
        "earningspersharebasic": 0.98,
        "earningspersharediluted": 0.9
    },
    {
        "date": "2014-03-30",
        "symbol": "URI",
        "period": "Q1",
        "netincomeloss": 12000000,
        "othercomprehensiveincomelossforeigncurrencytransactionandtranslationadjustmentnetoftax": -38000000,
        "othercomprehensiveincomelossderivativesqualifyingashedgesnetoftax": -1000000,
        "othercomprehensiveincomelossnetoftaxportionattributabletoparent": -38000000,
        "comprehensiveincomenetoftax": 12000000,
        "operatingleasesincomestatementleaserevenue": 872000000,
        "salesofrentalequipment": 100000000,
        "newequipmentsales": 5000000,
        "salesrevenuegoodsgross": 4000000,
        "salesrevenueservicesgross": 3000000,
        "revenues": 155000000,
        "costofservicesexcludingdepreciationdepletionandamortization": 55000000,
        "costofservicesdepreciation": 24000000,
        "costofrentalequipmentsales": 60000000,
        "costofnewequipmentsales": 4000000,
        "costofgoodssold": 3000000,
        "costofserviceandotherrevenues": 5000000,
        "costofrevenue": 92000000,
        "grossprofit": 63000000,
        "sellinggeneralandadministrativeexpense": 123000000,
        "businesscombinationintegrationrelatedcosts": 1000000,
        "restructuringcharges": 1000000,
        "depreciationandamortization": 5000000,
        "operatingincomeloss": -29000000,
        "interestincomeexpensenonoperatingnet": -1000000,
        "othernonoperatingincomeexpense": 32000000,
        "incomelossfromcontinuingoperationsbeforeincometaxesminorityinterestandincomelossfromequitymethodinvestments": -3000000,
        "incometaxexpensebenefit": 7000000,
        "earningspersharebasic": 0.63,
        "earningspersharediluted": 0.56
    },
    {
        "date": "2013-12-30",
        "symbol": "URI",
        "period": "Q4",
        "netincomeloss": -227000000,
        "othercomprehensiveincomelossforeigncurrencytransactionandtranslationadjustmentnetoftax": -34000000,
        "othercomprehensiveincomelossnetoftaxportionattributabletoparent": 95000000,
        "comprehensiveincomenetoftax": 3000000,
        "operatingleasesincomestatementleaserevenue": 3190000000,
        "salesofrentalequipment": 15000000,
        "newequipmentsales": -36000000,
        "salesrevenuegoodsgross": -36000000,
        "salesrevenueservicesgross": -30000000,
        "revenues": 1147000000,
        "costofservicesexcludingdepreciationdepletionandamortization": 64000000,
        "costofservicesdepreciation": -455000000,
        "costofrentalequipmentsales": 261000000,
        "costofnewequipmentsales": 5000000,
        "costofgoodssold": 39000000,
        "costofserviceandotherrevenues": 1000000,
        "costofrevenue": 2259000000,
        "grossprofit": 1505000000,
        "sellinggeneralandadministrativeexpense": 20000000,
        "restructuringcharges": 0,
        "depreciationandamortization": -140000000,
        "operatingincomeloss": 205000000,
        "interestincomeexpensenonoperatingnet": 4000000,
        "othernonoperatingincomeexpense": 125000000,
        "incomelossfromcontinuingoperationsbeforeincometaxesminorityinterestandincomelossfromequitymethodinvestments": 157000000,
        "incometaxexpensebenefit": 41000000,
        "earningspersharebasic": 1.4899999999999995,
        "earningspersharediluted": 1.3100000000000003
    },
    {
        "date": "2013-09-29",
        "symbol": "URI",
        "period": "Q3",
        "netincomeloss": -409000000,
        "othercomprehensiveincomelossforeigncurrencytransactionandtranslationadjustmentnetoftax": 21000000,
        "othercomprehensiveincomelossnetoftaxportionattributabletoparent": 132000000,
        "comprehensiveincomenetoftax": 19000000,
        "operatingleasesincomestatementleaserevenue": -1229000000,
        "salesofrentalequipment": -90000000,
        "newequipmentsales": 36000000,
        "salesrevenuegoodsgross": 44000000,
        "salesrevenueservicesgross": 38000000,
        "revenues": 2789000000,
        "costofservicesexcludingdepreciationdepletionandamortization": -217000000,
        "costofservicesdepreciation": 193000000,
        "costofrentalequipmentsales": 6000000,
        "costofnewequipmentsales": -6000000,
        "costofgoodssold": 3000000,
        "costofserviceandotherrevenues": -3000000,
        "costofrevenue": -427000000,
        "grossprofit": 76000000,
        "sellinggeneralandadministrativeexpense": 45000000,
        "businesscombinationintegrationrelatedcosts": 0,
        "restructuringcharges": 1000000,
        "depreciationandamortization": 100000000,
        "operatingincomeloss": -379000000,
        "interestincomeexpensenonoperatingnet": 8000000,
        "interestexpenseother": 0,
        "othernonoperatingincomeexpense": -159000000,
        "incomelossfromcontinuingoperationsbeforeincometaxesminorityinterestandincomelossfromequitymethodinvestments": -33000000,
        "incometaxexpensebenefit": 65000000,
        "earningspersharebasic": 1.5399999999999998,
        "earningspersharediluted": 1.36
    },
    {
        "date": "2013-06-29",
        "symbol": "URI",
        "period": "Q2",
        "netincomeloss": 19000000,
        "othercomprehensiveincomelossforeigncurrencytransactionandtranslationadjustmentnetoftax": -32000000,
        "othercomprehensiveincomelossnetoftaxportionattributabletoparent": -32000000,
        "comprehensiveincomenetoftax": 11000000,
        "operatingleasesincomestatementleaserevenue": 870000000,
        "salesofrentalequipment": 15000000,
        "newequipmentsales": 6000000,
        "salesrevenuegoodsgross": 5000000,
        "salesrevenueservicesgross": 3000000,
        "revenues": 168000000,
        "costofservicesexcludingdepreciationdepletionandamortization": 63000000,
        "costofservicesdepreciation": 184000000,
        "costofrentalequipmentsales": 9000000,
        "costofnewequipmentsales": 14000000,
        "costofgoodssold": 3000000,
        "costofserviceandotherrevenues": 2000000,
        "costofrevenue": 629000000,
        "grossprofit": 62000000,
        "sellinggeneralandadministrativeexpense": 1000000,
        "businesscombinationintegrationrelatedcosts": 2000000,
        "restructuringcharges": 5000000,
        "depreciationandamortization": 53000000,
        "operatingincomeloss": 211000000,
        "interestincomeexpensenonoperatingnet": -4000000,
        "interestexpenseother": 1000000,
        "othernonoperatingincomeexpense": 19000000,
        "incomelossfromcontinuingoperationsbeforeincometaxesminorityinterestandincomelossfromequitymethodinvestments": 28000000,
        "incometaxexpensebenefit": 6000000,
        "earningspersharebasic": 0.89,
        "earningspersharediluted": 0.78
    },
    {
        "date": "2013-03-30",
        "symbol": "URI",
        "period": "Q1",
        "netincomeloss": 20000000,
        "othercomprehensiveincomelossforeigncurrencytransactionandtranslationadjustmentnetoftax": -20000000,
        "othercomprehensiveincomelossnetoftaxportionattributabletoparent": -15000000,
        "comprehensiveincomenetoftax": 10000000,
        "operatingleasesincomestatementleaserevenue": 781000000,
        "salesofrentalequipment": 112000000,
        "newequipmentsales": 16000000,
        "salesrevenuegoodsgross": 4000000,
        "salesrevenueservicesgross": 5000000,
        "revenues": 160000000,
        "costofservicesexcludingdepreciationdepletionandamortization": 333000000,
        "costofservicesdepreciation": 178000000,
        "costofrentalequipmentsales": 7000000,
        "costofnewequipmentsales": 4000000,
        "costofgoodssold": 3000000,
        "costofserviceandotherrevenues": 6000000,
        "costofrevenue": 99000000,
        "grossprofit": 61000000,
        "sellinggeneralandadministrativeexpense": 22000000,
        "businesscombinationintegrationrelatedcosts": 6000000,
        "restructuringcharges": 6000000,
        "depreciationandamortization": 4000000,
        "operatingincomeloss": 139000000,
        "interestincomeexpensenonoperatingnet": -1000000,
        "interestexpenseother": 2000000,
        "othernonoperatingincomeexpense": -3000000,
        "incomelossfromcontinuingoperationsbeforeincometaxesminorityinterestandincomelossfromequitymethodinvestments": 1000000,
        "incometaxexpensebenefit": 1000000,
        "earningspersharebasic": 0.22,
        "earningspersharediluted": 0.19
    },
    {
        "date": "2012-12-30",
        "symbol": "URI",
        "period": "Q4",
        "netincomeloss": -357000000,
        "othercomprehensiveincomelossnetoftaxportionattributabletoparent": 53000000,
        "comprehensiveincomenetoftax": 99000000,
        "operatingleasesincomestatementleaserevenue": 2305000000,
        "salesofrentalequipment": 271000000,
        "newequipmentsales": 39000000,
        "salesrevenuegoodsgross": -6000000,
        "salesrevenueservicesgross": -21000000,
        "revenues": -1427000000,
        "costofservicesexcludingdepreciationdepletionandamortization": -162000000,
        "costofservicesdepreciation": 318000000,
        "costofrentalequipmentsales": 2000000,
        "costofnewequipmentsales": 34000000,
        "costofgoodssold": -5000000,
        "costofserviceandotherrevenues": -4000000,
        "costofrevenue": 784000000,
        "grossprofit": -44000000,
        "sellinggeneralandadministrativeexpense": -85000000,
        "businesscombinationintegrationrelatedcosts": 13000000,
        "depreciationandamortization": -34000000,
        "operatingincomeloss": -34000000,
        "interestincomeexpensenonoperatingnet": -412000000,
        "interestexpenseother": 1000000,
        "othernonoperatingincomeexpense": 94000000,
        "incomelossfromcontinuingoperationsbeforeincometaxesminorityinterestandincomelossfromequitymethodinvestments": -156000000,
        "incometaxexpensebenefit": 3000000,
        "earningspersharebasic": 0.55,
        "earningspersharediluted": 0.55
    },
    {
        "date": "2012-09-29",
        "symbol": "URI",
        "period": "Q3",
        "netincomeloss": 36000000,
        "othercomprehensiveincomelossforeigncurrencytransactionandtranslationadjustmentnetoftax": 19000000,
        "othercomprehensiveincomelossderivativesqualifyingashedgesnetoftax": 2000000,
        "othercomprehensiveincomelossnetoftaxportionattributabletoparent": -53000000,
        "comprehensiveincomenetoftax": 16000000,
        "operatingleasesincomestatementleaserevenue": 145000000,
        "salesofrentalequipment": 12000000,
        "newequipmentsales": 6000000,
        "salesrevenuegoodsgross": 19000000,
        "salesrevenueservicesgross": 4000000,
        "revenues": 1048000000,
        "costofservicesexcludingdepreciationdepletionandamortization": 52000000,
        "costofservicesdepreciation": 180000000,
        "costofrentalequipmentsales": 7000000,
        "costofnewequipmentsales": 5000000,
        "costofgoodssold": 2000000,
        "costofserviceandotherrevenues": 2000000,
        "costofrevenue": 623000000,
        "grossprofit": 79000000,
        "sellinggeneralandadministrativeexpense": 23000000,
        "businesscombinationintegrationrelatedcosts": 8000000,
        "restructuringcharges": 2000000,
        "depreciationandamortization": 5000000,
        "operatingincomeloss": 48000000,
        "interestincomeexpensenonoperatingnet": -1000000,
        "interestexpenseother": 1000000,
        "othernonoperatingincomeexpense": -1000000,
        "incomelossfromcontinuingoperationsbeforeincometaxesminorityinterestandincomelossfromequitymethodinvestments": -1000000,
        "incometaxexpensebenefit": 8000000,
        "incomelossfromcontinuingoperations": 73000000,
        "incomelossfromcontinuingoperationsperbasicshare": 0.78,
        "earningspersharebasic": 0.78,
        "incomelossfromcontinuingoperationsperdilutedshare": 0.7,
        "earningspersharediluted": 0.7
    },
    {
        "date": "2012-06-29",
        "symbol": "URI",
        "period": "Q2",
        "netincomeloss": 29000000,
        "othercomprehensiveincomeforeigncurrencytransactionandtranslationadjustmentnetoftaxperiodincreasedecrease": -10000000,
        "othercomprehensiveincomederivativesqualifyingashedgesnetoftaxperiodincreasedecrease": -2000000,
        "othercomprehensiveincomelossnetoftaxportionattributabletoparent": -6000000,
        "comprehensiveincomenetoftax": 57000000,
        "operatingleasesincomestatementleaserevenue": 66000000,
        "salesofrentalequipment": 9000000,
        "newequipmentsales": 7000000,
        "salesrevenuegoodsgross": 2000000,
        "salesrevenueservicesgross": 14000000,
        "revenues": 774000000,
        "costofservicesexcludingdepreciationdepletionandamortization": 272000000,
        "costofservicesdepreciation": 23000000,
        "costofrentalequipmentsales": 4000000,
        "costofnewequipmentsales": 2000000,
        "costofgoodssold": 12000000,
        "costofserviceandotherrevenues": 3000000,
        "costofrevenue": 481000000,
        "grossprofit": 29000000,
        "sellinggeneralandadministrativeexpense": 104000000,
        "businesscombinationintegrationrelatedcosts": 80000000,
        "restructuringcharges": 1000000,
        "depreciationandamortization": 41000000,
        "operatingincomeloss": -12000000,
        "interestincomeexpensenonoperatingnet": -18000000,
        "interestexpenseother": 1000000,
        "othernonoperatingincomeexpense": -4000000,
        "incomelossfromcontinuingoperationsbeforeincometaxesminorityinterestandincomelossfromequitymethodinvestments": 25000000,
        "incometaxexpensebenefit": -3000000,
        "incomelossfromcontinuingoperations": -52000000,
        "incomelossfromcontinuingoperationsperbasicshare": -0.63,
        "earningspersharebasic": -0.63,
        "incomelossfromcontinuingoperationsperdilutedshare": -0.63,
        "earningspersharediluted": -0.63
    },
    {
        "date": "2012-03-30",
        "symbol": "URI",
        "period": "Q1",
        "netincomeloss": -31000000,
        "othercomprehensiveincomeforeigncurrencytransactionandtranslationadjustmentnetoftaxperiodincreasedecrease": 9000000,
        "othercomprehensiveincomederivativesqualifyingashedgesnetoftaxperiodincreasedecrease": 1000000,
        "othercomprehensiveincomelossnetoftaxportionattributabletoparent": 9000000,
        "comprehensiveincomenetoftax": -55000000,
        "operatingleasesincomestatementleaserevenue": 183000000,
        "salesofrentalequipment": 26000000,
        "newequipmentsales": 8000000,
        "salesrevenuegoodsgross": 5000000,
        "salesrevenueservicesgross": 11000000,
        "revenues": 224000000,
        "costofservicesexcludingdepreciationdepletionandamortization": 43000000,
        "costofservicesdepreciation": 37000000,
        "costofrentalequipmentsales": 7000000,
        "costofnewequipmentsales": 7000000,
        "costofgoodssold": 4000000,
        "costofserviceandotherrevenues": 2000000,
        "costofrevenue": 77000000,
        "grossprofit": 39000000,
        "sellinggeneralandadministrativeexpense": 5000000,
        "businesscombinationintegrationrelatedcosts": 10000000,
        "depreciationandamortization": 4000000,
        "operatingincomeloss": -14000000,
        "interestincomeexpensenonoperatingnet": -1000000,
        "interestexpenseother": 1000000,
        "othernonoperatingincomeexpense": -3000000,
        "incomelossfromcontinuingoperationsbeforeincometaxesminorityinterestandincomelossfromequitymethodinvestments": -14000000,
        "incometaxexpensebenefit": 3000000,
        "earningspersharebasic": 0.21,
        "earningspersharediluted": 0.17
    },
    {
        "date": "2011-06-29",
        "symbol": "URI",
        "period": "Q2",
        "operatingleasesincomestatementleaserevenue": 524000000,
        "salesofrentalequipment": 41000000,
        "newequipmentsales": 21000000,
        "salesrevenuegoodsgross": 22000000,
        "salesrevenueservicesgross": 21000000,
        "revenues": 629000000,
        "costofservicesexcludingdepreciationdepletionandamortization": 246000000,
        "costofservicesdepreciation": 103000000,
        "costofrentalequipmentsales": 28000000,
        "costofnewequipmentsales": 17000000,
        "costofgoodssold": 16000000,
        "costofserviceandotherrevenues": 8000000,
        "costofrevenue": 418000000,
        "grossprofit": 211000000,
        "sellinggeneralandadministrativeexpense": 100000000,
        "restructuringcharges": 2000000,
        "depreciationandamortization": 14000000,
        "operatingincomeloss": 95000000,
        "interestincomeexpensenonoperatingnet": -57000000,
        "interestexpenseother": 2000000,
        "othernonoperatingincomeexpense": 3000000,
        "incomelossfromcontinuingoperationsbeforeincometaxesminorityinterestandincomelossfromequitymethodinvestments": 39000000,
        "incometaxexpensebenefit": 11000000,
        "incomelossfromcontinuingoperationsincludingportionattributabletononcontrollinginterest": 28000000,
        "incomelossfromdiscontinuedoperationsnetoftax": -1000000,
        "netincomeloss": 27000000,
        "incomelossfromcontinuingoperationsperbasicshare": 0.45,
        "incomelossfromdiscontinuedoperationsnetoftaxperbasicshare": -0.01,
        "earningspersharebasic": 0.44,
        "incomelossfromcontinuingoperationsperdilutedshare": 0.38,
        "incomelossfromdiscontinuedoperationsnetoftaxperdilutedshare": -0.01,
        "earningspersharediluted": 0.37
    }
]