[
    {
        "date": "2024-09-29",
        "symbol": "PG",
        "period": "Q1",
        "revenues": 21737000000,
        "costofgoodsandservicessold": 10421000000,
        "sellinggeneralandadministrativeexpense": 5519000000,
        "operatingincomeloss": 5797000000,
        "interestexpensenonoperating": 238000000,
        "investmentincomeinterest": 135000000,
        "othernonoperatingincomeexpense": -554000000,
        "incomelossincludingportionattributabletononcontrollinginterest": 5140000000,
        "incometaxexpensebenefit": 1152000000,
        "profitloss": 3987000000,
        "netincomelossattributabletononcontrollinginterest": 28000000,
        "netincomeloss": 3959000000,
        "earningspersharebasic": 1.65,
        "earningspersharediluted": 1.61,
        "othercomprehensiveincomelossforeigncurrencytransactionandtranslationadjustmentnetoftax": 1026000000,
        "othercomprehensiveincomelossavailableforsalesecuritiesadjustmentnetoftax": 2000000,
        "othercomprehensiveincomelosspensionandotherpostretirementbenefitplansadjustmentnetoftax": 21000000,
        "othercomprehensiveincomelossnetoftax": 1007000000,
        "comprehensiveincomenetoftaxincludingportionattributabletononcontrollinginterest": 4994000000,
        "comprehensiveincomenetoftaxattributabletononcontrollinginterest": 28000000,
        "comprehensiveincomenetoftax": 4965000000
    },
    {
        "date": "2024-06-29",
        "symbol": "PG",
        "period": "Q4",
        "revenues": 20532000000,
        "costofgoodsandservicessold": 10348000000,
        "sellinggeneralandadministrativeexpense": 6299000000,
        "operatingincomeloss": 3885000000,
        "investmentincomeinterest": 107000000,
        "othernonoperatingincomeexpense": 98000000,
        "incometaxexpensebenefit": 726000000,
        "profitloss": 3144000000,
        "netincomelossattributabletononcontrollinginterest": 7000000,
        "netincomeloss": 3137000000,
        "earningspersharebasic": 1.2900000000000003,
        "earningspersharediluted": 1.27,
        "othercomprehensiveincomelossforeigncurrencytransactionandtranslationadjustmentnetoftax": -98000000,
        "othercomprehensiveincomelosspensionandotherpostretirementbenefitplansadjustmentnetoftax": -569000000,
        "othercomprehensiveincomelossnetoftax": 470000000,
        "comprehensiveincomenetoftaxincludingportionattributabletononcontrollinginterest": 3614000000,
        "comprehensiveincomenetoftaxattributabletononcontrollinginterest": 7000000,
        "comprehensiveincomenetoftax": 3607000000
    },
    {
        "date": "2024-03-30",
        "symbol": "PG",
        "period": "Q3",
        "revenues": 20195000000,
        "costofgoodsandservicessold": 9855000000,
        "sellinggeneralandadministrativeexpense": 5880000000,
        "operatingincomeloss": 4460000000,
        "interestexpense": 232000000,
        "investmentincomeinterest": 105000000,
        "othernonoperatingincomeexpense": 261000000,
        "incomelossfromcontinuingoperationsbeforeincometaxes": 4593000000,
        "incometaxexpensebenefit": 812000000,
        "profitloss": 3781000000,
        "netincomelossattributabletononcontrollinginterest": 28000000,
        "netincomeloss": 3753000000,
        "earningspersharebasic": 1.5599999999999998,
        "earningspersharediluted": 1.52,
        "othercomprehensiveincomelossforeigncurrencytransactionandtranslationadjustmentnetoftax": -211000000,
        "othercomprehensiveincomelossavailableforsalesecuritiesadjustmentnetoftax": 0,
        "othercomprehensiveincomelosspensionandotherpostretirementbenefitplansadjustmentnetoftax": -7000000,
        "othercomprehensiveincomelossnetoftax": -203000000,
        "comprehensiveincomenetoftaxincludingportionattributabletononcontrollinginterest": 3578000000,
        "comprehensiveincomenetoftaxattributabletononcontrollinginterest": 27000000,
        "comprehensiveincomenetoftax": 3551000000
    },
    {
        "date": "2023-12-30",
        "symbol": "PG",
        "period": "Q2",
        "revenues": 21441000000,
        "costofgoodsandservicessold": 10144000000,
        "sellinggeneralandadministrativeexpense": 5522000000,
        "impairmentofintangibleassetsforgroomingsegmentindefinitelivedexcludinggoodwill": 1341000000,
        "operatingincomeloss": 4433000000,
        "interestexpense": 248000000,
        "investmentincomeinterest": 133000000,
        "othernonoperatingincomeexpense": 177000000,
        "incomelossfromcontinuingoperationsbeforeincometaxes": 4496000000,
        "incometaxexpensebenefit": 1003000000,
        "profitloss": 3493000000,
        "netincomelossattributabletononcontrollinginterest": 25000000,
        "netincomeloss": 3468000000,
        "earningspersharebasic": 1.44,
        "earningspersharediluted": 1.4,
        "othercomprehensiveincomelossforeigncurrencytransactionandtranslationadjustmentnetoftax": 492000000,
        "othercomprehensiveincomelossavailableforsalesecuritiesadjustmentnetoftax": -1000000,
        "othercomprehensiveincomelosspensionandotherpostretirementbenefitplansadjustmentnetoftax": 75000000,
        "othercomprehensiveincomelossnetoftax": 416000000,
        "comprehensiveincomenetoftaxincludingportionattributabletononcontrollinginterest": 3909000000,
        "comprehensiveincomenetoftaxattributabletononcontrollinginterest": 25000000,
        "comprehensiveincomenetoftax": 3884000000
    },
    {
        "date": "2023-09-29",
        "symbol": "PG",
        "period": "Q1",
        "revenues": 21871000000,
        "costofgoodsandservicessold": 10501000000,
        "sellinggeneralandadministrativeexpense": 5604000000,
        "operatingincomeloss": 5767000000,
        "interestexpense": 225000000,
        "investmentincomeinterest": 128000000,
        "othernonoperatingincomeexpense": 132000000,
        "incomelossfromcontinuingoperationsbeforeincometaxes": 5802000000,
        "incometaxexpensebenefit": 1246000000,
        "profitloss": 4556000000,
        "netincomelossattributabletononcontrollinginterest": 35000000,
        "netincomeloss": 4521000000,
        "earningspersharebasic": 1.89,
        "earningspersharediluted": 1.83,
        "othercomprehensiveincomelossforeigncurrencytransactionandtranslationadjustmentnetoftax": -409000000,
        "othercomprehensiveincomelossavailableforsalesecuritiesadjustmentnetoftax": -1000000,
        "othercomprehensiveincomelosspensionandotherpostretirementbenefitplansadjustmentnetoftax": -45000000,
        "othercomprehensiveincomelossnetoftax": -366000000,
        "comprehensiveincomenetoftaxincludingportionattributabletononcontrollinginterest": 4190000000,
        "comprehensiveincomenetoftaxattributabletononcontrollinginterest": 33000000,
        "comprehensiveincomenetoftax": 4157000000
    },
    {
        "date": "2023-06-29",
        "symbol": "PG",
        "period": "Q4",
        "revenues": 164000000,
        "costofgoodsandservicessold": 10613000000,
        "sellinggeneralandadministrativeexpense": 5778000000,
        "operatingincomeloss": 4162000000,
        "interestexpense": 240000000,
        "investmentincomeinterest": 116000000,
        "othernonoperatingincomeexpense": 195000000,
        "incomelossfromcontinuingoperationsbeforeincometaxes": -361000000,
        "incometaxexpensebenefit": 841000000,
        "profitloss": 8000000,
        "netincomelossattributabletononcontrollinginterest": 8000000,
        "netincomeloss": 3384000000,
        "earningspersharebasic": 1.4100000000000001,
        "earningspersharediluted": 1.3700000000000003,
        "othercomprehensiveincomelossforeigncurrencytransactionandtranslationadjustmentnetoftax": 3000000,
        "othercomprehensiveincomelossavailableforsalesecuritiesadjustmentnetoftax": -5000000,
        "othercomprehensiveincomelosspensionandotherpostretirementbenefitplansadjustmentnetoftax": -48000000,
        "othercomprehensiveincomelossnetoftax": 643000000,
        "comprehensiveincomenetoftaxincludingportionattributabletononcontrollinginterest": 3438000000,
        "comprehensiveincomenetoftaxattributabletononcontrollinginterest": 8000000,
        "comprehensiveincomenetoftax": 3430000000
    },
    {
        "date": "2023-03-30",
        "symbol": "PG",
        "period": "Q3",
        "revenues": 173000000,
        "costofgoodsandservicessold": 10404000000,
        "sellinggeneralandadministrativeexpense": 5416000000,
        "operatingincomeloss": 4248000000,
        "interestexpense": 222000000,
        "investmentincomeinterest": 83000000,
        "othernonoperatingincomeexpense": 179000000,
        "incomelossfromcontinuingoperationsbeforeincometaxes": -268000000,
        "incometaxexpensebenefit": 864000000,
        "profitloss": 27000000,
        "netincomelossattributabletononcontrollinginterest": 27000000,
        "netincomeloss": 3397000000,
        "earningspersharebasic": 1.41,
        "earningspersharediluted": 1.37,
        "weightedaveragenumberofdilutedsharesoutstanding": 2473200000,
        "othercomprehensiveincomelossforeigncurrencytransactionandtranslationadjustmentnetoftax": 259000000,
        "othercomprehensiveincomelossavailableforsalesecuritiesadjustmentnetoftax": 1000000,
        "othercomprehensiveincomelosspensionandotherpostretirementbenefitplansadjustmentnetoftax": 19000000,
        "othercomprehensiveincomelossnetoftax": 1000000,
        "comprehensiveincomenetoftaxincludingportionattributabletononcontrollinginterest": 3665000000,
        "comprehensiveincomenetoftaxattributabletononcontrollinginterest": 28000000,
        "comprehensiveincomenetoftax": 3637000000
    },
    {
        "date": "2022-12-30",
        "symbol": "PG",
        "period": "Q2",
        "revenues": 175000000,
        "costofgoodsandservicessold": 10897000000,
        "sellinggeneralandadministrativeexpense": 5091000000,
        "operatingincomeloss": 4785000000,
        "interestexpense": 171000000,
        "investmentincomeinterest": 66000000,
        "othernonoperatingincomeexpense": 155000000,
        "incomelossfromcontinuingoperationsbeforeincometaxes": -343000000,
        "incometaxexpensebenefit": 876000000,
        "profitloss": 26000000,
        "netincomelossattributabletononcontrollinginterest": 26000000,
        "netincomeloss": 3933000000,
        "earningspersharebasic": 1.63,
        "earningspersharediluted": 1.59,
        "weightedaveragenumberofdilutedsharesoutstanding": 2481200000,
        "othercomprehensiveincomelossforeigncurrencytransactionandtranslationadjustmentnetoftax": 379000000,
        "othercomprehensiveincomelossavailableforsalesecuritiesadjustmentnetoftax": -1000000,
        "othercomprehensiveincomelosspensionandotherpostretirementbenefitplansadjustmentnetoftax": 76000000,
        "othercomprehensiveincomelossnetoftax": -3000000,
        "comprehensiveincomenetoftaxincludingportionattributabletononcontrollinginterest": 4261000000,
        "comprehensiveincomenetoftaxattributabletononcontrollinginterest": 23000000,
        "comprehensiveincomenetoftax": 4238000000
    },
    {
        "date": "2022-09-29",
        "symbol": "PG",
        "period": "Q1",
        "revenues": 253000000,
        "costofgoodsandservicessold": 10846000000,
        "sellinggeneralandadministrativeexpense": 4827000000,
        "operatingincomeloss": 4939000000,
        "interestexpense": 123000000,
        "investmentincomeinterest": 42000000,
        "othernonoperatingincomeexpense": 139000000,
        "incomelossfromcontinuingoperationsbeforeincometaxes": -175000000,
        "incometaxexpensebenefit": 1034000000,
        "profitloss": 24000000,
        "netincomelossattributabletononcontrollinginterest": 24000000,
        "netincomeloss": 3939000000,
        "earningspersharebasic": 1.62,
        "earningspersharediluted": 1.57,
        "weightedaveragenumberofdilutedsharesoutstanding": 2503600000,
        "othercomprehensiveincomelossforeigncurrencytransactionandtranslationadjustmentnetoftax": -712000000,
        "othercomprehensiveincomelossavailableforsalesecuritiesadjustmentnetoftax": -2000000,
        "othercomprehensiveincomelosspensionandotherpostretirementbenefitplansadjustmentnetoftax": -87000000,
        "othercomprehensiveincomelossnetoftax": -712000000,
        "comprehensiveincomenetoftaxincludingportionattributabletononcontrollinginterest": 3336000000,
        "comprehensiveincomenetoftaxattributabletononcontrollinginterest": 19000000,
        "comprehensiveincomenetoftax": 3317000000
    },
    {
        "date": "2022-06-29",
        "symbol": "PG",
        "period": "Q4",
        "revenues": 239000000,
        "costofgoodsandservicessold": 10802000000,
        "sellinggeneralandadministrativeexpense": 5115000000,
        "operatingincomeloss": 3598000000,
        "interestexpense": 115000000,
        "investmentincomeinterest": 21000000,
        "othernonoperatingincomeexpense": 146000000,
        "incomelossfromcontinuingoperationsbeforeincometaxes": -223000000,
        "incometaxexpensebenefit": 592000000,
        "profitloss": 6000000,
        "netincomelossattributabletononcontrollinginterest": 6000000,
        "netincomeloss": 3052000000,
        "earningspersharebasic": 1.2400000000000004,
        "earningspersharediluted": 1.22,
        "othercomprehensiveincomelossforeigncurrencytransactionandtranslationadjustmentnetoftax": -767000000,
        "othercomprehensiveincomelosspensionandotherpostretirementbenefitplansadjustmentnetoftax": -2024000000,
        "othercomprehensiveincomelossnetoftax": -767000000,
        "comprehensiveincomenetoftaxincludingportionattributabletononcontrollinginterest": 4313000000,
        "comprehensiveincomenetoftaxattributabletononcontrollinginterest": 2000000,
        "comprehensiveincomenetoftax": 4311000000
    },
    {
        "date": "2022-03-30",
        "symbol": "PG",
        "period": "Q3",
        "revenues": 215000000,
        "costofgoodsandservicessold": 10326000000,
        "sellinggeneralandadministrativeexpense": 5031000000,
        "operatingincomeloss": 4024000000,
        "interestexpense": 109000000,
        "investmentincomeinterest": 9000000,
        "othernonoperatingincomeexpense": 147000000,
        "incomelossfromcontinuingoperationsbeforeincometaxes": -65000000,
        "incometaxexpensebenefit": 704000000,
        "profitloss": 12000000,
        "netincomelossattributabletononcontrollinginterest": 12000000,
        "netincomeloss": 3355000000,
        "earningspersharebasic": 1.3800000000000001,
        "earningspersharediluted": 1.3199999999999996,
        "weightedaveragenumberofdilutedsharesoutstanding": -2558700000,
        "othercomprehensiveincomelossforeigncurrencytransactionandtranslationadjustmentnetoftax": 23000000,
        "othercomprehensiveincomelossavailableforsalesecuritiesadjustmentnetoftax": 0,
        "othercomprehensiveincomelosspensionandotherpostretirementbenefitplansadjustmentnetoftax": -373000000,
        "othercomprehensiveincomelossnetoftax": -716000000,
        "comprehensiveincomenetoftaxincludingportionattributabletononcontrollinginterest": 3479000000,
        "comprehensiveincomenetoftaxattributabletononcontrollinginterest": 8000000,
        "comprehensiveincomenetoftax": 3471000000
    },
    {
        "date": "2021-12-30",
        "symbol": "PG",
        "period": "Q2",
        "revenues": 152000000,
        "costofgoodsandservicessold": 10664000000,
        "sellinggeneralandadministrativeexpense": 5121000000,
        "operatingincomeloss": 5168000000,
        "interestexpense": 106000000,
        "investmentincomeinterest": 10000000,
        "othernonoperatingincomeexpense": 167000000,
        "incomelossfromcontinuingoperationsbeforeincometaxes": -71000000,
        "incometaxexpensebenefit": 997000000,
        "profitloss": 19000000,
        "netincomelossattributabletononcontrollinginterest": 19000000,
        "netincomeloss": 4223000000,
        "earningspersharebasic": 1.72,
        "earningspersharediluted": 1.66,
        "weightedaveragenumberofdilutedsharesoutstanding": 2544200000,
        "othercomprehensiveincomelossforeigncurrencytransactionandtranslationadjustmentnetoftax": -241000000,
        "othercomprehensiveincomelossavailableforsalesecuritiesadjustmentnetoftax": 2000000,
        "othercomprehensiveincomelosspensionandotherpostretirementbenefitplansadjustmentnetoftax": -737000000,
        "othercomprehensiveincomelossnetoftax": 498000000,
        "comprehensiveincomenetoftaxincludingportionattributabletononcontrollinginterest": 4740000000,
        "comprehensiveincomenetoftaxattributabletononcontrollinginterest": 19000000,
        "comprehensiveincomenetoftax": 4721000000
    },
    {
        "date": "2021-09-29",
        "symbol": "PG",
        "period": "Q1",
        "revenues": 138000000,
        "costofgoodsandservicessold": 10365000000,
        "sellinggeneralandadministrativeexpense": 4950000000,
        "operatingincomeloss": 5023000000,
        "interestexpense": 109000000,
        "investmentincomeinterest": 11000000,
        "othernonoperatingincomeexpense": 110000000,
        "incomelossfromcontinuingoperationsbeforeincometaxes": -41000000,
        "incometaxexpensebenefit": 909000000,
        "profitloss": 14000000,
        "netincomelossattributabletononcontrollinginterest": 14000000,
        "netincomeloss": 4112000000,
        "earningspersharebasic": 1.66,
        "earningspersharediluted": 1.61,
        "weightedaveragenumberofdilutedsharesoutstanding": 2558900000,
        "othercomprehensiveincomelossforeigncurrencytransactionandtranslationadjustmentnetoftax": -465000000,
        "othercomprehensiveincomelossavailableforsalesecuritiesadjustmentnetoftax": 5000000,
        "othercomprehensiveincomelosspensionandotherpostretirementbenefitplansadjustmentnetoftax": 142000000,
        "othercomprehensiveincomelossnetoftax": -465000000,
        "comprehensiveincomenetoftaxincludingportionattributabletononcontrollinginterest": 3808000000,
        "comprehensiveincomenetoftaxattributabletononcontrollinginterest": 14000000,
        "comprehensiveincomenetoftax": 3794000000
    },
    {
        "date": "2021-06-29",
        "symbol": "PG",
        "period": "Q4",
        "revenues": 18946000000,
        "costofgoodsandservicessold": 9791000000,
        "sellinggeneralandadministrativeexpense": 5615000000,
        "operatingincomeloss": 3540000000,
        "interestexpense": 117000000,
        "investmentincomeinterest": 15000000,
        "othernonoperatingincomeexpense": 126000000,
        "incomelossfromcontinuingoperationsbeforeincometaxes": 3564000000,
        "incometaxexpensebenefit": 656000000,
        "profitloss": 2908000000,
        "netincomelossattributabletononcontrollinginterest": 2000000,
        "earningspersharebasic": 1.1700000000000004,
        "earningspersharediluted": 1.1400000000000006,
        "othercomprehensiveincomelossforeigncurrencytransactionandtranslationadjustmentnetoftax": 384000000,
        "othercomprehensiveincomelossavailableforsalesecuritiesadjustmentnetoftax": -3000000,
        "othercomprehensiveincomelosspensionandotherpostretirementbenefitplansadjustmentnetoftax": -1362000000,
        "othercomprehensiveincomelossnetoftax": 1743000000,
        "comprehensiveincomenetoftaxincludingportionattributabletononcontrollinginterest": 4651000000,
        "comprehensiveincomenetoftaxattributabletononcontrollinginterest": 0,
        "comprehensiveincomenetoftax": 4651000000
    },
    {
        "date": "2021-03-30",
        "symbol": "PG",
        "period": "Q3",
        "revenues": 18109000000,
        "costofgoodsandservicessold": 8922000000,
        "sellinggeneralandadministrativeexpense": 5402000000,
        "operatingincomeloss": 3785000000,
        "interestexpense": 106000000,
        "investmentincomeinterest": 11000000,
        "othernonoperatingincomeexpense": 187000000,
        "incomelossfromcontinuingoperationsbeforeincometaxes": 3877000000,
        "incometaxexpensebenefit": 628000000,
        "profitloss": 3249000000,
        "netincomelossattributabletononcontrollinginterest": -20000000,
        "netincomeloss": 3269000000,
        "earningspersharebasic": 1.3,
        "earningspersharediluted": 1.26,
        "weightedaveragenumberofdilutedsharesoutstanding": 2590300000,
        "othercomprehensiveincomelossforeigncurrencytransactionandtranslationadjustmentnetoftax": -598000000,
        "othercomprehensiveincomelossavailableforsalesecuritiesadjustmentnetoftax": 5000000,
        "othercomprehensiveincomelosspensionandotherpostretirementbenefitplansadjustmentnetoftax": -194000000,
        "othercomprehensiveincomelossnetoftax": -399000000,
        "comprehensiveincomenetoftaxincludingportionattributabletononcontrollinginterest": 2850000000,
        "comprehensiveincomenetoftaxattributabletononcontrollinginterest": -21000000,
        "comprehensiveincomenetoftax": 2871000000
    },
    {
        "date": "2020-12-30",
        "symbol": "PG",
        "period": "Q2",
        "revenues": 19745000000,
        "costofgoodsandservicessold": 9253000000,
        "sellinggeneralandadministrativeexpense": 5112000000,
        "operatingincomeloss": 5380000000,
        "interestexpense": 143000000,
        "investmentincomeinterest": 9000000,
        "othernonoperatingincomeexpense": -369000000,
        "incomelossfromcontinuingoperationsbeforeincometaxes": 4877000000,
        "incometaxexpensebenefit": 990000000,
        "profitloss": 3887000000,
        "netincomelossattributabletononcontrollinginterest": 33000000,
        "netincomeloss": 3854000000,
        "earningspersharebasic": 1.53,
        "earningspersharediluted": 1.47,
        "weightedaveragenumberofdilutedsharesoutstanding": 2615400000,
        "othercomprehensiveincomelossforeigncurrencytransactionandtranslationadjustmentnetoftax": 885000000,
        "othercomprehensiveincomelossavailableforsalesecuritiesadjustmentnetoftax": 8000000,
        "othercomprehensiveincomelosspensionandotherpostretirementbenefitplansadjustmentnetoftax": 101000000,
        "othercomprehensiveincomelossnetoftax": 792000000,
        "comprehensiveincomenetoftaxincludingportionattributabletononcontrollinginterest": 4679000000,
        "comprehensiveincomenetoftaxattributabletononcontrollinginterest": 35000000,
        "comprehensiveincomenetoftax": 4644000000
    },
    {
        "date": "2020-09-29",
        "symbol": "PG",
        "period": "Q1",
        "revenues": 19318000000,
        "costofgoodsandservicessold": 9142000000,
        "sellinggeneralandadministrativeexpense": 4895000000,
        "operatingincomeloss": 5281000000,
        "interestexpense": 136000000,
        "investmentincomeinterest": 10000000,
        "othernonoperatingincomeexpense": 142000000,
        "incomelossfromcontinuingoperationsbeforeincometaxes": 5297000000,
        "incometaxexpensebenefit": 989000000,
        "profitloss": 4308000000,
        "netincomelossattributabletononcontrollinginterest": 31000000,
        "earningspersharebasic": 1.69,
        "earningspersharediluted": 1.63,
        "weightedaveragenumberofdilutedsharesoutstanding": 2625300000,
        "othercomprehensiveincomelossforeigncurrencytransactionandtranslationadjustmentnetoftax": 352000000,
        "othercomprehensiveincomelossavailableforsalesecuritiesadjustmentnetoftax": 6000000,
        "othercomprehensiveincomelosspensionandotherpostretirementbenefitplansadjustmentnetoftax": 69000000,
        "othercomprehensiveincomelossnetoftax": 289000000,
        "comprehensiveincomenetoftaxincludingportionattributabletononcontrollinginterest": 4597000000,
        "comprehensiveincomenetoftaxattributabletononcontrollinginterest": 36000000,
        "comprehensiveincomenetoftax": 4561000000
    },
    {
        "date": "2020-06-29",
        "symbol": "PG",
        "period": "Q4",
        "revenues": 17698000000,
        "costofgoodsandservicessold": 8942000000,
        "sellinggeneralandadministrativeexpense": 5275000000,
        "operatingincomeloss": 3481000000,
        "interestexpense": 157000000,
        "investmentincomeinterest": 22000000,
        "othernonoperatingincomeexpense": 115000000,
        "incomelossfromcontinuingoperationsbeforeincometaxes": 3461000000,
        "incometaxexpensebenefit": 675000000,
        "profitloss": 2786000000,
        "netincomelossattributabletononcontrollinginterest": -14000000,
        "netincomeloss": 2800000000,
        "earningspersharebasic": 1.0999999999999999,
        "earningspersharediluted": 1.0699999999999996,
        "othercomprehensiveincomelossforeigncurrencytransactionandtranslationadjustmentnetoftax": 229000000,
        "othercomprehensiveincomelossavailableforsalesecuritiesadjustmentnetoftax": 0,
        "othercomprehensiveincomelosspensionandotherpostretirementbenefitplansadjustmentnetoftax": 177000000,
        "othercomprehensiveincomelossnetoftax": -248000000,
        "comprehensiveincomenetoftaxincludingportionattributabletononcontrollinginterest": 2538000000,
        "comprehensiveincomenetoftaxattributabletononcontrollinginterest": -13000000,
        "comprehensiveincomenetoftax": 2551000000
    },
    {
        "date": "2020-03-30",
        "symbol": "PG",
        "period": "Q3",
        "revenues": 17214000000,
        "costofgoodsandservicessold": 8716000000,
        "sellinggeneralandadministrativeexpense": 5045000000,
        "operatingincomeloss": 3453000000,
        "interestexpense": 100000000,
        "investmentincomeinterest": 39000000,
        "othernonoperatingincomeexpense": 106000000,
        "incomelossfromcontinuingoperationsbeforeincometaxes": 3498000000,
        "incometaxexpensebenefit": 541000000,
        "profitloss": 2957000000,
        "netincomelossattributabletononcontrollinginterest": 40000000,
        "netincomeloss": 2917000000,
        "earningspersharebasic": 1.15,
        "earningspersharediluted": 1.12,
        "weightedaveragenumberofdilutedsharesoutstanding": 2613300000,
        "othercomprehensiveincomelossforeigncurrencytransactionandtranslationadjustmentnetoftax": -1164000000,
        "othercomprehensiveincomelossavailableforsalesecuritiesadjustmentnetoftax": -6000000,
        "othercomprehensiveincomelosspensionandotherpostretirementbenefitplansadjustmentnetoftax": -185000000,
        "othercomprehensiveincomelossnetoftax": -985000000,
        "comprehensiveincomenetoftaxincludingportionattributabletononcontrollinginterest": 1972000000,
        "comprehensiveincomenetoftaxattributabletononcontrollinginterest": 29000000,
        "comprehensiveincomenetoftax": 1943000000
    },
    {
        "date": "2019-12-30",
        "symbol": "PG",
        "period": "Q2",
        "revenues": 18240000000,
        "costofgoodsandservicessold": 8869000000,
        "sellinggeneralandadministrativeexpense": 4889000000,
        "operatingincomeloss": 4482000000,
        "interestexpense": 100000000,
        "investmentincomeinterest": 36000000,
        "othernonoperatingincomeexpense": 114000000,
        "incomelossfromcontinuingoperationsbeforeincometaxes": 4532000000,
        "incometaxexpensebenefit": 789000000,
        "profitloss": 3743000000,
        "netincomelossattributabletononcontrollinginterest": 26000000,
        "netincomeloss": 3717000000,
        "earningspersharebasic": 1.47,
        "earningspersharediluted": 1.41,
        "weightedaveragenumberofdilutedsharesoutstanding": 2630100000,
        "othercomprehensiveincomelossforeigncurrencytransactionandtranslationadjustmentnetoftax": 392000000,
        "othercomprehensiveincomelossavailableforsalesecuritiesadjustmentnetoftax": -1000000,
        "othercomprehensiveincomelosspensionandotherpostretirementbenefitplansadjustmentnetoftax": 37000000,
        "othercomprehensiveincomelossnetoftax": 354000000,
        "comprehensiveincomenetoftaxincludingportionattributabletononcontrollinginterest": 4097000000,
        "comprehensiveincomenetoftaxattributabletononcontrollinginterest": 24000000,
        "comprehensiveincomenetoftax": 4073000000
    },
    {
        "date": "2019-09-29",
        "symbol": "PG",
        "period": "Q1",
        "profitloss": 3617000000,
        "othercomprehensiveincomelossforeigncurrencytransactionandtranslationadjustmentnetoftax": -540000000,
        "othercomprehensiveincomelossavailableforsalesecuritiesadjustmentnetoftax": -5000000,
        "othercomprehensiveincomelosspensionandotherpostretirementbenefitplansadjustmentnetoftax": -179000000,
        "othercomprehensiveincomelossnetoftax": -366000000,
        "comprehensiveincomenetoftaxincludingportionattributabletononcontrollinginterest": 3251000000,
        "comprehensiveincomenetoftaxattributabletononcontrollinginterest": 20000000,
        "comprehensiveincomenetoftax": 3231000000,
        "revenues": 17798000000,
        "costofgoodsandservicessold": 8723000000,
        "sellinggeneralandadministrativeexpense": 4785000000,
        "operatingincomeloss": 4290000000,
        "interestexpense": 108000000,
        "investmentincomeinterest": 58000000,
        "othernonoperatingincomeexpense": 103000000,
        "incomelossfromcontinuingoperationsbeforeincometaxes": 4343000000,
        "incometaxexpensebenefit": 726000000,
        "netincomelossattributabletononcontrollinginterest": 24000000,
        "netincomeloss": 3593000000,
        "earningspersharebasic": 1.41,
        "earningspersharediluted": 1.36,
        "weightedaveragenumberofdilutedsharesoutstanding": 2647500000
    },
    {
        "date": "2019-06-29",
        "symbol": "PG",
        "period": "Q4",
        "profitloss": -5237000000,
        "othercomprehensiveincomelossforeigncurrencytransactionandtranslationadjustmentnetoftax": 500000000,
        "othercomprehensiveincomelossavailableforsalesecuritiesadjustmentnetoftax": 77000000,
        "othercomprehensiveincomelosspensionandotherpostretirementbenefitplansadjustmentnetoftax": 145000000,
        "othercomprehensiveincomelossnetoftax": 221000000,
        "comprehensiveincomenetoftaxincludingportionattributabletononcontrollinginterest": -5204000000,
        "comprehensiveincomenetoftaxattributabletononcontrollinginterest": 5000000,
        "comprehensiveincomenetoftax": -5209000000,
        "revenues": 33433000000,
        "costofgoodsandservicessold": 8938000000,
        "sellinggeneralandadministrativeexpense": 5003000000,
        "operatingincomeloss": -5192000000,
        "interestexpense": 111000000,
        "investmentincomeinterest": 52000000,
        "othernonoperatingincomeexpense": 186000000,
        "incomelossfromcontinuingoperationsbeforeincometaxes": -1624000000,
        "incometaxexpensebenefit": 172000000,
        "netincomelossattributabletononcontrollinginterest": 4000000,
        "netincomeloss": -5241000000,
        "earningspersharebasic": -2.13,
        "earningspersharediluted": -2.05
    },
    {
        "date": "2019-03-30",
        "symbol": "PG",
        "period": "Q3",
        "profitloss": 2776000000,
        "othercomprehensiveincomelossforeigncurrencytransactionandtranslationadjustmentnetoftax": -127000000,
        "othercomprehensiveincomelossderivativesqualifyingashedgesnetoftax": 200000000,
        "othercomprehensiveincomelossavailableforsalesecuritiesadjustmentnetoftax": 54000000,
        "othercomprehensiveincomelosspensionandotherpostretirementbenefitplansadjustmentnetoftax": -64000000,
        "othercomprehensiveincomelossnetoftax": 3000000,
        "comprehensiveincomenetoftaxincludingportionattributabletononcontrollinginterest": 2967000000,
        "comprehensiveincomenetoftaxattributabletononcontrollinginterest": 34000000,
        "comprehensiveincomenetoftax": 2933000000,
        "revenues": 123000000,
        "costofgoodsandservicessold": 8427000000,
        "sellinggeneralandadministrativeexpense": 4806000000,
        "operatingincomeloss": 3229000000,
        "interestexpense": 131000000,
        "investmentincomeinterest": 52000000,
        "othernonoperatingincomeexpense": 128000000,
        "incomelossfromcontinuingoperationsbeforeincometaxes": -163000000,
        "incometaxexpensebenefit": 502000000,
        "netincomelossattributabletononcontrollinginterest": 31000000,
        "netincomeloss": 2745000000,
        "earningspersharebasic": 1.07,
        "earningspersharediluted": 1.04,
        "weightedaveragenumberofdilutedsharesoutstanding": 2637700000
    },
    {
        "date": "2018-12-30",
        "symbol": "PG",
        "period": "Q2",
        "profitloss": 3216000000,
        "othercomprehensiveincomelossforeigncurrencytransactionandtranslationadjustmentnetoftax": -370000000,
        "othercomprehensiveincomelossderivativesqualifyingashedgesnetoftax": 192000000,
        "othercomprehensiveincomelossavailableforsalesecuritiesadjustmentnetoftax": 58000000,
        "othercomprehensiveincomelosspensionandotherpostretirementbenefitplansadjustmentnetoftax": -98000000,
        "othercomprehensiveincomelossnetoftax": -22000000,
        "comprehensiveincomenetoftaxincludingportionattributabletononcontrollinginterest": 3194000000,
        "comprehensiveincomenetoftaxattributabletononcontrollinginterest": 23000000,
        "comprehensiveincomenetoftax": 3171000000,
        "revenues": 17438000000,
        "costofgoodsandservicessold": 8919000000,
        "sellinggeneralandadministrativeexpense": 4623000000,
        "operatingincomeloss": 3896000000,
        "interestexpense": 138000000,
        "investmentincomeinterest": 63000000,
        "othernonoperatingincomeexpense": 95000000,
        "incomelossfromcontinuingoperationsbeforeincometaxes": 3916000000,
        "incometaxexpensebenefit": 700000000,
        "netincomelossattributabletononcontrollinginterest": 22000000,
        "netincomeloss": 3194000000,
        "earningspersharebasic": 1.25,
        "earningspersharediluted": 1.22,
        "weightedaveragenumberofdilutedsharesoutstanding": 2623000000
    },
    {
        "date": "2018-09-29",
        "symbol": "PG",
        "period": "Q1",
        "profitloss": 3211000000,
        "othercomprehensiveincomelossforeigncurrencytransactionandtranslationadjustmentnetoftax": -216000000,
        "othercomprehensiveincomelossderivativesqualifyingashedgesnetoftax": 7000000,
        "othercomprehensiveincomelossavailableforsalesecuritiesadjustmentnetoftax": -5000000,
        "othercomprehensiveincomelosspensionandotherpostretirementbenefitplansadjustmentnetoftax": -152000000,
        "othercomprehensiveincomelossnetoftax": -62000000,
        "comprehensiveincomenetoftaxincludingportionattributabletononcontrollinginterest": 3149000000,
        "comprehensiveincomenetoftaxattributabletononcontrollinginterest": 8000000,
        "comprehensiveincomenetoftax": 3141000000,
        "revenues": 16690000000,
        "costofgoodsandservicessold": 8484000000,
        "sellinggeneralandadministrativeexpense": 4652000000,
        "operatingincomeloss": 3554000000,
        "interestexpense": 129000000,
        "investmentincomeinterest": 53000000,
        "othernonoperatingincomeexpense": 462000000,
        "incomelossfromcontinuingoperationsbeforeincometaxes": 3940000000,
        "incometaxexpensebenefit": 729000000,
        "netincomelossattributabletononcontrollinginterest": 12000000,
        "netincomeloss": 3199000000,
        "earningspersharebasic": 1.26,
        "earningspersharediluted": 1.22,
        "commonstockdividendspersharecashpaid": 0.7172,
        "weightedaveragenumberofdilutedsharesoutstanding": 2612100000
    },
    {
        "date": "2018-06-29",
        "symbol": "PG",
        "period": "Q4",
        "profitloss": 1890000000,
        "othercomprehensiveincomelossforeigncurrencytransactionandtranslationadjustmentnetoftax": -1959000000,
        "othercomprehensiveincomelossderivativesqualifyingashedgesnetoftax": 889000000,
        "othercomprehensiveincomelossavailableforsalesecuritiesadjustmentnetoftax": -13000000,
        "othercomprehensiveincomelosspensionandotherpostretirementbenefitplansadjustmentnetoftax": -223000000,
        "othercomprehensiveincomelossnetoftax": -860000000,
        "comprehensiveincomenetoftaxincludingportionattributabletononcontrollinginterest": 1030000000,
        "comprehensiveincomenetoftaxattributabletononcontrollinginterest": -3000000,
        "comprehensiveincomenetoftax": 1033000000,
        "salesrevenuenet": 16503000000,
        "costofgoodssold": 9029000000,
        "sellinggeneralandadministrativeexpense": 4797000000,
        "operatingincomeloss": 2677000000,
        "interestexpense": 136000000,
        "investmentincomeinterest": 63000000,
        "othernonoperatingincomeexpense": -315000000,
        "incomelossfromcontinuingoperationsbeforeincometaxes": 2289000000,
        "incometaxexpensebenefit": 399000000,
        "incomelossfromcontinuingoperationsincludingportionattributabletononcontrollinginterest": 1890000000,
        "netincomelossattributabletononcontrollinginterest": -1000000,
        "netincomeloss": 1891000000,
        "incomelossfromcontinuingoperationsperbasicshare": 0.7300000000000002,
        "earningspersharebasic": 0.7300000000000002,
        "incomelossfromcontinuingoperationsperdilutedshare": 0.7299999999999995,
        "earningspersharediluted": 0.7299999999999995,
        "commonstockdividendspersharecashpaid": 0.7212000000000001
    },
    {
        "date": "2018-03-30",
        "symbol": "PG",
        "period": "Q3",
        "profitloss": 2540000000,
        "othercomprehensiveincomelossforeigncurrencytransactionandtranslationadjustmentnetoftax": 925000000,
        "othercomprehensiveincomelossderivativesqualifyingashedgesnetoftax": -558000000,
        "othercomprehensiveincomelossavailableforsalesecuritiesadjustmentnetoftax": -70000000,
        "othercomprehensiveincomelosspensionandotherpostretirementbenefitplansadjustmentnetoftax": 17000000,
        "othercomprehensiveincomelossnetoftax": 280000000,
        "comprehensiveincomenetoftaxincludingportionattributabletononcontrollinginterest": 2820000000,
        "comprehensiveincomenetoftaxattributabletononcontrollinginterest": 29000000,
        "comprehensiveincomenetoftax": 2791000000,
        "salesrevenuenet": 16281000000,
        "costofgoodssold": 8343000000,
        "sellinggeneralandadministrativeexpense": 4642000000,
        "operatingincomeloss": 3296000000,
        "interestexpense": 133000000,
        "investmentincomeinterest": 69000000,
        "othernonoperatingincomeexpense": 21000000,
        "incomelossfromcontinuingoperationsbeforeincometaxes": 3253000000,
        "incometaxexpensebenefit": 713000000,
        "incomelossfromcontinuingoperationsincludingportionattributabletononcontrollinginterest": 2540000000,
        "netincomelossattributabletononcontrollinginterest": 29000000,
        "netincomeloss": 2511000000,
        "incomelossfromcontinuingoperationsperbasicshare": 0.97,
        "earningspersharebasic": 0.97,
        "incomelossfromcontinuingoperationsperdilutedshare": 0.95,
        "earningspersharediluted": 0.95,
        "commonstockdividendspersharecashpaid": 0.6896,
        "weightedaveragenumberofdilutedsharesoutstanding": 2645600000
    },
    {
        "date": "2017-12-30",
        "symbol": "PG",
        "period": "Q2",
        "profitloss": 2561000000,
        "othercomprehensiveincomelossforeigncurrencytransactionandtranslationadjustmentnetoftax": 188000000,
        "othercomprehensiveincomelossderivativesqualifyingashedgesnetoftax": -167000000,
        "othercomprehensiveincomelossavailableforsalesecuritiesadjustmentnetoftax": -61000000,
        "othercomprehensiveincomelosspensionandotherpostretirementbenefitplansadjustmentnetoftax": -161000000,
        "othercomprehensiveincomelossnetoftax": 121000000,
        "comprehensiveincomenetoftaxincludingportionattributabletononcontrollinginterest": 2682000000,
        "comprehensiveincomenetoftaxattributabletononcontrollinginterest": 66000000,
        "comprehensiveincomenetoftax": 2616000000,
        "salesrevenuenet": 17395000000,
        "costofgoodssold": 8667000000,
        "sellinggeneralandadministrativeexpense": 4725000000,
        "operatingincomeloss": 4003000000,
        "interestexpense": 122000000,
        "investmentincomeinterest": 66000000,
        "othernonoperatingincomeexpense": 86000000,
        "incomelossfromcontinuingoperationsbeforeincometaxes": 4033000000,
        "incometaxexpensebenefit": 1472000000,
        "incomelossfromcontinuingoperationsincludingportionattributabletononcontrollinginterest": 2561000000,
        "netincomelossattributabletononcontrollinginterest": 66000000,
        "netincomeloss": 2495000000,
        "incomelossfromcontinuingoperationsperbasicshare": 0.96,
        "earningspersharebasic": 0.96,
        "incomelossfromcontinuingoperationsperdilutedshare": 0.93,
        "earningspersharediluted": 0.93,
        "commonstockdividendspersharecashpaid": 0.6896,
        "weightedaveragenumberofdilutedsharesoutstanding": 2669600000
    },
    {
        "date": "2017-09-29",
        "symbol": "PG",
        "period": "Q1",
        "profitloss": 2870000000,
        "othercomprehensiveincomelossforeigncurrencytransactionandtranslationadjustmentnetoftax": 840000000,
        "othercomprehensiveincomelossderivativesqualifyingashedgesnetoftax": -463000000,
        "othercomprehensiveincomelossavailableforsalesecuritiesadjustmentnetoftax": -4000000,
        "othercomprehensiveincomelosspensionandotherpostretirementbenefitplansadjustmentnetoftax": 33000000,
        "othercomprehensiveincomelossnetoftax": 340000000,
        "comprehensiveincomenetoftaxincludingportionattributabletononcontrollinginterest": 3210000000,
        "comprehensiveincomenetoftaxattributabletononcontrollinginterest": 17000000,
        "comprehensiveincomenetoftax": 3193000000,
        "salesrevenuenet": 16653000000,
        "costofgoodssold": 8229000000,
        "sellinggeneralandadministrativeexpense": 4689000000,
        "operatingincomeloss": 3735000000,
        "interestexpense": 115000000,
        "investmentincomeinterest": 49000000,
        "othernonoperatingincomeexpense": 82000000,
        "incomelossfromcontinuingoperationsbeforeincometaxes": 3751000000,
        "incometaxexpensebenefit": 881000000,
        "incomelossfromcontinuingoperationsincludingportionattributabletononcontrollinginterest": 2870000000,
        "netincomelossattributabletononcontrollinginterest": 17000000,
        "netincomeloss": 2853000000,
        "incomelossfromcontinuingoperationsperbasicshare": 1.09,
        "earningspersharebasic": 1.09,
        "incomelossfromcontinuingoperationsperdilutedshare": 1.06,
        "earningspersharediluted": 1.06,
        "commonstockdividendspersharecashpaid": 0.6896,
        "weightedaveragenumberofdilutedsharesoutstanding": 2690600000
    },
    {
        "date": "2017-03-30",
        "symbol": "PG",
        "period": "Q3",
        "profitloss": -2875000000,
        "othercomprehensiveincomelossforeigncurrencytransactionandtranslationadjustmentnetoftax": 726000000,
        "othercomprehensiveincomelossderivativesqualifyingashedgesnetoftax": -192000000,
        "othercomprehensiveincomelossavailableforsalesecuritiesadjustmentnetoftax": 4000000,
        "othercomprehensiveincomelosspensionandotherpostretirementbenefitplansadjustmentnetoftax": -29000000,
        "othercomprehensiveincomelossnetoftax": 528000000,
        "comprehensiveincomenetoftaxincludingportionattributabletononcontrollinginterest": 3123000000,
        "comprehensiveincomenetoftaxattributabletononcontrollinginterest": 34000000,
        "comprehensiveincomenetoftax": 3089000000,
        "salesrevenuenet": -16276000000,
        "costofgoodssold": 7836000000,
        "sellinggeneralandadministrativeexpense": 4409000000,
        "operatingincomeloss": 3360000000,
        "interestexpense": 96000000,
        "investmentincomeinterest": 46000000,
        "othernonoperatingincomeexpense": 26000000,
        "incomelossfromcontinuingoperationsbeforeincometaxes": -3946000000,
        "incometaxexpensebenefit": 780000000,
        "incomelossfromcontinuingoperationsincludingportionattributabletononcontrollinginterest": -2389000000,
        "incomelossfromdiscontinuedoperationsnetoftax": 0,
        "netincomelossattributabletononcontrollinginterest": 34000000,
        "netincomeloss": 2522000000,
        "incomelossfromcontinuingoperationsperbasicshare": 0.9600000000000002,
        "discontinuedoperationincomelossfromdiscontinuedoperationnetoftaxperbasicshare": -0.009999999999999822,
        "earningspersharebasic": -1.0399999999999998,
        "incomelossfromcontinuingoperationsperdilutedshare": 0.94,
        "discontinuedoperationincomelossfromdiscontinuedoperationnetoftaxperdilutedshare": -0.020000000000000052,
        "earningspersharediluted": -1.02,
        "commonstockdividendspersharecashpaid": 0.6690000000000002,
        "weightedaveragenumberofdilutedsharesoutstanding": -2805100000
    },
    {
        "date": "2016-12-30",
        "symbol": "PG",
        "period": "Q2",
        "profitloss": 5335000000,
        "othercomprehensiveincomelossforeigncurrencytransactionandtranslationadjustmentnetoftax": -1988000000,
        "othercomprehensiveincomelossderivativesqualifyingashedgesnetoftax": 864000000,
        "othercomprehensiveincomelossavailableforsalesecuritiesadjustmentnetoftax": -55000000,
        "othercomprehensiveincomelosspensionandotherpostretirementbenefitplansadjustmentnetoftax": -600000000,
        "othercomprehensiveincomelossnetoftax": -579000000,
        "comprehensiveincomenetoftaxincludingportionattributabletononcontrollinginterest": 7317000000,
        "comprehensiveincomenetoftaxattributabletononcontrollinginterest": 21000000,
        "comprehensiveincomenetoftax": 7296000000,
        "salesrevenuenet": 138000000,
        "costofgoodssold": 8298000000,
        "sellinggeneralandadministrativeexpense": 4683000000,
        "operatingincomeloss": 3875000000,
        "interestexpense": 122000000,
        "investmentincomeinterest": 42000000,
        "othernonoperatingincomeexpense": -539000000,
        "incomelossfromcontinuingoperationsbeforeincometaxes": -843000000,
        "incometaxexpensebenefit": 695000000,
        "incomelossfromcontinuingoperationsincludingportionattributabletononcontrollinginterest": -275000000,
        "incomelossfromdiscontinuedoperationsnetoftax": 5335000000,
        "netincomelossattributabletononcontrollinginterest": 21000000,
        "netincomeloss": 7875000000,
        "incomelossfromcontinuingoperationsperbasicshare": 0.96,
        "discontinuedoperationincomelossfromdiscontinuedoperationnetoftaxperbasicshare": 2.05,
        "earningspersharebasic": 2.05,
        "incomelossfromcontinuingoperationsperdilutedshare": 0.93,
        "discontinuedoperationincomelossfromdiscontinuedoperationnetoftaxperdilutedshare": 1.95,
        "earningspersharediluted": 1.95,
        "commonstockdividendspersharecashpaid": 0.6695,
        "weightedaveragenumberofdilutedsharesoutstanding": 2737600000
    },
    {
        "date": "2016-09-29",
        "symbol": "PG",
        "period": "Q1",
        "profitloss": 2757000000,
        "othercomprehensiveincomelossforeigncurrencytransactionandtranslationadjustmentnetoftax": -1000000,
        "othercomprehensiveincomelossderivativesqualifyingashedgesnetoftax": -115000000,
        "othercomprehensiveincomelossavailableforsalesecuritiesadjustmentnetoftax": -13000000,
        "othercomprehensiveincomelosspensionandotherpostretirementbenefitplansadjustmentnetoftax": -93000000,
        "othercomprehensiveincomelossnetoftax": -13000000,
        "comprehensiveincomenetoftaxincludingportionattributabletononcontrollinginterest": 2721000000,
        "comprehensiveincomenetoftaxattributabletononcontrollinginterest": 43000000,
        "comprehensiveincomenetoftax": 2678000000,
        "salesrevenuenet": 16518000000,
        "costofgoodssold": 8102000000,
        "sellinggeneralandadministrativeexpense": 4645000000,
        "operatingincomeloss": 3771000000,
        "interestexpense": 131000000,
        "investmentincomeinterest": 35000000,
        "othernonoperatingincomeexpense": 63000000,
        "incomelossfromcontinuingoperationsbeforeincometaxes": 3738000000,
        "incometaxexpensebenefit": 863000000,
        "incomelossfromcontinuingoperationsincludingportionattributabletononcontrollinginterest": 2875000000,
        "incomelossfromdiscontinuedoperationsnetoftax": -118000000,
        "netincomelossattributabletononcontrollinginterest": 43000000,
        "netincomeloss": 2714000000,
        "incomelossfromcontinuingoperationsperbasicshare": 1.03,
        "discontinuedoperationincomelossfromdiscontinuedoperationnetoftaxperbasicshare": -0.04,
        "earningspersharebasic": 0.99,
        "incomelossfromcontinuingoperationsperdilutedshare": 1,
        "discontinuedoperationincomelossfromdiscontinuedoperationnetoftaxperdilutedshare": -0.04,
        "earningspersharediluted": 0.96,
        "commonstockdividendspersharecashpaid": 0.67,
        "weightedaveragenumberofdilutedsharesoutstanding": 2822900000
    },
    {
        "date": "2016-06-29",
        "symbol": "PG",
        "period": "Q4",
        "profitloss": -2827000000,
        "othercomprehensiveincomelossforeigncurrencytransactionandtranslationadjustmentnetoftax": -742000000,
        "othercomprehensiveincomelossderivativesqualifyingashedgesnetoftax": 173000000,
        "othercomprehensiveincomelossavailableforsalesecuritiesadjustmentnetoftax": 12000000,
        "othercomprehensiveincomelosspensionandotherpostretirementbenefitplansadjustmentnetoftax": 1708000000,
        "othercomprehensiveincomelossnetoftax": -3322000000,
        "comprehensiveincomenetoftaxincludingportionattributabletononcontrollinginterest": -307000000,
        "comprehensiveincomenetoftaxattributabletononcontrollinginterest": 7000000,
        "comprehensiveincomenetoftax": -314000000,
        "salesrevenuenet": 10256000000,
        "costofgoodssold": 8382000000,
        "sellinggeneralandadministrativeexpense": 5218000000,
        "operatingincomeloss": 2502000000,
        "interestexpense": 150000000,
        "investmentincomeinterest": 47000000,
        "othernonoperatingincomeexpense": 287000000,
        "incomelossfromcontinuingoperationsbeforeincometaxes": -4454000000,
        "incometaxexpensebenefit": 678000000,
        "incomelossfromcontinuingoperationsincludingportionattributabletononcontrollinginterest": -2942000000,
        "incomelossfromdiscontinuedoperationsnetoftax": -50000000,
        "netincomelossattributabletononcontrollinginterest": 39000000,
        "netincomeloss": 1951000000,
        "incomelossfromcontinuingoperationsperbasicshare": 0.7399999999999998,
        "earningspersharebasic": -1.01,
        "incomelossfromcontinuingoperationsperdilutedshare": 0.7100000000000002,
        "earningspersharediluted": -0.98,
        "commonstockdividendspersharecashpaid": 0.671
    },
    {
        "date": "2016-03-30",
        "symbol": "PG",
        "period": "Q3",
        "profitloss": 446000000,
        "othercomprehensiveincomelossforeigncurrencytransactionandtranslationadjustmentnetoftax": 1041000000,
        "othercomprehensiveincomelossderivativesqualifyingashedgesnetoftax": -382000000,
        "othercomprehensiveincomelossavailableforsalesecuritiesadjustmentnetoftax": 36000000,
        "othercomprehensiveincomelosspensionandotherpostretirementbenefitplansadjustmentnetoftax": 3000000,
        "othercomprehensiveincomelossnetoftax": 692000000,
        "comprehensiveincomenetoftaxincludingportionattributabletononcontrollinginterest": 3475000000,
        "comprehensiveincomenetoftaxattributabletononcontrollinginterest": 33000000,
        "comprehensiveincomenetoftax": 3442000000,
        "salesrevenuenet": 106000000,
        "costofgoodssold": 7915000000,
        "sellinggeneralandadministrativeexpense": 4522000000,
        "operatingincomeloss": 3318000000,
        "interestexpense": 146000000,
        "investmentincomeinterest": 33000000,
        "othernonoperatingincomeexpense": 21000000,
        "incomelossfromcontinuingoperationsbeforeincometaxes": -251000000,
        "incometaxexpensebenefit": 889000000,
        "incomelossfromcontinuingoperationsincludingportionattributabletononcontrollinginterest": -38000000,
        "incomelossfromdiscontinuedoperationsnetoftax": 446000000,
        "netincomelossattributabletononcontrollinginterest": 1000000,
        "netincomeloss": 2750000000,
        "incomelossfromcontinuingoperationsperbasicshare": 0.83,
        "discontinuedoperationincomelossfromdiscontinuedoperationnetoftaxperbasicshare": 0.17,
        "earningspersharebasic": 0.17,
        "incomelossfromcontinuingoperationsperdilutedshare": 0.81,
        "discontinuedoperationincomelossfromdiscontinuedoperationnetoftaxperdilutedshare": 0.16,
        "earningspersharediluted": 0.16,
        "commonstockdividendspersharecashpaid": 0.663,
        "weightedaveragenumberofdilutedsharesoutstanding": 2835000000
    },
    {
        "date": "2015-12-30",
        "symbol": "PG",
        "period": "Q2",
        "profitloss": 323000000,
        "othercomprehensiveincomelossforeigncurrencytransactionandtranslationadjustmentnetoftax": -955000000,
        "othercomprehensiveincomelossderivativesqualifyingashedgesnetoftax": 252000000,
        "othercomprehensiveincomelossavailableforsalesecuritiesadjustmentnetoftax": -28000000,
        "othercomprehensiveincomelosspensionandotherpostretirementbenefitplansadjustmentnetoftax": -143000000,
        "othercomprehensiveincomelossnetoftax": -588000000,
        "comprehensiveincomenetoftaxincludingportionattributabletononcontrollinginterest": 2640000000,
        "comprehensiveincomenetoftaxattributabletononcontrollinginterest": 22000000,
        "comprehensiveincomenetoftax": 2618000000,
        "salesrevenuenet": 111000000,
        "costofgoodssold": 8460000000,
        "sellinggeneralandadministrativeexpense": 4602000000,
        "operatingincomeloss": 3853000000,
        "interestexpense": 143000000,
        "investmentincomeinterest": 58000000,
        "othernonoperatingincomeexpense": 35000000,
        "incomelossfromcontinuingoperationsbeforeincometaxes": -328000000,
        "incometaxexpensebenefit": 898000000,
        "incomelossfromcontinuingoperationsincludingportionattributabletononcontrollinginterest": 29000000,
        "incomelossfromdiscontinuedoperationsnetoftax": 323000000,
        "netincomelossattributabletononcontrollinginterest": 22000000,
        "netincomeloss": 3206000000,
        "incomelossfromcontinuingoperationsperbasicshare": 1.04,
        "discontinuedoperationincomelossfromdiscontinuedoperationnetoftaxperbasicshare": 0.12,
        "earningspersharebasic": 0.12,
        "incomelossfromcontinuingoperationsperdilutedshare": 1.01,
        "discontinuedoperationincomelossfromdiscontinuedoperationnetoftaxperdilutedshare": 0.11,
        "earningspersharediluted": 0.11,
        "commonstockdividendspersharecashpaid": 0.663,
        "weightedaveragenumberofdilutedsharesoutstanding": 2864600000
    },
    {
        "date": "2015-09-29",
        "symbol": "PG",
        "period": "Q1",
        "profitloss": 2635000000,
        "othercomprehensiveincomelossforeigncurrencytransactionandtranslationadjustmentnetoftax": -1023000000,
        "othercomprehensiveincomelossderivativesqualifyingashedgesnetoftax": -42000000,
        "othercomprehensiveincomelossavailableforsalesecuritiesadjustmentnetoftax": 8000000,
        "othercomprehensiveincomelosspensionandotherpostretirementbenefitplansadjustmentnetoftax": -91000000,
        "othercomprehensiveincomelossnetoftax": 91000000,
        "comprehensiveincomenetoftaxincludingportionattributabletononcontrollinginterest": 1669000000,
        "comprehensiveincomenetoftaxattributabletononcontrollinginterest": 34000000,
        "comprehensiveincomenetoftax": 1635000000,
        "salesrevenuenet": 16527000000,
        "costofgoodssold": 8152000000,
        "sellinggeneralandadministrativeexpense": 4607000000,
        "operatingincomeloss": 3768000000,
        "interestexpense": 140000000,
        "investmentincomeinterest": 44000000,
        "othernonoperatingincomeexpense": -18000000,
        "incomelossfromcontinuingoperationsbeforeincometaxes": 3654000000,
        "incometaxexpensebenefit": 877000000,
        "incomelossfromcontinuingoperationsincludingportionattributabletononcontrollinginterest": 2777000000,
        "incomelossfromdiscontinuedoperationsnetoftax": -142000000,
        "netincomelossattributabletononcontrollinginterest": 34000000,
        "netincomeloss": 2601000000,
        "incomelossfromcontinuingoperationsperbasicshare": 0.98,
        "discontinuedoperationincomelossfromdiscontinuedoperationnetoftaxperbasicshare": -0.05,
        "earningspersharebasic": 0.93,
        "incomelossfromcontinuingoperationsperdilutedshare": 0.96,
        "discontinuedoperationincomelossfromdiscontinuedoperationnetoftaxperdilutedshare": -0.05,
        "earningspersharediluted": 0.91,
        "commonstockdividendspersharecashpaid": 0.663,
        "weightedaveragenumberofdilutedsharesoutstanding": 2867500000
    },
    {
        "date": "2015-06-29",
        "symbol": "PG",
        "period": "Q4",
        "profitloss": -2794000000,
        "othercomprehensiveincomelossforeigncurrencytransactionandtranslationadjustmentnetoftax": 1403000000,
        "othercomprehensiveincomelossderivativesqualifyingashedgesnetoftax": 1095000000,
        "othercomprehensiveincomelossavailableforsalesecuritiesadjustmentnetoftax": -3000000,
        "othercomprehensiveincomelosspensionandotherpostretirementbenefitplansadjustmentnetoftax": -1059000000,
        "othercomprehensiveincomelossnetoftax": 4602000000,
        "comprehensiveincomenetoftaxincludingportionattributabletononcontrollinginterest": 1609000000,
        "comprehensiveincomenetoftaxattributabletononcontrollinginterest": 79000000,
        "comprehensiveincomenetoftax": 1530000000,
        "salesrevenuenet": 23209000000,
        "costofgoodssold": 8914000000,
        "sellinggeneralandadministrativeexpense": 5447000000,
        "operatingincomeloss": 1768000000,
        "interestexpense": 148000000,
        "investmentincomeinterest": 48000000,
        "othernonoperatingincomeexpense": 438000000,
        "incomelossfromcontinuingoperationsbeforeincometaxes": -3300000000,
        "incometaxexpensebenefit": 629000000,
        "incomelossfromcontinuingoperationsincludingportionattributabletononcontrollinginterest": -3832000000,
        "netincomelossattributabletononcontrollinginterest": -83000000,
        "netincomeloss": 521000000,
        "incomelossfromcontinuingoperationsperbasicshare": 0.5200000000000002,
        "earningspersharebasic": -2.11,
        "incomelossfromcontinuingoperationsperdilutedshare": 0.5099999999999999,
        "earningspersharediluted": -2.03,
        "commonstockdividendspersharecashpaid": 0.6579999999999996
    },
    {
        "date": "2015-03-30",
        "symbol": "PG",
        "period": "Q3",
        "profitloss": -287000000,
        "othercomprehensiveincomelossforeigncurrencytransactionandtranslationadjustmentnetoftax": -3696000000,
        "othercomprehensiveincomelossderivativesqualifyingashedgesnetoftax": 10000000,
        "othercomprehensiveincomelossavailableforsalesecuritiesadjustmentnetoftax": 28000000,
        "othercomprehensiveincomelosspensionandotherpostretirementbenefitplansadjustmentnetoftax": 69000000,
        "othercomprehensiveincomelossnetoftax": -2534000000,
        "comprehensiveincomenetoftaxincludingportionattributabletononcontrollinginterest": -346000000,
        "comprehensiveincomenetoftaxattributabletononcontrollinginterest": 35000000,
        "comprehensiveincomenetoftax": -381000000,
        "salesrevenuenet": 122000000,
        "costofgoodssold": 9327000000,
        "sellinggeneralandadministrativeexpense": 5680000000,
        "operatingincomeloss": 3135000000,
        "interestexpense": 149000000,
        "investmentincomeinterest": 38000000,
        "othernonoperatingincomeexpense": 53000000,
        "incomelossfromcontinuingoperationsbeforeincometaxes": -630000000,
        "incometaxexpensebenefit": 602000000,
        "incomelossfromcontinuingoperationsincludingportionattributabletononcontrollinginterest": -85000000,
        "incomelossfromdiscontinuedoperationsnetoftax": -11000000,
        "netincomelossattributabletononcontrollinginterest": 35000000,
        "netincomeloss": 2153000000,
        "incomelossfromcontinuingoperationsperbasicshare": 0.88,
        "discontinuedoperationincomelossfromdiscontinuedoperationnetoftaxperbasicshare": -0.11,
        "earningspersharebasic": -0.11,
        "incomelossfromcontinuingoperationsperdilutedshare": 0.85,
        "discontinuedoperationincomelossfromdiscontinuedoperationnetoftaxperdilutedshare": -0.1,
        "earningspersharediluted": -0.1,
        "commonstockdividendspersharecashpaid": 0.644,
        "weightedaveragenumberofdilutedsharesoutstanding": 2882500000
    },
    {
        "date": "2014-12-30",
        "symbol": "PG",
        "period": "Q2",
        "profitloss": 2398000000,
        "othercomprehensiveincomelossforeigncurrencytransactionandtranslationadjustmentnetoftax": -2091000000,
        "othercomprehensiveincomelossderivativesqualifyingashedgesnetoftax": 66000000,
        "othercomprehensiveincomelossavailableforsalesecuritiesadjustmentnetoftax": 2000000,
        "othercomprehensiveincomelosspensionandotherpostretirementbenefitplansadjustmentnetoftax": 71000000,
        "othercomprehensiveincomelossnetoftax": -1506000000,
        "comprehensiveincomenetoftaxincludingportionattributabletononcontrollinginterest": 892000000,
        "comprehensiveincomenetoftaxattributabletononcontrollinginterest": -18000000,
        "comprehensiveincomenetoftax": 910000000,
        "salesrevenuenet": 112000000,
        "costofgoodssold": 10083000000,
        "sellinggeneralandadministrativeexpense": 6131000000,
        "operatingincomeloss": 3947000000,
        "interestexpense": 160000000,
        "investmentincomeinterest": 34000000,
        "othernonoperatingincomeexpense": 19000000,
        "incomelossfromcontinuingoperationsbeforeincometaxes": -676000000,
        "incometaxexpensebenefit": 865000000,
        "incomelossfromcontinuingoperationsincludingportionattributabletononcontrollinginterest": -267000000,
        "incomelossfromdiscontinuedoperationsnetoftax": 9000000,
        "netincomelossattributabletononcontrollinginterest": 26000000,
        "netincomeloss": 2372000000,
        "incomelossfromcontinuingoperationsperbasicshare": 1.06,
        "discontinuedoperationincomelossfromdiscontinuedoperationnetoftaxperbasicshare": -0.21,
        "earningspersharebasic": 0.85,
        "incomelossfromcontinuingoperationsperdilutedshare": 1.02,
        "discontinuedoperationincomelossfromdiscontinuedoperationnetoftaxperdilutedshare": -0.2,
        "earningspersharediluted": 0.82,
        "commonstockdividendspersharecashpaid": 0.644,
        "weightedaveragenumberofdilutedsharesoutstanding": 2885200000
    },
    {
        "date": "2014-09-29",
        "symbol": "PG",
        "period": "Q1",
        "profitloss": -1103000000,
        "othercomprehensiveincomelossforeigncurrencytransactionandtranslationadjustmentnetoftax": -2836000000,
        "othercomprehensiveincomelossderivativesqualifyingashedgesnetoftax": 63000000,
        "othercomprehensiveincomelossavailableforsalesecuritiesadjustmentnetoftax": -3000000,
        "othercomprehensiveincomelosspensionandotherpostretirementbenefitplansadjustmentnetoftax": 75000000,
        "othercomprehensiveincomelossnetoftax": 282000000,
        "comprehensiveincomenetoftaxincludingportionattributabletononcontrollinginterest": -129000000,
        "comprehensiveincomenetoftaxattributabletononcontrollinginterest": 12000000,
        "comprehensiveincomenetoftax": -141000000,
        "salesrevenuenet": 4857000000,
        "costofgoodssold": 10552000000,
        "sellinggeneralandadministrativeexpense": 6327000000,
        "goodwillandintangibleassetimpairment": 973000000,
        "operatingincomeloss": 2940000000,
        "interestexpense": 169000000,
        "investmentincomeinterest": 31000000,
        "othernonoperatingincomeexpense": 21000000,
        "incomelossfromcontinuingoperationsbeforeincometaxes": 621000000,
        "incometaxexpensebenefit": 820000000,
        "incomelossfromcontinuingoperationsincludingportionattributabletononcontrollinginterest": 2003000000,
        "incomelossfromdiscontinuedoperationsnetoftaxattributabletoreportingentity": 17000000,
        "netincomelossattributabletononcontrollinginterest": 30000000,
        "netincomeloss": 1990000000,
        "incomelossfromcontinuingoperationsperbasicshare": 0.7,
        "incomelossfromdiscontinuedoperationsnetoftaxperbasicshare": 0.01,
        "earningspersharebasic": 0.71,
        "incomelossfromcontinuingoperationsperdilutedshare": 0.68,
        "incomelossfromdiscontinuedoperationsnetoftaxperdilutedshare": 0.01,
        "earningspersharediluted": 0.69,
        "commonstockdividendspersharecashpaid": 0.644,
        "weightedaveragenumberofdilutedsharesoutstanding": 2888000000
    },
    {
        "date": "2014-03-30",
        "symbol": "PG",
        "period": "Q3",
        "profitloss": 658000000,
        "othercomprehensiveincomelossforeigncurrencytransactionandtranslationadjustmentnetoftax": -316000000,
        "othercomprehensiveincomelossderivativesqualifyingashedgesnetoftax": -10000000,
        "othercomprehensiveincomelossavailableforsalesecuritiesadjustmentnetoftax": 1000000,
        "othercomprehensiveincomelosspensionandotherpostretirementbenefitplansadjustmentnetoftax": 60000000,
        "othercomprehensiveincomelossnetoftax": -269000000,
        "comprehensiveincomenetoftaxincludingportionattributabletononcontrollinginterest": 2367000000,
        "comprehensiveincomenetoftaxattributabletononcontrollinginterest": 26000000,
        "comprehensiveincomenetoftax": 2341000000,
        "salesrevenuenet": 4691000000,
        "costofgoodssold": 10601000000,
        "sellinggeneralandadministrativeexpense": 6500000000,
        "operatingincomeloss": 3458000000,
        "interestexpense": 179000000,
        "investmentincomeinterest": 29000000,
        "othernonoperatingincomeexpense": 20000000,
        "incomelossfromcontinuingoperationsbeforeincometaxes": 1103000000,
        "incometaxexpensebenefit": 692000000,
        "netincomelossattributabletononcontrollinginterest": 27000000,
        "netincomeloss": 2609000000,
        "incomelossfromcontinuingoperationsperbasicshare": 0.94,
        "incomelossfromcontinuingoperationsperdilutedshare": 0.9,
        "commonstockdividendspersharecashpaid": 0.602,
        "weightedaveragenumberofdilutedsharesoutstanding": 2894100000
    },
    {
        "date": "2013-12-30",
        "symbol": "PG",
        "period": "Q2",
        "profitloss": 3472000000,
        "othercomprehensiveincomelossforeigncurrencytransactionandtranslationadjustmentnetoftax": 431000000,
        "othercomprehensiveincomelossderivativesqualifyingashedgesnetoftax": 58000000,
        "othercomprehensiveincomelossavailableforsalesecuritiesadjustmentnetoftax": 10000000,
        "othercomprehensiveincomelosspensionandotherpostretirementbenefitplansadjustmentnetoftax": 64000000,
        "othercomprehensiveincomelossnetoftax": 365000000,
        "comprehensiveincomenetoftaxincludingportionattributabletononcontrollinginterest": 3837000000,
        "comprehensiveincomenetoftaxattributabletononcontrollinginterest": 50000000,
        "comprehensiveincomenetoftax": 3787000000,
        "salesrevenuenet": 6851000000,
        "costofgoodssold": 11130000000,
        "sellinggeneralandadministrativeexpense": 6598000000,
        "operatingincomeloss": 4552000000,
        "interestexpense": 187000000,
        "investmentincomeinterest": 23000000,
        "othernonoperatingincomeexpense": 43000000,
        "incomelossfromcontinuingoperationsbeforeincometaxes": 1344000000,
        "incometaxexpensebenefit": 959000000,
        "netincomelossattributabletononcontrollinginterest": 44000000,
        "netincomeloss": 3428000000,
        "incomelossfromcontinuingoperationsperbasicshare": 1.24,
        "incomelossfromcontinuingoperationsperdilutedshare": 1.18,
        "commonstockdividendspersharecashpaid": 0.602,
        "weightedaveragenumberofdilutedsharesoutstanding": 2908500000
    },
    {
        "date": "2013-09-29",
        "symbol": "PG",
        "period": "Q1",
        "profitloss": 3057000000,
        "othercomprehensiveincomelossforeigncurrencytransactionandtranslationadjustmentnetoftax": 1049000000,
        "othercomprehensiveincomelossderivativesqualifyingashedgesnetoftax": -1000000,
        "othercomprehensiveincomelossavailableforsalesecuritiesadjustmentnetoftax": 14000000,
        "othercomprehensiveincomelosspensionandotherpostretirementbenefitplansadjustmentnetoftax": -58000000,
        "othercomprehensiveincomelossnetoftax": 1049000000,
        "comprehensiveincomenetoftaxincludingportionattributabletononcontrollinginterest": 3825000000,
        "comprehensiveincomenetoftaxattributabletononcontrollinginterest": 35000000,
        "comprehensiveincomenetoftax": 3790000000,
        "salesrevenuenet": -163000000,
        "costofgoodssold": 10810000000,
        "sellinggeneralandadministrativeexpense": 6244000000,
        "operatingincomeloss": 4151000000,
        "interestexpense": 165000000,
        "investmentincomeinterest": 21000000,
        "othernonoperatingincomeexpense": 5000000,
        "incomelossfromcontinuingoperationsbeforeincometaxes": 909000000,
        "incometaxexpensebenefit": 955000000,
        "netincomelossattributabletononcontrollinginterest": 30000000,
        "netincomeloss": 3027000000,
        "incomelossfromcontinuingoperationsperbasicshare": 1.09,
        "incomelossfromcontinuingoperationsperdilutedshare": 1.04,
        "commonstockdividendspersharecashpaid": 0.602,
        "weightedaveragenumberofdilutedsharesoutstanding": 2924300000
    },
    {
        "date": "2013-03-30",
        "symbol": "PG",
        "period": "Q3",
        "profitloss": 2591000000,
        "othercomprehensiveincomelossforeigncurrencytransactionandtranslationadjustmentnetoftax": -1143000000,
        "othercomprehensiveincomelossderivativesqualifyingashedgesnetoftax": 83000000,
        "othercomprehensiveincomelossavailableforsalesecuritiesadjustmentnetoftax": 8000000,
        "othercomprehensiveincomelosspensionandotherpostretirementbenefitplansadjustmentnetoftax": -74000000,
        "othercomprehensiveincomelossnetoftax": -588000000,
        "comprehensiveincomenetoftaxincludingportionattributabletononcontrollinginterest": 2003000000,
        "comprehensiveincomenetoftaxattributabletononcontrollinginterest": 18000000,
        "comprehensiveincomenetoftax": 1985000000,
        "salesrevenuenet": -234000000,
        "costofgoodssold": 10344000000,
        "sellinggeneralandadministrativeexpense": 6849000000,
        "operatingincomeloss": 3405000000,
        "interestexpense": 163000000,
        "othernonoperatingincomeexpense": 46000000,
        "incomelossfromcontinuingoperationsbeforeincometaxes": 593000000,
        "incometaxexpensebenefit": 697000000,
        "incomelossfromcontinuingoperationsincludingportionattributabletononcontrollinginterest": -182000000,
        "netincomelossattributabletononcontrollinginterest": 25000000,
        "netincomeloss": 2566000000,
        "incomelossfromcontinuingoperationsperbasicshare": 0.92,
        "earningspersharebasic": 0.92,
        "incomelossfromcontinuingoperationsperdilutedshare": 0.88,
        "earningspersharediluted": 0.88,
        "commonstockdividendspersharecashpaid": 0.562,
        "weightedaveragenumberofdilutedsharesoutstanding": 2930700000
    },
    {
        "date": "2012-12-30",
        "symbol": "PG",
        "period": "Q2",
        "profitloss": 4076000000,
        "othercomprehensiveincomelossforeigncurrencytransactionandtranslationadjustmentnetoftax": 336000000,
        "othercomprehensiveincomelossderivativesqualifyingashedgesnetoftax": 85000000,
        "othercomprehensiveincomelosspensionandotherpostretirementbenefitplansadjustmentnetoftax": 64000000,
        "othercomprehensiveincomelossnetoftax": 485000000,
        "comprehensiveincomenetoftaxincludingportionattributabletononcontrollinginterest": 4561000000,
        "comprehensiveincomenetoftaxattributabletononcontrollinginterest": 21000000,
        "comprehensiveincomenetoftax": 4540000000,
        "salesrevenuenet": -159000000,
        "costofgoodssold": 10880000000,
        "sellinggeneralandadministrativeexpense": 6803000000,
        "operatingincomeloss": 4492000000,
        "interestexpense": 169000000,
        "othernonoperatingincomeexpense": 895000000,
        "incomelossfromcontinuingoperationsbeforeincometaxes": 695000000,
        "incometaxexpensebenefit": 1142000000,
        "incomelossfromcontinuingoperationsincludingportionattributabletononcontrollinginterest": 652000000,
        "netincomelossattributabletononcontrollinginterest": 19000000,
        "netincomeloss": 4057000000,
        "incomelossfromcontinuingoperationsperbasicshare": 1.46,
        "earningspersharebasic": 1.46,
        "incomelossfromcontinuingoperationsperdilutedshare": 1.39,
        "earningspersharediluted": 1.39,
        "commonstockdividendspersharecashpaid": 0.562,
        "weightedaveragenumberofdilutedsharesoutstanding": 2919100000
    },
    {
        "date": "2012-09-29",
        "symbol": "PG",
        "period": "Q1",
        "profitloss": 2853000000,
        "othercomprehensiveincomelossforeigncurrencytransactionandtranslationadjustmentnetoftax": 1411000000,
        "othercomprehensiveincomelossderivativesqualifyingashedgesnetoftax": -230000000,
        "othercomprehensiveincomelosspensionandotherpostretirementbenefitplansadjustmentnetoftax": -27000000,
        "othercomprehensiveincomelossnetoftax": 1154000000,
        "comprehensiveincomenetoftaxincludingportionattributabletononcontrollinginterest": 4007000000,
        "comprehensiveincomenetoftaxattributabletononcontrollinginterest": 48000000,
        "comprehensiveincomenetoftax": 3959000000,
        "salesrevenuenet": 3174000000,
        "costofgoodssold": 10350000000,
        "sellinggeneralandadministrativeexpense": 6438000000,
        "operatingincomeloss": 3951000000,
        "interestexpense": 172000000,
        "othernonoperatingincomeexpense": 47000000,
        "incomelossfromcontinuingoperationsbeforeincometaxes": 809000000,
        "incometaxexpensebenefit": 973000000,
        "incomelossfromcontinuingoperationsincludingportionattributabletononcontrollinginterest": 466000000,
        "netincomelossattributabletononcontrollinginterest": 39000000,
        "netincomeloss": 2814000000,
        "incomelossfromcontinuingoperationsperbasicshare": 1,
        "earningspersharebasic": 1,
        "incomelossfromcontinuingoperationsperdilutedshare": 0.96,
        "earningspersharediluted": 0.96,
        "commonstockdividendspersharecashpaid": 0.562,
        "weightedaveragenumberofdilutedsharesoutstanding": 2931700000
    },
    {
        "date": "2012-03-30",
        "symbol": "PG",
        "period": "Q3",
        "salesrevenuenet": 4844000000,
        "costofgoodssold": 10237000000,
        "sellinggeneralandadministrativeexpense": 6636000000,
        "goodwillandindefinitelivedintangiblesimpairmentcharges": 22000000,
        "operatingincomeloss": 3299000000,
        "interestexpense": 179000000,
        "othernonoperatingincomeexpense": 67000000,
        "incomelossfromcontinuingoperationsbeforeincometaxes": 530000000,
        "incometaxexpensebenefit": 754000000,
        "incomelossfromcontinuingoperationsincludingportionattributabletononcontrollinginterest": 411000000,
        "incomelossfromdiscontinuedoperationsnetoftax": 34000000,
        "profitloss": 2467000000,
        "netincomelossattributabletononcontrollinginterest": 56000000,
        "netincomeloss": 2411000000,
        "incomelossfromcontinuingoperationsperbasicshare": 0.84,
        "incomelossfromdiscontinuedoperationsnetoftaxperbasicshare": 0.01,
        "earningspersharebasic": 0.85,
        "incomelossfromcontinuingoperationsperdilutedshare": 0.81,
        "incomelossfromdiscontinuedoperationsnetoftaxperdilutedshare": 0.01,
        "earningspersharediluted": 0.82,
        "commonstockdividendspersharecashpaid": 0.525,
        "weightedaveragenumberofdilutedsharesoutstanding": 2937800000
    },
    {
        "date": "2011-12-30",
        "symbol": "PG",
        "period": "Q2",
        "salesrevenuenet": 3183000000,
        "costofgoodssold": 11125000000,
        "sellinggeneralandadministrativeexpense": 6717000000,
        "goodwillandindefinitelivedintangiblesimpairmentcharges": 1554000000,
        "operatingincomeloss": 2739000000,
        "interestexpense": 201000000,
        "othernonoperatingincomeexpense": 170000000,
        "incomelossfromcontinuingoperationsbeforeincometaxes": 1014000000,
        "incometaxexpensebenefit": 995000000,
        "profitloss": 1713000000,
        "netincomelossattributabletononcontrollinginterest": 23000000,
        "netincomeloss": 802000000,
        "earningspersharebasic": 0.59,
        "earningspersharediluted": 0.57,
        "commonstockdividendspersharecashpaid": 0.525,
        "weightedaveragenumberofdilutedsharesoutstanding": 2949700000
    },
    {
        "date": "2011-09-29",
        "symbol": "PG",
        "period": "Q1",
        "salesrevenuenet": 2093000000,
        "costofgoodssold": 11061000000,
        "sellinggeneralandadministrativeexpense": 6522000000,
        "operatingincomeloss": 4334000000,
        "interestexpense": 207000000,
        "othernonoperatingincomeexpense": -32000000,
        "incomelossfromcontinuingoperationsbeforeincometaxes": 991000000,
        "incometaxexpensebenefit": 1071000000,
        "netincomeloss": 3024000000,
        "earningspersharebasic": 1.08,
        "earningspersharediluted": 1.03,
        "commonstockdividendspersharecashpaid": 0.525,
        "weightedaveragenumberofdilutedsharesoutstanding": 2945800000
    },
    {
        "date": "2011-03-30",
        "symbol": "PG",
        "period": "Q3",
        "salesrevenuenet": 3968000000,
        "costofgoodssold": 10005000000,
        "sellinggeneralandadministrativeexpense": 6453000000,
        "operatingincomeloss": 3772000000,
        "interestexpense": 202000000,
        "othernonoperatingincomeexpense": 71000000,
        "incomelossfromcontinuingoperationsbeforeincometaxes": 832000000,
        "incometaxexpensebenefit": 768000000,
        "incomelossfromcontinuingoperations": 528000000,
        "netincomeloss": 2873000000,
        "incomelossfromcontinuingoperationsperbasicshare": 1.01,
        "earningspersharebasic": 1.01,
        "incomelossfromcontinuingoperationsperdilutedshare": 0.96,
        "earningspersharediluted": 0.96,
        "commonstockdividendspersharecashpaid": 0.4818,
        "weightedaveragenumberofdilutedsharesoutstanding": 2999300000
    },
    {
        "date": "2010-12-30",
        "symbol": "PG",
        "period": "Q2",
        "salesrevenuenet": 3930000000,
        "costofgoodssold": 10287000000,
        "sellinggeneralandadministrativeexpense": 6800000000,
        "operatingincomeloss": 4260000000,
        "interestexpense": 209000000,
        "othernonoperatingincomeexpense": 10000000,
        "incomelossfromcontinuingoperationsbeforeincometaxes": 802000000,
        "incometaxexpensebenefit": 728000000,
        "incomelossfromcontinuingoperations": 502000000,
        "netincomeloss": 3333000000,
        "incomelossfromcontinuingoperationsperbasicshare": 1.17,
        "earningspersharebasic": 1.17,
        "incomelossfromcontinuingoperationsperdilutedshare": 1.11,
        "earningspersharediluted": 1.11,
        "commonstockdividendspersharecashpaid": 0.4818,
        "weightedaveragenumberofdilutedsharesoutstanding": 3000200000
    },
    {
        "date": "2010-09-29",
        "symbol": "PG",
        "period": "Q1",
        "salesrevenuenet": 3652000000,
        "costofgoodssold": 9689000000,
        "sellinggeneralandadministrativeexpense": 5932000000,
        "operatingincomeloss": 4501000000,
        "interestexpense": 208000000,
        "othernonoperatingincomeexpense": -11000000,
        "incomelossfromcontinuingoperationsbeforeincometaxes": 749000000,
        "incometaxexpensebenefit": 1201000000,
        "incomelossfromcontinuingoperations": 470000000,
        "netincomeloss": 3081000000,
        "incomelossfromcontinuingoperationsperbasicshare": 1.07,
        "earningspersharebasic": 1.07,
        "incomelossfromcontinuingoperationsperdilutedshare": 1.02,
        "earningspersharediluted": 1.02,
        "commonstockdividendspersharecashpaid": 0.48,
        "weightedaveragenumberofdilutedsharesoutstanding": 3025600000
    },
    {
        "date": "2010-03-30",
        "symbol": "PG",
        "period": "Q3",
        "salesrevenuenet": 19178000000,
        "costofgoodssold": 9225000000,
        "sellinggeneralandadministrativeexpense": 5985000000,
        "operatingincomeloss": 3968000000,
        "interestexpense": 223000000,
        "othernonoperatingincomeexpense": 17000000,
        "incomelossfromcontinuingoperationsbeforeincometaxes": 3762000000,
        "incometaxexpensebenefit": 1177000000,
        "incomelossfromcontinuingoperations": 2585000000,
        "incomelossfromdiscontinuedoperationsnetoftax": 0,
        "netincomeloss": 2585000000,
        "incomelossfromcontinuingoperationsperbasicshare": 0.8799999999999999,
        "incomelossfromdiscontinuedoperationsnetoftaxperbasicshare": -2.7755575615628914e-17,
        "earningspersharebasic": 0.8799999999999997,
        "incomelossfromcontinuingoperationsperdilutedshare": 0.8399999999999999,
        "incomelossfromdiscontinuedoperationsnetoftaxperdilutedshare": -2.7755575615628914e-17,
        "earningspersharediluted": 0.8400000000000001,
        "commonstockdividendspersharecashpaid": 0.4400000000000001,
        "weightedaveragenumberofdilutedsharesoutstanding": -3117900000
    },
    {
        "date": "2009-12-30",
        "symbol": "PG",
        "period": "Q2",
        "salesrevenuenet": 21027000000,
        "costofgoodssold": 9736000000,
        "sellinggeneralandadministrativeexpense": 6636000000,
        "operatingincomeloss": 4655000000,
        "interestexpense": 224000000,
        "othernonoperatingincomeexpense": 53000000,
        "incomelossfromcontinuingoperationsbeforeincometaxes": 4484000000,
        "incometaxexpensebenefit": 1335000000,
        "incomelossfromcontinuingoperations": 3149000000,
        "incomelossfromdiscontinuedoperationsnetoftax": 1510000000,
        "netincomeloss": 4659000000,
        "incomelossfromcontinuingoperationsperbasicshare": 1.06,
        "incomelossfromdiscontinuedoperationsnetoftaxperbasicshare": 0.52,
        "earningspersharebasic": 1.58,
        "incomelossfromcontinuingoperationsperdilutedshare": 1.01,
        "incomelossfromdiscontinuedoperationsnetoftaxperdilutedshare": 0.48,
        "earningspersharediluted": 1.49,
        "commonstockdividendspersharecashpaid": 0.44,
        "weightedaveragenumberofdilutedsharesoutstanding": 3118500000
    },
    {
        "date": "2009-09-29",
        "symbol": "PG",
        "period": "Q1",
        "salesrevenuenet": 19807000000,
        "costofgoodssold": 9398000000,
        "sellinggeneralandadministrativeexpense": 5961000000,
        "operatingincomeloss": 4448000000,
        "interestexpense": 287000000,
        "othernonoperatingincomeexpense": 23000000,
        "incomelossfromcontinuingoperationsbeforeincometaxes": 4184000000,
        "incometaxexpensebenefit": 1157000000,
        "incomelossfromcontinuingoperations": 3027000000,
        "incomelossfromdiscontinuedoperationsnetoftax": 280000000,
        "netincomeloss": 3307000000,
        "incomelossfromcontinuingoperationsperbasicshare": 1.02,
        "incomelossfromdiscontinuedoperationsnetoftaxperbasicshare": 0.09,
        "earningspersharebasic": 1.11,
        "incomelossfromcontinuingoperationsperdilutedshare": 0.97,
        "incomelossfromdiscontinuedoperationsnetoftaxperdilutedshare": 0.09,
        "earningspersharediluted": 1.06,
        "commonstockdividendspersharecashpaid": 0.44,
        "weightedaveragenumberofdilutedsharesoutstanding": 3109600000
    }
]