[
    {
        "date": "2024-09-29",
        "symbol": "TROW",
        "period": "Q3",
        "revenuefromcontractwithcustomerexcludingassessedtax": 1486500000,
        "laborandrelatedexpense": 678300000,
        "distributionexpenses": 91600000,
        "marketingandadvertisingexpense": 20800000,
        "productrelatedandclientservicingexpenses": 75000000,
        "technologydepreciationoccupancyandfacilityexpenses": 164000000,
        "othergeneralandadministrativeexpense": 104200000,
        "businesscombinationcontingentconsiderationarrangementschangeinamountofcontingentconsiderationliability1": -13400000,
        "amortizationofacquisitioncosts": 51500000,
        "operatingexpenses": 1300000,
        "operatingincomeloss": 613600000,
        "investmentincomenonoperatingotherthanconsolidatedsponsoredinvestmentportfolios": 119000000,
        "investmentincomenonoperatingconsolidatedsponsoredinvestmentportfolios": 85900000,
        "othernonoperatingincomeexpense": 7600000,
        "nonoperatingincomeexpense": -600000,
        "incomelossfromcontinuingoperationsbeforeincometaxesextraordinaryitemsnoncontrollinginterest": 83500000,
        "incometaxexpensebenefit": 185700000,
        "profitloss": 640400000,
        "netincomelossattributabletoredeemablenoncontrollinginterest": 37400000,
        "netincomeloss": 603000000,
        "earningspersharebasic": 2.64,
        "earningspersharediluted": 2.64,
        "othercomprehensiveincomeforeigncurrencytransactionandtranslationgainlossbeforereclassificationandtax": 16900000,
        "othercomprehensiveincomelossforeigncurrencytransactionandtranslationreclassificationadjustmentfromaocirealizeduponsaleorliquidationbeforetax": -600000,
        "othercomprehensiveincomelossforeigncurrencytransactionandtranslationadjustmentbeforetax": 17600000,
        "othercomprehensiveincomelossbeforetax": 17600000,
        "othercomprehensiveincomelosstax": 500000,
        "othercomprehensiveincomelossnetoftax": 9700000,
        "comprehensiveincomenetoftaxincludingportionattributabletononcontrollinginterest": 657500000,
        "comprehensiveincomenetoftaxattributabletononcontrollinginterest": 44800000,
        "comprehensiveincomenetoftax": 612700000
    },
    {
        "date": "2024-06-29",
        "symbol": "TROW",
        "period": "Q2",
        "revenuefromcontractwithcustomerexcludingassessedtax": 1585600000,
        "laborandrelatedexpense": 661100000,
        "distributionexpenses": 87700000,
        "marketingandadvertisingexpense": 33300000,
        "productrelatedandclientservicingexpenses": 73000000,
        "technologydepreciationoccupancyandfacilityexpenses": 160900000,
        "othergeneralandadministrativeexpense": 108700000,
        "amortizationofacquisitioncosts": 43900000,
        "operatingexpenses": 1168600000,
        "operatingincomeloss": 564700000,
        "investmentincomenonoperatingotherthanconsolidatedsponsoredinvestmentportfolios": 78000000,
        "investmentincomenonoperatingconsolidatedsponsoredinvestmentportfolios": 8500000,
        "othernonoperatingincomeexpense": -6200000,
        "nonoperatingincomeexpense": 80300000,
        "incomelossfromcontinuingoperationsbeforeincometaxesextraordinaryitemsnoncontrollinginterest": 645000000,
        "incometaxexpensebenefit": 159700000,
        "profitloss": 485300000,
        "netincomelossattributabletoredeemablenoncontrollinginterest": 1900000,
        "netincomeloss": 483400000,
        "earningspersharebasic": 2.11,
        "earningspersharediluted": 2.11,
        "othercomprehensiveincomeforeigncurrencytransactionandtranslationgainlossbeforereclassificationandtax": 1800000,
        "othercomprehensiveincomelossforeigncurrencytransactionandtranslationadjustmentbeforetax": -600000,
        "othercomprehensiveincomelossbeforetax": 1200000,
        "othercomprehensiveincomelosstax": 400000,
        "othercomprehensiveincomelossnetoftax": 800000,
        "comprehensiveincomenetoftaxincludingportionattributabletononcontrollinginterest": 486100000,
        "comprehensiveincomenetoftaxattributabletononcontrollinginterest": 2300000,
        "comprehensiveincomenetoftax": 483800000
    },
    {
        "date": "2024-03-30",
        "symbol": "TROW",
        "period": "Q1",
        "revenuefromcontractwithcustomerexcludingassessedtax": 1554000000,
        "laborandrelatedexpense": 709000000,
        "distributionexpenses": 81900000,
        "marketingandadvertisingexpense": 25300000,
        "productrelatedandclientservicingexpenses": 75000000,
        "technologydepreciationoccupancyandfacilityexpenses": 149900000,
        "othergeneralandadministrativeexpense": 92600000,
        "amortizationofacquisitioncosts": 29900000,
        "operatingexpenses": 1163600000,
        "operatingincomeloss": 586600000,
        "investmentincomenonoperatingotherthanconsolidatedsponsoredinvestmentportfolios": 121500000,
        "investmentincomenonoperatingconsolidatedsponsoredinvestmentportfolios": 72300000,
        "othernonoperatingincomeexpense": -4900000,
        "nonoperatingincomeexpense": 188900000,
        "incomelossfromcontinuingoperationsbeforeincometaxesextraordinaryitemsnoncontrollinginterest": 775500000,
        "incometaxexpensebenefit": 182100000,
        "profitloss": 593400000,
        "netincomelossattributabletoredeemablenoncontrollinginterest": 19600000,
        "netincomeloss": 573800000,
        "earningspersharebasic": 2.5,
        "earningspersharediluted": 2.49,
        "othercomprehensiveincomeforeigncurrencytransactionandtranslationgainlossbeforereclassificationandtax": -5600000,
        "othercomprehensiveincomelossforeigncurrencytransactionandtranslationadjustmentbeforetax": 1100000,
        "othercomprehensiveincomelossbeforetax": -4500000,
        "othercomprehensiveincomelosstax": -800000,
        "othercomprehensiveincomelossnetoftax": -3700000,
        "comprehensiveincomenetoftaxincludingportionattributabletononcontrollinginterest": 589700000,
        "comprehensiveincomenetoftaxattributabletononcontrollinginterest": 18000000,
        "comprehensiveincomenetoftax": 571700000
    },
    {
        "date": "2023-12-30",
        "symbol": "TROW",
        "period": "Q4",
        "revenuefromcontractwithcustomerexcludingassessedtax": 1461200000,
        "laborandrelatedexpense": 735400000,
        "distributionexpenses": 75700000,
        "marketingandadvertisingexpense": 44400000,
        "productrelatedandclientservicingexpenses": 68100000,
        "technologydepreciationoccupancyandfacilityexpenses": 171600000,
        "othergeneralandadministrativeexpense": 128100000,
        "fairvaluerecurringbasisunobservableinputreconciliationliabilitygainlossstatementofincomeextensiblelist": "http://fasb.org/us-gaap/2023#BusinessCombinationContingentConsiderationArrangementsChangeInAmountOfContingentConsiderationLiability1",
        "impairmentofintangibleassetindefinitelivedexcludinggoodwillstatementofincomeorcomprehensiveincomeextensibleenumeration": "http://fasb.org/us-gaap/2023#AmortizationOfAcquisitionCosts",
        "impairmentofintangibleassetfinitelivedstatementofincomeorcomprehensiveincomeextensibleenumeration": "http://fasb.org/us-gaap/2023#AmortizationOfAcquisitionCosts",
        "amortizationofacquisitioncosts": 41100000,
        "operatingexpenses": 1254800000,
        "operatingincomeloss": 387200000,
        "investmentincomenonoperatingotherthanconsolidatedsponsoredinvestmentportfolios": 141500000,
        "investmentincomenonoperatingconsolidatedsponsoredinvestmentportfolios": 119200000,
        "othernonoperatingincomeexpense": -1000000,
        "nonoperatingincomeexpense": 259700000,
        "incomelossfromcontinuingoperationsbeforeincometaxesextraordinaryitemsnoncontrollinginterest": 646900000,
        "incometaxexpensebenefit": 173300000,
        "profitloss": 473600000,
        "netincomelossattributabletoredeemablenoncontrollinginterest": 36000000,
        "netincomeloss": 437600000,
        "earningspersharebasic": 1.9000000000000008,
        "earningspersharediluted": 1.899999999999999,
        "othercomprehensiveincomeforeigncurrencytransactionandtranslationgainlossbeforereclassificationandtax": 14000000,
        "othercomprehensiveincomelossforeigncurrencytransactionandtranslationadjustmentbeforetax": 14700000,
        "othercomprehensiveincomelossbeforetax": 4700000,
        "othercomprehensiveincomelosstax": 1000000,
        "othercomprehensiveincomelossnetoftax": 3700000,
        "comprehensiveincomenetoftaxincludingportionattributabletononcontrollinginterest": 477300000,
        "comprehensiveincomenetoftaxattributabletononcontrollinginterest": 41000000,
        "comprehensiveincomenetoftax": 436300000
    },
    {
        "date": "2023-09-29",
        "symbol": "TROW",
        "period": "Q3",
        "revenuefromcontractwithcustomerexcludingassessedtax": 1587700000,
        "laborandrelatedexpense": 636400000,
        "distributionexpenses": 74900000,
        "marketingandadvertisingexpense": 21100000,
        "productrelatedandclientservicingexpenses": 73100000,
        "technologydepreciationoccupancyandfacilityexpenses": 159700000,
        "othergeneralandadministrativeexpense": 85700000,
        "businesscombinationcontingentconsiderationarrangementschangeinamountofcontingentconsiderationliability1": 0,
        "amortizationofacquisitioncosts": 38500000,
        "operatingexpenses": 2142200000,
        "operatingincomeloss": 581300000,
        "investmentincomenonoperatingotherthanconsolidatedsponsoredinvestmentportfolios": 30700000,
        "investmentincomenonoperatingconsolidatedsponsoredinvestmentportfolios": -24400000,
        "othernonoperatingincomeexpense": -3500000,
        "nonoperatingincomeexpense": 2800000,
        "incomelossfromcontinuingoperationsbeforeincometaxesextraordinaryitemsnoncontrollinginterest": 1161900000,
        "incometaxexpensebenefit": 144900000,
        "profitloss": 439200000,
        "netincomelossattributabletoredeemablenoncontrollinginterest": -14000000,
        "netincomeloss": 871200000,
        "earningspersharebasic": 1.98,
        "earningspersharediluted": 1.9700000000000002,
        "othercomprehensiveincomeforeigncurrencytransactionandtranslationgainlossbeforereclassificationandtax": -10900000,
        "othercomprehensiveincomelossforeigncurrencytransactionandtranslationadjustmentbeforetax": -1400000,
        "othercomprehensiveincomelossbeforetax": -3200000,
        "othercomprehensiveincomelosstax": -900000,
        "othercomprehensiveincomelossnetoftax": -2300000,
        "comprehensiveincomenetoftaxincludingportionattributabletononcontrollinginterest": 436900000,
        "comprehensiveincomenetoftaxattributabletononcontrollinginterest": -18100000,
        "comprehensiveincomenetoftax": 455000000
    },
    {
        "date": "2023-06-29",
        "symbol": "TROW",
        "period": "Q2",
        "revenuefromcontractwithcustomerexcludingassessedtax": 1430800000,
        "laborandrelatedexpense": 648200000,
        "distributionexpenses": 67800000,
        "marketingandadvertisingexpense": 22900000,
        "productrelatedandclientservicingexpenses": 77700000,
        "technologydepreciationoccupancyandfacilityexpenses": 154700000,
        "othergeneralandadministrativeexpense": 100000000,
        "businesscombinationcontingentconsiderationarrangementschangeinamountofcontingentconsiderationliability1": -23200000,
        "amortizationofacquisitioncosts": 28600000,
        "operatingexpenses": 1076700000,
        "operatingincomeloss": 533500000,
        "investmentincomenonoperatingotherthanconsolidatedsponsoredinvestmentportfolios": 89100000,
        "investmentincomenonoperatingconsolidatedsponsoredinvestmentportfolios": 24400000,
        "othernonoperatingincomeexpense": -7300000,
        "nonoperatingincomeexpense": 106200000,
        "incomelossfromcontinuingoperationsbeforeincometaxesextraordinaryitemsnoncontrollinginterest": 639700000,
        "incometaxexpensebenefit": 158500000,
        "profitloss": 481200000,
        "netincomelossattributabletoredeemablenoncontrollinginterest": 4800000,
        "netincomeloss": 476400000,
        "earningspersharebasic": 2.07,
        "earningspersharediluted": 2.06,
        "othercomprehensiveincomeforeigncurrencytransactionandtranslationgainlossbeforereclassificationandtax": 9500000,
        "othercomprehensiveincomelossforeigncurrencytransactionandtranslationadjustmentbeforetax": 9500000,
        "othercomprehensiveincomelossbeforetax": 10600000,
        "othercomprehensiveincomelosstax": 1200000,
        "othercomprehensiveincomelossnetoftax": 9400000,
        "comprehensiveincomenetoftaxincludingportionattributabletononcontrollinginterest": 490600000,
        "comprehensiveincomenetoftaxattributabletononcontrollinginterest": 10500000,
        "comprehensiveincomenetoftax": 480100000
    },
    {
        "date": "2023-03-30",
        "symbol": "TROW",
        "period": "Q1",
        "revenuefromcontractwithcustomerexcludingassessedtax": 1268000000,
        "laborandrelatedexpense": 653500000,
        "distributionexpenses": 71500000,
        "marketingandadvertisingexpense": 25800000,
        "productrelatedandclientservicingexpenses": 72100000,
        "technologydepreciationoccupancyandfacilityexpenses": 146600000,
        "othergeneralandadministrativeexpense": 107500000,
        "businesscombinationcontingentconsiderationarrangementschangeinamountofcontingentconsiderationliability1": -49600000,
        "amortizationofacquisitioncosts": 26000000,
        "operatingexpenses": 600000,
        "operatingincomeloss": 484200000,
        "investmentincomenonoperatingotherthanconsolidatedsponsoredinvestmentportfolios": 93900000,
        "investmentincomenonoperatingconsolidatedsponsoredinvestmentportfolios": 45400000,
        "othernonoperatingincomeexpense": -3900000,
        "nonoperatingincomeexpense": 135400000,
        "incomelossfromcontinuingoperationsbeforeincometaxesextraordinaryitemsnoncontrollinginterest": 41800000,
        "incometaxexpensebenefit": 177900000,
        "profitloss": 441700000,
        "netincomelossattributabletoredeemablenoncontrollinginterest": 20200000,
        "netincomeloss": 3500000,
        "earningspersharebasic": 1.83,
        "earningspersharediluted": 1.83,
        "othercomprehensiveincomeforeigncurrencytransactionandtranslationgainlossbeforereclassificationandtax": 9100000,
        "othercomprehensiveincomelossforeigncurrencytransactionandtranslationadjustmentbeforetax": -1100000,
        "othercomprehensiveincomelossbeforetax": 8000000,
        "othercomprehensiveincomelosstax": 600000,
        "othercomprehensiveincomelossnetoftax": 7400000,
        "comprehensiveincomenetoftaxincludingportionattributabletononcontrollinginterest": 449100000,
        "comprehensiveincomenetoftaxattributabletononcontrollinginterest": 26300000,
        "comprehensiveincomenetoftax": 422800000
    },
    {
        "date": "2022-12-30",
        "symbol": "TROW",
        "period": "Q4",
        "revenuefromcontractwithcustomerexcludingassessedtax": -205400000,
        "laborandrelatedexpense": 687700000,
        "distributionexpenses": 70000000,
        "marketingandadvertisingexpense": 28200000,
        "productrelatedandclientservicingexpenses": 67800000,
        "technologydepreciationoccupancyandfacilityexpenses": 148700000,
        "othergeneralandadministrativeexpense": 146400000,
        "operatingexpenses": 6199999.999999999,
        "operatingincomeloss": 253100000,
        "investmentincomenonoperatingotherthanconsolidatedsponsoredinvestmentportfolios": 96600000,
        "investmentincomenonoperatingconsolidatedsponsoredinvestmentportfolios": 44200000,
        "othernonoperatingincomeexpense": -5100000,
        "incomelossfromcontinuingoperationsbeforeincometaxesextraordinaryitemsnoncontrollinginterest": 42300000,
        "incometaxexpensebenefit": 99200000,
        "profitloss": 289600000,
        "netincomelossattributabletoredeemablenoncontrollinginterest": 23600000,
        "netincomeloss": 10399999.999999996,
        "earningspersharebasic": 1.1600000000000006,
        "earningspersharediluted": 1.1600000000000001,
        "othercomprehensiveincomeforeigncurrencytransactionandtranslationgainlossbeforereclassificationandtax": 59300000,
        "othercomprehensiveincomelossforeigncurrencytransactionandtranslationadjustmentbeforetax": -12700000,
        "othercomprehensiveincomelossbeforetax": 30200000,
        "othercomprehensiveincomelosstax": 3100000,
        "othercomprehensiveincomelossnetoftax": 27100000,
        "comprehensiveincomenetoftaxincludingportionattributabletononcontrollinginterest": 316700000,
        "comprehensiveincomenetoftaxattributabletononcontrollinginterest": 47400000,
        "comprehensiveincomenetoftax": 269300000
    },
    {
        "date": "2022-09-29",
        "symbol": "TROW",
        "period": "Q3",
        "revenuefromcontractwithcustomerexcludingassessedtax": 70200000,
        "laborandrelatedexpense": 588100000,
        "distributionexpenses": 69900000,
        "marketingandadvertisingexpense": 24300000,
        "productrelatedandclientservicingexpenses": 75600000,
        "technologydepreciationoccupancyandfacilityexpenses": 143600000,
        "othergeneralandadministrativeexpense": 112100000,
        "operatingexpenses": 500000,
        "operatingincomeloss": 574600000,
        "investmentincomenonoperatingotherthanconsolidatedsponsoredinvestmentportfolios": -41500000,
        "investmentincomenonoperatingconsolidatedsponsoredinvestmentportfolios": -41700000,
        "othernonoperatingincomeexpense": 400000,
        "nonoperatingincomeexpense": 0,
        "incomelossfromcontinuingoperationsbeforeincometaxesextraordinaryitemsnoncontrollinginterest": -43600000,
        "incometaxexpensebenefit": 134000000,
        "profitloss": 357800000,
        "netincomelossattributabletoredeemablenoncontrollinginterest": -29700000,
        "netincomeloss": 100000.00000000373,
        "earningspersharebasic": 1.6700000000000004,
        "earningspersharediluted": 1.67,
        "othercomprehensiveincomeforeigncurrencytransactionandtranslationgainlossbeforereclassificationandtax": -31800000,
        "othercomprehensiveincomelossforeigncurrencytransactionandtranslationreclassificationadjustmentfromaocirealizeduponsaleorliquidationbeforetax": 0,
        "othercomprehensiveincomelossforeigncurrencytransactionandtranslationadjustmentbeforetax": 700000,
        "othercomprehensiveincomelossbeforetax": -31100000,
        "othercomprehensiveincomelosstax": -2900000,
        "othercomprehensiveincomelossnetoftax": -28200000,
        "comprehensiveincomenetoftaxincludingportionattributabletononcontrollinginterest": 329600000,
        "comprehensiveincomenetoftaxattributabletononcontrollinginterest": -45700000,
        "comprehensiveincomenetoftax": 375300000
    },
    {
        "date": "2022-06-29",
        "symbol": "TROW",
        "period": "Q2",
        "revenuefromcontractwithcustomerexcludingassessedtax": 1496700000,
        "laborandrelatedexpense": 463400000,
        "distributionexpenses": 75700000,
        "marketingandadvertisingexpense": 21400000,
        "productrelatedandclientservicingexpenses": 76300000,
        "technologydepreciationoccupancyandfacilityexpenses": 134300000,
        "othergeneralandadministrativeexpense": 73300000,
        "operatingexpenses": 844400000,
        "operatingincomeloss": 668600000,
        "investmentincomenonoperatingotherthanconsolidatedsponsoredinvestmentportfolios": -169900000,
        "investmentincomenonoperatingconsolidatedsponsoredinvestmentportfolios": -104600000,
        "othernonoperatingincomeexpense": -5400000,
        "nonoperatingincomeexpense": -279900000,
        "incomelossfromcontinuingoperationsbeforeincometaxesextraordinaryitemsnoncontrollinginterest": 388700000,
        "incometaxexpensebenefit": 100900000,
        "profitloss": 287800000,
        "netincomelossattributabletoredeemablenoncontrollinginterest": -51800000,
        "netincomeloss": 339600000,
        "earningspersharebasic": 1.47,
        "earningspersharediluted": 1.46,
        "othercomprehensiveincomeforeigncurrencytransactionandtranslationgainlossbeforereclassificationandtax": -26600000,
        "othercomprehensiveincomelossforeigncurrencytransactionandtranslationreclassificationadjustmentfromaocirealizeduponsaleorliquidationbeforetax": 5300000,
        "othercomprehensiveincomelossforeigncurrencytransactionandtranslationadjustmentbeforetax": -31900000,
        "othercomprehensiveincomelossbeforetax": -35000000,
        "othercomprehensiveincomelosstax": -3400000,
        "othercomprehensiveincomelossnetoftax": -31600000,
        "comprehensiveincomenetoftaxincludingportionattributabletononcontrollinginterest": 256200000,
        "comprehensiveincomenetoftaxattributabletononcontrollinginterest": -67500000,
        "comprehensiveincomenetoftax": 323700000
    },
    {
        "date": "2022-03-30",
        "symbol": "TROW",
        "period": "Q1",
        "revenuefromcontractwithcustomerexcludingassessedtax": 64900000.00000001,
        "laborandrelatedexpense": 581600000,
        "distributionexpenses": 85900000,
        "marketingandadvertisingexpense": 23400000,
        "productrelatedandclientservicingexpenses": 80400000,
        "technologydepreciationoccupancyandfacilityexpenses": 133900000,
        "othergeneralandadministrativeexpense": 80400000,
        "operatingexpenses": 900000,
        "operatingincomeloss": 877400000,
        "investmentincomenonoperatingotherthanconsolidatedsponsoredinvestmentportfolios": -89900000,
        "investmentincomenonoperatingconsolidatedsponsoredinvestmentportfolios": -101400000,
        "othernonoperatingincomeexpense": -7200000,
        "nonoperatingincomeexpense": 1600000,
        "incomelossfromcontinuingoperationsbeforeincometaxesextraordinaryitemsnoncontrollinginterest": -103900000,
        "incometaxexpensebenefit": 164500000,
        "profitloss": 514400000,
        "netincomelossattributabletoredeemablenoncontrollinginterest": -50400000,
        "netincomeloss": 17500000,
        "earningspersharebasic": 2.43,
        "earningspersharediluted": 2.41,
        "othercomprehensiveincomeforeigncurrencytransactionandtranslationgainlossbeforereclassificationandtax": -15500000,
        "othercomprehensiveincomelossforeigncurrencytransactionandtranslationreclassificationadjustmentfromaocirealizeduponsaleorliquidationbeforetax": 1600000,
        "othercomprehensiveincomelossforeigncurrencytransactionandtranslationadjustmentbeforetax": 500000,
        "othercomprehensiveincomelossbeforetax": -16600000.000000002,
        "othercomprehensiveincomelosstax": -1800000,
        "othercomprehensiveincomelossnetoftax": -14800000,
        "comprehensiveincomenetoftaxincludingportionattributabletononcontrollinginterest": 499600000,
        "comprehensiveincomenetoftaxattributabletononcontrollinginterest": -63300000,
        "comprehensiveincomenetoftax": 562900000
    },
    {
        "date": "2021-12-30",
        "symbol": "TROW",
        "period": "Q4",
        "revenuefromcontractwithcustomerexcludingassessedtax": -572100000,
        "laborandrelatedexpense": 631100000,
        "distributionexpenses": 99600000,
        "marketingandadvertisingexpense": 38800000,
        "productrelatedandclientservicingexpenses": 81700000,
        "technologydepreciationoccupancyandfacilityexpenses": 125200000,
        "othergeneralandadministrativeexpense": 122800000,
        "operatingexpenses": 8200000,
        "operatingincomeloss": 862500000,
        "investmentincomenonoperatingotherthanconsolidatedsponsoredinvestmentportfolios": 50800000,
        "investmentincomenonoperatingconsolidatedsponsoredinvestmentportfolios": -1000000,
        "othernonoperatingincomeexpense": 300000,
        "incomelossfromcontinuingoperationsbeforeincometaxesextraordinaryitemsnoncontrollinginterest": -4000000,
        "incometaxexpensebenefit": 179000000,
        "profitloss": 733600000,
        "netincomelossattributabletoredeemablenoncontrollinginterest": 3000000,
        "netincomeloss": 740600000,
        "earningspersharebasic": 3.21,
        "earningspersharediluted": 3.179999999999999,
        "othercomprehensiveincomeforeigncurrencytransactionandtranslationgainlossbeforereclassificationandtax": 37000000,
        "othercomprehensiveincomelossforeigncurrencytransactionandtranslationadjustmentbeforetax": 4600000,
        "othercomprehensiveincomelossbeforetax": -2900000,
        "othercomprehensiveincomelosstax": 200000,
        "othercomprehensiveincomelossnetoftax": -3100000,
        "comprehensiveincomenetoftaxincludingportionattributabletononcontrollinginterest": 730500000,
        "comprehensiveincomenetoftaxattributabletononcontrollinginterest": -13000000,
        "comprehensiveincomenetoftax": 743500000
    },
    {
        "date": "2021-09-29",
        "symbol": "TROW",
        "period": "Q3",
        "revenuefromcontractwithcustomerexcludingassessedtax": 187800000,
        "laborandrelatedexpense": 564600000,
        "distributionexpenses": 96000000,
        "marketingandadvertisingexpense": 22100000,
        "productrelatedandclientservicingexpenses": 70300000,
        "technologydepreciationoccupancyandfacilityexpenses": 123100000,
        "othergeneralandadministrativeexpense": 81800000,
        "operatingexpenses": 1600000,
        "operatingincomeloss": 996200000,
        "investmentincomenonoperatingotherthanconsolidatedsponsoredinvestmentportfolios": 8700000,
        "investmentincomenonoperatingconsolidatedsponsoredinvestmentportfolios": -17000000,
        "othernonoperatingincomeexpense": -3200000,
        "incomelossfromcontinuingoperationsbeforeincometaxesextraordinaryitemsnoncontrollinginterest": -19900000,
        "incometaxexpensebenefit": 227300000,
        "profitloss": 757400000,
        "netincomelossattributabletoredeemablenoncontrollinginterest": 1500000,
        "netincomeloss": 777200000,
        "earningspersharebasic": 3.339999999999999,
        "earningspersharediluted": 3.3099999999999996,
        "othercomprehensiveincomeforeigncurrencytransactionandtranslationgainlossbeforereclassificationandtax": -17200000,
        "othercomprehensiveincomelossforeigncurrencytransactionandtranslationadjustmentbeforetax": 3500000,
        "othercomprehensiveincomelossbeforetax": -13700000,
        "othercomprehensiveincomelosstax": -800000,
        "othercomprehensiveincomelossnetoftax": -12900000,
        "comprehensiveincomenetoftaxincludingportionattributabletononcontrollinginterest": 744500000,
        "comprehensiveincomenetoftaxattributabletononcontrollinginterest": -32000000,
        "comprehensiveincomenetoftax": 776500000
    },
    {
        "date": "2021-06-29",
        "symbol": "TROW",
        "period": "Q2",
        "revenuefromcontractwithcustomerexcludingassessedtax": 1787200000,
        "laborandrelatedexpense": 603800000,
        "distributionexpenses": 92700000,
        "marketingandadvertisingexpense": 20400000,
        "productrelatedandclientservicingexpenses": 43300000,
        "technologydepreciationoccupancyandfacilityexpenses": 119300000,
        "othergeneralandadministrativeexpense": 91700000,
        "operatingexpenses": 971200000,
        "operatingincomeloss": 958100000,
        "investmentincomenonoperatingotherthanconsolidatedsponsoredinvestmentportfolios": 87700000,
        "investmentincomenonoperatingconsolidatedsponsoredinvestmentportfolios": 55500000,
        "othernonoperatingincomeexpense": 700000,
        "nonoperatingincomeexpense": 143900000,
        "incomelossfromcontinuingoperationsbeforeincometaxesextraordinaryitemsnoncontrollinginterest": 1102000000,
        "incometaxexpensebenefit": 259300000,
        "profitloss": 842700000,
        "netincomelossattributabletoredeemablenoncontrollinginterest": 27000000,
        "netincomeloss": 815700000,
        "earningspersharebasic": 3.5,
        "earningspersharediluted": 3.46,
        "othercomprehensiveincomeforeigncurrencytransactionandtranslationgainlossbeforereclassificationandtax": 6100000,
        "othercomprehensiveincomelossforeigncurrencytransactionandtranslationreclassificationadjustmentfromaocirealizeduponsaleorliquidationbeforetax": 0,
        "othercomprehensiveincomelossforeigncurrencytransactionandtranslationadjustmentbeforetax": 6100000,
        "othercomprehensiveincomelossbeforetax": 5800000,
        "othercomprehensiveincomelosstax": 200000,
        "othercomprehensiveincomelossnetoftax": 5600000,
        "comprehensiveincomenetoftaxincludingportionattributabletononcontrollinginterest": 848300000,
        "comprehensiveincomenetoftaxattributabletononcontrollinginterest": 30800000,
        "comprehensiveincomenetoftax": 817500000
    },
    {
        "date": "2021-03-30",
        "symbol": "TROW",
        "period": "Q1",
        "revenuefromcontractwithcustomerexcludingassessedtax": 1687800000,
        "laborandrelatedexpense": 583500000,
        "distributionexpenses": 85600000,
        "marketingandadvertisingexpense": 18900000,
        "productrelatedandclientservicingexpenses": 41000000,
        "technologydepreciationoccupancyandfacilityexpenses": 117300000,
        "othergeneralandadministrativeexpense": 87300000,
        "operatingexpenses": 933600000,
        "operatingincomeloss": 893200000,
        "investmentincomenonoperatingotherthanconsolidatedsponsoredinvestmentportfolios": 68600000,
        "investmentincomenonoperatingconsolidatedsponsoredinvestmentportfolios": 37200000,
        "othernonoperatingincomeexpense": -3700000,
        "nonoperatingincomeexpense": 102100000,
        "incomelossfromcontinuingoperationsbeforeincometaxesextraordinaryitemsnoncontrollinginterest": 995300000,
        "incometaxexpensebenefit": 230500000,
        "profitloss": 764800000,
        "netincomelossattributabletoredeemablenoncontrollinginterest": 15400000,
        "netincomeloss": 749400000,
        "earningspersharebasic": 3.2,
        "earningspersharediluted": 3.17,
        "othercomprehensiveincomeforeigncurrencytransactionandtranslationgainlossbeforereclassificationandtax": -18900000,
        "othercomprehensiveincomelossforeigncurrencytransactionandtranslationreclassificationadjustmentfromaocirealizeduponsaleorliquidationbeforetax": 2600000,
        "othercomprehensiveincomelossforeigncurrencytransactionandtranslationadjustmentbeforetax": -21500000,
        "othercomprehensiveincomelossbeforetax": -22300000,
        "othercomprehensiveincomelosstax": -3000000,
        "othercomprehensiveincomelossnetoftax": -19300000,
        "comprehensiveincomenetoftaxincludingportionattributabletononcontrollinginterest": 745500000,
        "comprehensiveincomenetoftaxattributabletononcontrollinginterest": 3600000,
        "comprehensiveincomenetoftax": 741900000
    },
    {
        "date": "2020-12-30",
        "symbol": "TROW",
        "period": "Q4",
        "revenuefromcontractwithcustomerexcludingassessedtax": 1602200000,
        "laborandrelatedexpense": 640400000,
        "distributionexpenses": 77300000,
        "marketingandadvertisingexpense": 31200000,
        "productrelatedandclientservicingexpenses": 37500000,
        "technologydepreciationoccupancyandfacilityexpenses": 112500000,
        "othergeneralandadministrativeexpense": 78100000,
        "operatingexpenses": 977000000,
        "operatingincomeloss": 755900000,
        "investmentincomenonoperatingotherthanconsolidatedsponsoredinvestmentportfolios": 146200000,
        "investmentincomenonoperatingconsolidatedsponsoredinvestmentportfolios": 238400000,
        "othernonoperatingincomeexpense": 5500000,
        "nonoperatingincomeexpense": 390100000,
        "incomelossfromcontinuingoperationsbeforeincometaxesextraordinaryitemsnoncontrollinginterest": 1146000000,
        "incometaxexpensebenefit": 216400000,
        "profitloss": 929600000,
        "netincomelossattributabletoredeemablenoncontrollinginterest": 146200000,
        "netincomeloss": 783400000,
        "earningspersharebasic": 3.3499999999999996,
        "earningspersharediluted": 3.3200000000000003,
        "othercomprehensiveincomeforeigncurrencytransactionandtranslationgainlossbeforereclassificationandtax": 33600000,
        "othercomprehensiveincomelossforeigncurrencytransactionandtranslationadjustmentbeforetax": 33000000,
        "othercomprehensiveincomelossbeforetax": 52000000,
        "othercomprehensiveincomelosstax": 11300000,
        "othercomprehensiveincomelossnetoftax": 40700000,
        "comprehensiveincomenetoftaxincludingportionattributabletononcontrollinginterest": 970300000,
        "comprehensiveincomenetoftaxattributabletononcontrollinginterest": 167200000,
        "comprehensiveincomenetoftax": 803100000
    },
    {
        "date": "2020-09-29",
        "symbol": "TROW",
        "period": "Q3",
        "revenuefromcontractwithcustomerexcludingassessedtax": 1469300000,
        "laborandrelatedexpense": 552300000,
        "distributionexpenses": 73500000,
        "marketingandadvertisingexpense": 14200000,
        "productrelatedandclientservicingexpenses": 36800000,
        "technologydepreciationoccupancyandfacilityexpenses": 115600000,
        "othergeneralandadministrativeexpense": 74500000,
        "operatingexpenses": 866900000,
        "operatingincomeloss": 728900000,
        "investmentincomenonoperatingotherthanconsolidatedsponsoredinvestmentportfolios": 84600000,
        "investmentincomenonoperatingconsolidatedsponsoredinvestmentportfolios": 101100000,
        "othernonoperatingincomeexpense": 5900000,
        "nonoperatingincomeexpense": 191600000,
        "incomelossfromcontinuingoperationsbeforeincometaxesextraordinaryitemsnoncontrollinginterest": 920500000,
        "incometaxexpensebenefit": 221900000,
        "profitloss": 698600000,
        "netincomelossattributabletoredeemablenoncontrollinginterest": 55400000,
        "netincomeloss": 643200000,
        "earningspersharebasic": 2.74,
        "earningspersharediluted": 2.71,
        "othercomprehensiveincomeforeigncurrencytransactionandtranslationgainlossbeforereclassificationandtax": 33400000,
        "othercomprehensiveincomelossforeigncurrencytransactionandtranslationadjustmentbeforetax": 33400000,
        "othercomprehensiveincomelossbeforetax": 33500000,
        "othercomprehensiveincomelosstax": 3200000,
        "othercomprehensiveincomelossnetoftax": 30300000,
        "comprehensiveincomenetoftaxincludingportionattributabletononcontrollinginterest": 728900000,
        "comprehensiveincomenetoftaxattributabletononcontrollinginterest": 76200000,
        "comprehensiveincomenetoftax": 652700000
    },
    {
        "date": "2020-06-29",
        "symbol": "TROW",
        "period": "Q2",
        "profitloss": 728500000,
        "othercomprehensiveincomeforeigncurrencytransactionandtranslationgainlossbeforereclassificationandtax": 15900000,
        "othercomprehensiveincomelossforeigncurrencytransactionandtranslationreclassificationadjustmentfromaocirealizeduponsaleorliquidationbeforetax": 0,
        "othercomprehensiveincomelossforeigncurrencytransactionandtranslationadjustmentbeforetax": 15900000,
        "othercomprehensiveincomelossbeforetax": 6500000,
        "othercomprehensiveincomelosstax": -700000,
        "othercomprehensiveincomelossnetoftax": 7200000,
        "comprehensiveincomenetoftaxincludingportionattributabletononcontrollinginterest": 735700000,
        "comprehensiveincomenetoftaxattributabletononcontrollinginterest": 135800000,
        "comprehensiveincomenetoftax": 599900000,
        "revenuefromcontractwithcustomerexcludingassessedtax": 1293800000,
        "laborandrelatedexpense": 549000000,
        "distributionexpenses": 62000000,
        "marketingandadvertisingexpense": 13400000,
        "productrelatedandclientservicingexpenses": 39600000,
        "technologydepreciationoccupancyandfacilityexpenses": 111300000,
        "othergeneralandadministrativeexpense": 86400000,
        "operatingexpenses": 861700000,
        "operatingincomeloss": 553700000,
        "investmentincomenonoperatingotherthanconsolidatedsponsoredinvestmentportfolios": 170600000,
        "investmentincomenonoperatingconsolidatedsponsoredinvestmentportfolios": 242500000,
        "othernonoperatingincomeexpense": 2000000,
        "nonoperatingincomeexpense": 415100000,
        "incomelossfromcontinuingoperationsbeforeincometaxesextraordinaryitemsnoncontrollinginterest": 968800000,
        "incometaxexpensebenefit": 240300000,
        "netincomelossattributabletoredeemablenoncontrollinginterest": 125500000,
        "netincomeloss": 603000000,
        "earningspersharebasic": 2.5600000000000005,
        "earningspersharediluted": 2.54
    },
    {
        "date": "2020-03-30",
        "symbol": "TROW",
        "period": "Q1",
        "profitloss": 166600000,
        "othercomprehensiveincomeforeigncurrencytransactionandtranslationgainlossbeforereclassificationandtax": -25100000,
        "othercomprehensiveincomelossforeigncurrencytransactionandtranslationreclassificationadjustmentfromaocirealizeduponsaleorliquidationbeforetax": 100000,
        "othercomprehensiveincomelossforeigncurrencytransactionandtranslationadjustmentbeforetax": -25200000,
        "othercomprehensiveincomelossbeforetax": -25300000,
        "othercomprehensiveincomelosstax": -2000000,
        "othercomprehensiveincomelossnetoftax": -23300000,
        "comprehensiveincomenetoftaxincludingportionattributabletononcontrollinginterest": 143300000,
        "comprehensiveincomenetoftaxattributabletononcontrollinginterest": -193700000,
        "comprehensiveincomenetoftax": 337000000,
        "revenuefromcontractwithcustomerexcludingassessedtax": 1327800000,
        "laborandrelatedexpense": 440700000,
        "distributionexpenses": 65700000,
        "marketingandadvertisingexpense": 24900000,
        "productrelatedandclientservicingexpenses": 41600000,
        "technologydepreciationoccupancyandfacilityexpenses": 105400000,
        "othergeneralandadministrativeexpense": 77100000,
        "operatingexpenses": 755400000,
        "operatingincomeloss": 707200000,
        "investmentincomenonoperatingotherthanconsolidatedsponsoredinvestmentportfolios": -154600000,
        "investmentincomenonoperatingconsolidatedsponsoredinvestmentportfolios": -330300000,
        "othernonoperatingincomeexpense": -15400000,
        "nonoperatingincomeexpense": -500300000,
        "incomelossfromcontinuingoperationsbeforeincometaxesextraordinaryitemsnoncontrollinginterest": 206900000,
        "incometaxexpensebenefit": 40300000,
        "netincomelossattributabletoredeemablenoncontrollinginterest": -176500000,
        "netincomeloss": 343100000,
        "earningspersharebasic": 1.43,
        "earningspersharediluted": 1.41
    },
    {
        "date": "2019-12-30",
        "symbol": "TROW",
        "period": "Q4",
        "profitloss": 593900000,
        "othercomprehensiveincomeforeigncurrencytransactionandtranslationgainlossbeforereclassificationandtax": 28800000,
        "othercomprehensiveincomelossforeigncurrencytransactionandtranslationreclassificationadjustmentfromaocirealizeduponsaleorliquidationbeforetax": 0,
        "othercomprehensiveincomelossforeigncurrencytransactionandtranslationadjustmentbeforetax": 28800000,
        "othercomprehensiveincomelossbeforetax": 25800000,
        "othercomprehensiveincomelosstax": 2000000,
        "othercomprehensiveincomelossnetoftax": 23800000,
        "comprehensiveincomenetoftaxincludingportionattributabletononcontrollinginterest": 617700000,
        "comprehensiveincomenetoftaxattributabletononcontrollinginterest": 66700000,
        "comprehensiveincomenetoftax": 551000000,
        "revenuefromcontractwithcustomerexcludingassessedtax": 1211600000,
        "laborandrelatedexpense": 528200000,
        "distributionexpenses": 67200000,
        "marketingandadvertisingexpense": 38300000,
        "productrelatedandclientservicingexpenses": 37600000,
        "technologydepreciationoccupancyandfacilityexpenses": 117800000,
        "othergeneralandadministrativeexpense": 99300000,
        "operatingexpenses": -1539400000,
        "operatingincomeloss": 580300000,
        "investmentincomenonoperatingotherthanconsolidatedsponsoredinvestmentportfolios": 66400000,
        "investmentincomenonoperatingconsolidatedsponsoredinvestmentportfolios": 96600000,
        "othernonoperatingincomeexpense": 7000000,
        "nonoperatingincomeexpense": 497100000,
        "incomelossfromcontinuingoperationsbeforeincometaxesextraordinaryitemsnoncontrollinginterest": 750300000,
        "incometaxexpensebenefit": 156400000,
        "netincomelossattributabletoredeemablenoncontrollinginterest": 48600000,
        "netincomeloss": 545300000,
        "earningspersharebasic": 2.270000000000001,
        "earningspersharediluted": 2.2299999999999986
    },
    {
        "date": "2019-09-29",
        "symbol": "TROW",
        "period": "Q3",
        "profitloss": 545100000,
        "othercomprehensiveincomeforeigncurrencytransactionandtranslationgainlossbeforereclassificationandtax": -30100000,
        "othercomprehensiveincomelossforeigncurrencytransactionandtranslationreclassificationadjustmentfromaocirealizeduponsaleorliquidationbeforetax": -100000,
        "othercomprehensiveincomelossforeigncurrencytransactionandtranslationadjustmentbeforetax": -30000000,
        "othercomprehensiveincomelossbeforetax": -31000000,
        "othercomprehensiveincomelosstax": -3400000,
        "othercomprehensiveincomelossnetoftax": -27600000,
        "comprehensiveincomenetoftaxincludingportionattributabletononcontrollinginterest": 517500000,
        "comprehensiveincomenetoftaxattributabletononcontrollinginterest": -18200000,
        "comprehensiveincomenetoftax": 535700000,
        "revenuefromcontractwithcustomerexcludingassessedtax": 1303400000,
        "laborandrelatedexpense": 466300000,
        "distributionexpenses": 64500000,
        "marketingandadvertisingexpense": 17100000,
        "productrelatedandclientservicingexpenses": 38000000,
        "technologydepreciationoccupancyandfacilityexpenses": 106500000,
        "othergeneralandadministrativeexpense": 75200000,
        "operatingexpenses": 767600000,
        "operatingincomeloss": 659100000,
        "investmentincomenonoperatingotherthanconsolidatedsponsoredinvestmentportfolios": 32100000,
        "investmentincomenonoperatingconsolidatedsponsoredinvestmentportfolios": 11600000,
        "othernonoperatingincomeexpense": -700000,
        "nonoperatingincomeexpense": 43000000,
        "incomelossfromcontinuingoperationsbeforeincometaxesextraordinaryitemsnoncontrollinginterest": 702100000,
        "incometaxexpensebenefit": 157000000,
        "netincomelossattributabletoredeemablenoncontrollinginterest": -800000,
        "netincomeloss": 545900000,
        "earningspersharebasic": 2.26,
        "earningspersharediluted": 2.23
    },
    {
        "date": "2019-06-29",
        "symbol": "TROW",
        "period": "Q2",
        "profitloss": 555900000,
        "othercomprehensiveincomeforeigncurrencytransactionandtranslationgainlossbeforereclassificationandtax": 3700000,
        "othercomprehensiveincomelossforeigncurrencytransactionandtranslationreclassificationadjustmentfromaocirealizeduponsaleorliquidationbeforetax": 100000,
        "othercomprehensiveincomelossforeigncurrencytransactionandtranslationadjustmentbeforetax": 3600000,
        "othercomprehensiveincomelossbeforetax": 5100000,
        "othercomprehensiveincomelosstax": 1000000,
        "othercomprehensiveincomelossnetoftax": 4100000,
        "comprehensiveincomenetoftaxincludingportionattributabletononcontrollinginterest": 560000000,
        "comprehensiveincomenetoftaxattributabletononcontrollinginterest": 29400000,
        "comprehensiveincomenetoftax": 530600000,
        "revenuefromcontractwithcustomerexcludingassessedtax": 1270200000,
        "laborandrelatedexpense": 483200000,
        "distributionexpenses": 64400000,
        "marketingandadvertisingexpense": 19800000,
        "productrelatedandclientservicingexpenses": 33400000,
        "technologydepreciationoccupancyandfacilityexpenses": 104900000,
        "othergeneralandadministrativeexpense": 74400000,
        "operatingexpenses": 780100000,
        "operatingincomeloss": 615100000,
        "investmentincomenonoperatingotherthanconsolidatedsponsoredinvestmentportfolios": 61800000,
        "investmentincomenonoperatingconsolidatedsponsoredinvestmentportfolios": 62800000,
        "othernonoperatingincomeexpense": -100000,
        "nonoperatingincomeexpense": 100000,
        "incomelossfromcontinuingoperationsbeforeincometaxesextraordinaryitemsnoncontrollinginterest": 739600000,
        "incometaxexpensebenefit": 183700000,
        "netincomelossattributabletoredeemablenoncontrollinginterest": 28400000,
        "netincomeloss": 527500000,
        "earningspersharebasic": 2.18,
        "earningspersharediluted": 2.15
    },
    {
        "date": "2019-03-30",
        "symbol": "TROW",
        "period": "Q1",
        "profitloss": 554000000,
        "othercomprehensiveincomeforeigncurrencytransactionandtranslationgainlossbeforereclassificationandtax": -5800000,
        "othercomprehensiveincomelossforeigncurrencytransactionandtranslationreclassificationadjustmentfromaocirealizeduponsaleorliquidationbeforetax": 100000,
        "othercomprehensiveincomelossforeigncurrencytransactionandtranslationadjustmentbeforetax": -5900000,
        "othercomprehensiveincomelossbeforetax": -1000000,
        "othercomprehensiveincomelosstax": -100000,
        "othercomprehensiveincomelossnetoftax": -900000,
        "comprehensiveincomenetoftaxincludingportionattributabletononcontrollinginterest": 553100000,
        "comprehensiveincomenetoftaxattributabletononcontrollinginterest": 40100000,
        "comprehensiveincomenetoftax": 513000000,
        "revenuefromcontractwithcustomerexcludingassessedtax": 1327300000,
        "laborandrelatedexpense": 491500000,
        "distributionexpenses": 66400000,
        "marketingandadvertisingexpense": 21600000,
        "productrelatedandclientservicingexpenses": 44200000,
        "technologydepreciationoccupancyandfacilityexpenses": 98100000,
        "othergeneralandadministrativeexpense": 73000000,
        "operatingexpenses": -1500000,
        "operatingincomeloss": 532500000,
        "investmentincomenonoperatingotherthanconsolidatedsponsoredinvestmentportfolios": 100100000,
        "investmentincomenonoperatingconsolidatedsponsoredinvestmentportfolios": 101900000,
        "othernonoperatingincomeexpense": 800000,
        "nonoperatingincomeexpense": 100000,
        "incomelossfromcontinuingoperationsbeforeincometaxesextraordinaryitemsnoncontrollinginterest": 735300000,
        "incometaxexpensebenefit": 181300000,
        "netincomelossattributabletoredeemablenoncontrollinginterest": 41400000,
        "netincomeloss": 512600000,
        "earningspersharebasic": 2.11,
        "earningspersharediluted": 2.09
    },
    {
        "date": "2018-09-29",
        "symbol": "TROW",
        "period": "Q3",
        "profitloss": -471400000,
        "othercomprehensiveincomeforeigncurrencytransactionandtranslationgainlossbeforereclassificationandtax": -5800000,
        "othercomprehensiveincomelossforeigncurrencytransactionandtranslationreclassificationadjustmentfromaocirealizeduponsaleorliquidationbeforetax": 0,
        "othercomprehensiveincomelossforeigncurrencytransactionandtranslationadjustmentbeforetax": -9600000,
        "othercomprehensiveincomelossbeforetax": -12900000,
        "othercomprehensiveincomelosstax": -2300000,
        "othercomprehensiveincomelossnetoftax": -10600000,
        "comprehensiveincomenetoftaxincludingportionattributabletononcontrollinginterest": 571000000,
        "comprehensiveincomenetoftaxattributabletononcontrollinginterest": -4700000,
        "comprehensiveincomenetoftax": 575700000,
        "laborandrelatedexpense": 454300000,
        "distributionexpenses": 71400000,
        "marketingandadvertisingexpense": 20200000,
        "productrelatedandclientservicingexpenses": 37900000,
        "technologydepreciationoccupancyandfacilityexpenses": 96500000,
        "othergeneralandadministrativeexpense": 73700000,
        "operatingexpenses": -1500000,
        "operatingincomeloss": 640600000,
        "investmentincomenonoperatingotherthanconsolidatedsponsoredinvestmentportfolios": 116100000,
        "investmentincomenonoperatingconsolidatedsponsoredinvestmentportfolios": 8700000,
        "othernonoperatingincomeexpense": 100000,
        "nonoperatingincomeexpense": 0,
        "incomelossfromcontinuingoperationsbeforeincometaxesextraordinaryitemsnoncontrollinginterest": 700000,
        "incometaxexpensebenefit": 0,
        "netincomelossattributabletoredeemablenoncontrollinginterest": -400000,
        "netincomeloss": 583000000,
        "earningspersharebasic": 2.35,
        "earningspersharediluted": 2.31,
        "commonstockdividendspersharedeclared": 0.7000000000000002
    },
    {
        "date": "2018-06-29",
        "symbol": "TROW",
        "period": "Q2",
        "profitloss": 459600000,
        "othercomprehensiveincomeforeigncurrencytransactionandtranslationgainlossbeforereclassificationandtax": -40000000,
        "othercomprehensiveincomelossforeigncurrencytransactionandtranslationreclassificationadjustmentfromaocirealizeduponsaleorliquidationbeforetax": 500000,
        "othercomprehensiveincomelossforeigncurrencytransactionandtranslationadjustmentbeforetax": -40500000,
        "othercomprehensiveincomelossbeforetax": -43800000,
        "othercomprehensiveincomelosstax": -6000000,
        "othercomprehensiveincomelossnetoftax": -37800000,
        "comprehensiveincomenetoftaxincludingportionattributabletononcontrollinginterest": 421800000,
        "comprehensiveincomenetoftaxattributabletononcontrollinginterest": -9800000,
        "comprehensiveincomenetoftax": 431600000,
        "revenuefromcontractwithcustomerexcludingassessedtax": 35500000,
        "laborandrelatedexpense": 456000000,
        "distributionexpenses": 71600000,
        "marketingandadvertisingexpense": 19000000,
        "productrelatedandclientservicingexpenses": 37100000,
        "technologydepreciationoccupancyandfacilityexpenses": 93200000,
        "othergeneralandadministrativeexpense": 73400000,
        "operatingexpenses": -1400000,
        "operatingincomeloss": 594700000,
        "investmentincomenonoperatingotherthanconsolidatedsponsoredinvestmentportfolios": 17400000,
        "investmentincomenonoperatingconsolidatedsponsoredinvestmentportfolios": 19100000,
        "othernonoperatingincomeexpense": -2400000,
        "nonoperatingincomeexpense": 500000,
        "incomelossfromcontinuingoperationsbeforeincometaxesextraordinaryitemsnoncontrollinginterest": 16200000,
        "incometaxexpensebenefit": 100000,
        "netincomelossattributabletoredeemablenoncontrollinginterest": 10300000,
        "netincomeloss": 448900000,
        "earningspersharebasic": 1.81,
        "earningspersharediluted": 1.77,
        "commonstockdividendspersharedeclared": 0.7
    },
    {
        "date": "2018-03-30",
        "symbol": "TROW",
        "period": "Q1",
        "profitloss": 3500000,
        "othercomprehensiveincomeforeigncurrencytransactionandtranslationgainlossbeforereclassificationandtax": 16200000,
        "othercomprehensiveincomelossforeigncurrencytransactionandtranslationreclassificationadjustmentfromaocirealizeduponsaleorliquidationbeforetax": 3100000,
        "othercomprehensiveincomelossforeigncurrencytransactionandtranslationadjustmentbeforetax": 16900000,
        "othercomprehensiveincomelossbeforetax": 16900000,
        "othercomprehensiveincomelosstax": 2500000,
        "othercomprehensiveincomelossnetoftax": 14400000,
        "comprehensiveincomenetoftaxincludingportionattributabletononcontrollinginterest": 469900000,
        "comprehensiveincomenetoftaxattributabletononcontrollinginterest": 8800000,
        "comprehensiveincomenetoftax": 461100000,
        "investmentadvisoryfees": 1189200000,
        "administrativeservicesrevenueanddistributionfees": 138800000,
        "investmentadvisorymanagementandadministrativefees": -1700000,
        "laborandrelatedexpense": 441400000,
        "distributionexpenses": 70300000,
        "marketingandadvertisingexpense": 24600000,
        "productrelatedandclientservicingexpenses": 42100000,
        "technologydepreciationoccupancyandfacilityexpenses": 94100000,
        "othergeneralandadministrativeexpense": 71700000,
        "operatingexpenses": -1700000,
        "operatingincomeloss": 583800000,
        "investmentincomenonoperatingotherthanconsolidatedsponsoredinvestmentportfolios": 14400000,
        "investmentincomenonoperatingconsolidatedsponsoredinvestmentportfolios": 800000,
        "othernonoperatingincomeexpense": 900000,
        "nonoperatingincomeexpense": 3100000,
        "incomelossfromcontinuingoperationsbeforeincometaxesextraordinaryitemsnoncontrollinginterest": -600000,
        "incometaxexpensebenefit": 800000,
        "netincomelossattributabletoredeemablenoncontrollinginterest": -400000,
        "netincomeloss": 453700000,
        "earningspersharebasic": 1.81,
        "earningspersharediluted": 1.77,
        "commonstockdividendspersharedeclared": 0.7
    },
    {
        "date": "2017-09-29",
        "symbol": "TROW",
        "period": "Q3",
        "profitloss": -21000000,
        "othercomprehensiveincomelossavailableforsalesecuritiesadjustmentbeforereclassificationadjustmentsandtax": 4900000,
        "othercomprehensiveincomelossreclassificationadjustmentfromaociforsaleofsecuritiesbeforetax": 100000,
        "othercomprehensiveincomelossavailableforsalesecuritiesadjustmentbeforetax": 4800000,
        "othercomprehensiveincomelossforeigncurrencytransactionandtranslationadjustmentbeforetax": 16600000,
        "othercomprehensiveincomelossbeforetax": 22400000,
        "othercomprehensiveincomelosstax": 7100000,
        "othercomprehensiveincomelossnetoftax": 15300000,
        "comprehensiveincomenetoftaxincludingportionattributabletononcontrollinginterest": 419500000,
        "comprehensiveincomenetoftaxattributabletononcontrollinginterest": 17500000,
        "comprehensiveincomenetoftax": 402000000,
        "investmentadvisoryfees": 783900000,
        "administrativeservicesrevenue": 69200000,
        "distributionfees": 37400000,
        "investmentadvisorymanagementandadministrativefees": -1400000,
        "laborandrelatedexpense": 417400000,
        "marketingandadvertisingexpense": 14000000,
        "noninterestexpensedistributionandservicingfees": 37400000,
        "depreciationnonproduction": 35000000,
        "occupancyandfacilitycosts": 49000000,
        "othercostandexpenseoperating": 120400000,
        "operatingexpenses": -1400000,
        "operatingincomeloss": 548500000,
        "investmentincomenonoperatingotherthanconsolidatedsponsoredinvestmentportfolios": 28900000,
        "investmentincomenonoperatingconsolidatedsponsoredinvestmentportfolios": 37500000,
        "othernonoperatingincomeexpense": 900000,
        "nonoperatingincomeexpense": -101400000,
        "incomelossfromcontinuingoperationsbeforeincometaxesextraordinaryitemsnoncontrollinginterest": 30100000,
        "incometaxexpensebenefit": 0,
        "netincomelossattributabletoredeemablenoncontrollinginterest": 12200000,
        "netincomeloss": 390900000,
        "earningspersharebasic": 1.5899999999999999,
        "earningspersharediluted": 1.5599999999999996,
        "commonstockdividendspersharedeclared": 0.5700000000000002
    },
    {
        "date": "2017-06-29",
        "symbol": "TROW",
        "period": "Q2",
        "profitloss": -438300000,
        "othercomprehensiveincomelossavailableforsalesecuritiesadjustmentbeforereclassificationadjustmentsandtax": 13900000,
        "othercomprehensiveincomelossreclassificationadjustmentfromaociforsaleofsecuritiesbeforetax": 30300000,
        "othercomprehensiveincomelossavailableforsalesecuritiesadjustmentbeforetax": -40000000,
        "othercomprehensiveincomelossforeigncurrencytransactionandtranslationadjustmentbeforetax": 33200000,
        "othercomprehensiveincomelossbeforetax": -3300000,
        "othercomprehensiveincomelosstax": -4600000,
        "othercomprehensiveincomelossnetoftax": 1300000,
        "comprehensiveincomenetoftaxincludingportionattributabletononcontrollinginterest": 391300000,
        "comprehensiveincomenetoftaxattributabletononcontrollinginterest": 23600000,
        "comprehensiveincomenetoftax": 367700000,
        "investmentadvisoryfees": 479000000,
        "administrativeservicesrevenue": 54100000,
        "distributionfees": 36400000,
        "investmentadvisorymanagementandadministrativefees": -1115400000,
        "laborandrelatedexpense": 403800000,
        "marketingandadvertisingexpense": 18600000,
        "noninterestexpensedistributionandservicingfees": 36400000,
        "depreciationnonproduction": 36300000,
        "occupancyandfacilitycosts": 46800000,
        "othercostandexpenseoperating": 122100000,
        "unusualorinfrequentitemnetofinsuranceproceeds": 0,
        "operatingexpenses": -593700000,
        "operatingincomeloss": 507600000,
        "investmentincomenonoperatingotherthanconsolidatedsponsoredinvestmentportfolios": 71400000,
        "investmentincomenonoperatingconsolidatedsponsoredinvestmentportfolios": 39400000,
        "othernonoperatingincomeexpense": 1200000,
        "nonoperatingincomeexpense": -13500000,
        "incomelossfromcontinuingoperationsbeforeincometaxesextraordinaryitemsnoncontrollinginterest": -563300000,
        "incometaxexpensebenefit": -227100000,
        "netincomelossattributabletoredeemablenoncontrollinginterest": 13800000,
        "netincomeloss": 373900000,
        "earningspersharebasic": 1.52,
        "earningspersharediluted": 1.5,
        "commonstockdividendspersharedeclared": 0.57
    },
    {
        "date": "2017-03-30",
        "symbol": "TROW",
        "period": "Q1",
        "profitloss": 385900000,
        "othercomprehensiveincomelossavailableforsalesecuritiesadjustmentbeforereclassificationadjustmentsandtax": 18300000,
        "othercomprehensiveincomelossreclassificationadjustmentfromaociforsaleofsecuritiesbeforetax": 47600000,
        "othercomprehensiveincomelossavailableforsalesecuritiesadjustmentbeforetax": -29300000,
        "othercomprehensiveincomelossforeigncurrencytransactionandtranslationadjustmentbeforetax": 3800000,
        "othercomprehensiveincomelossbeforetax": -25500000,
        "othercomprehensiveincomelosstax": -10700000,
        "othercomprehensiveincomelossnetoftax": -14800000,
        "comprehensiveincomenetoftaxincludingportionattributabletononcontrollinginterest": 385600000,
        "comprehensiveincomenetoftaxattributabletononcontrollinginterest": 16600000,
        "comprehensiveincomenetoftax": 369000000,
        "investmentadvisoryfees": 991100000,
        "administrativeservicesrevenue": 87300000,
        "distributionfees": 35200000,
        "investmentadvisorymanagementandadministrativefees": 1113600000,
        "laborandrelatedexpense": 397400000,
        "marketingandadvertisingexpense": 25600000,
        "noninterestexpensedistributionandservicingfees": 35200000,
        "depreciationnonproduction": 35600000,
        "occupancyandfacilitycosts": 45400000,
        "othercostandexpenseoperating": 102700000,
        "unusualorinfrequentitemnetofinsuranceproceeds": -50000000,
        "operatingexpenses": 591900000,
        "operatingincomeloss": 521700000,
        "investmentincomenonoperatingotherthanconsolidatedsponsoredinvestmentportfolios": 64800000,
        "investmentincomenonoperatingconsolidatedsponsoredinvestmentportfolios": 48900000,
        "othernonoperatingincomeexpense": 1300000,
        "nonoperatingincomeexpense": 115000000,
        "incomelossfromcontinuingoperationsbeforeincometaxesextraordinaryitemsnoncontrollinginterest": 636700000,
        "incometaxexpensebenefit": 236300000,
        "netincomelossattributabletoredeemablenoncontrollinginterest": 14500000,
        "netincomeloss": 385900000,
        "earningspersharebasic": 1.56,
        "earningspersharediluted": 1.54,
        "commonstockdividendspersharedeclared": 0.57
    },
    {
        "date": "2016-09-29",
        "symbol": "TROW",
        "period": "Q3",
        "profitloss": -35100000,
        "othercomprehensiveincomelossavailableforsalesecuritiesadjustmentbeforetax": 10300000,
        "othercomprehensiveincomelossforeigncurrencytransactionandtranslationadjustmentbeforetax": 15700000,
        "othercomprehensiveincomelossbeforetax": 23300000,
        "othercomprehensiveincomelossnetoftax": 18600000,
        "comprehensiveincomenetoftaxincludingportionattributabletononcontrollinginterest": 398200000,
        "comprehensiveincomenetoftaxattributabletononcontrollinginterest": 46500000,
        "comprehensiveincomenetoftax": 351700000,
        "investmentadvisoryfees": 703500000,
        "administrativeservicesrevenue": 66600000,
        "distributionfees": 36700000,
        "investmentadvisorymanagementandadministrativefees": -8400000,
        "laborandrelatedexpense": 386200000,
        "marketingandadvertisingexpense": 14700000,
        "noninterestexpensedistributionandservicingfees": 36700000,
        "depreciationnonproduction": 34000000,
        "othercostandexpenseoperating": 100300000,
        "operatingexpenses": -10600000,
        "operatingincomeloss": 475700000,
        "nonoperatingincomeexpense": -125500000,
        "incomelossfromcontinuingoperationsbeforeincometaxesextraordinaryitemsnoncontrollinginterest": 81000000,
        "netincomelossattributabletoredeemablenoncontrollinginterest": 29200000,
        "netincomeloss": 344700000,
        "earningspersharebasic": 1.37,
        "earningspersharediluted": 1.3400000000000003,
        "commonstockdividendspersharedeclared": 0.54
    },
    {
        "date": "2016-06-29",
        "symbol": "TROW",
        "period": "Q2",
        "profitloss": -331400000,
        "othercomprehensiveincomeunrealizedholdinggainlossonsecuritiesarisingduringperiodbeforetax": 5400000,
        "othercomprehensiveincomelossreclassificationadjustmentfromaociforsaleofsecuritiesbeforetax": 0,
        "othercomprehensiveincomelossavailableforsalesecuritiesadjustmentbeforetax": 5400000,
        "othercomprehensiveincomelossforeigncurrencytransactionandtranslationadjustmentbeforetax": -26100000,
        "othercomprehensiveincomelossbeforetax": -21500000,
        "othercomprehensiveincomelosstaxportionattributabletoparent1": 19200000,
        "othercomprehensiveincomelossnetoftax": -19700000,
        "comprehensiveincomenetoftaxincludingportionattributabletononcontrollinginterest": 183500000,
        "comprehensiveincomenetoftaxattributabletononcontrollinginterest": -9000000,
        "comprehensiveincomenetoftax": 192500000,
        "investmentadvisoryfees": 669100000,
        "administrativeservicesrevenue": 69700000,
        "distributionfees": 35600000,
        "investmentadvisorymanagementandadministrativefees": -991000000,
        "laborandrelatedexpense": 371000000,
        "marketingandadvertisingexpense": 14900000,
        "noninterestexpensedistributionandservicingfees": 35600000,
        "depreciationnonproduction": 33800000,
        "othergeneralandadministrativeexpense": 40800000,
        "othercostandexpenseoperating": 98900000,
        "operatingexpenses": 4800000,
        "operatingincomeloss": 283500000,
        "investmentincomenonoperating": 0,
        "nonoperatingincomeexpense": 41500000,
        "incomelossfromcontinuingoperationsbeforeincometaxesextraordinaryitemsnoncontrollinginterest": 6300000,
        "incometaxexpensebenefit": 0,
        "netincomelossattributabletoredeemablenoncontrollinginterest": 7900000,
        "netincomeloss": 195300000,
        "earningspersharebasic": 0.78,
        "earningspersharediluted": 0.76,
        "commonstockdividendspersharedeclared": 0.54
    },
    {
        "date": "2016-03-30",
        "symbol": "TROW",
        "period": "Q1",
        "profitloss": 304400000,
        "othercomprehensiveincomeunrealizedholdinggainlossonsecuritiesarisingduringperiodbeforetax": -6300000,
        "othercomprehensiveincomelossreclassificationadjustmentfromaociforsaleofsecuritiesbeforetax": 52300000,
        "othercomprehensiveincomelossavailableforsalesecuritiesadjustmentbeforetax": -58600000,
        "othercomprehensiveincomelossforeigncurrencytransactionandtranslationadjustmentbeforetax": 40100000,
        "othercomprehensiveincomelossbeforetax": -18500000,
        "othercomprehensiveincomelosstaxportionattributabletoparent1": -16400000,
        "othercomprehensiveincomelossnetoftax": -2100000,
        "comprehensiveincomenetoftaxincludingportionattributabletononcontrollinginterest": 302300000,
        "comprehensiveincomenetoftaxattributabletononcontrollinginterest": 32100000,
        "comprehensiveincomenetoftax": 270200000,
        "investmentadvisoryfees": 632100000,
        "administrativeservicesrevenue": 72300000,
        "distributionfees": 33900000,
        "investmentadvisorymanagementandadministrativefees": 994100000,
        "laborandrelatedexpense": 355200000,
        "marketingandadvertisingexpense": 23100000,
        "noninterestexpensedistributionandservicingfees": 33900000,
        "depreciationnonproduction": 32200000,
        "othergeneralandadministrativeexpense": 41400000,
        "othercostandexpenseoperating": 97400000,
        "operatingexpenses": 500000,
        "operatingincomeloss": 410900000,
        "investmentincomenonoperating": 52300000,
        "nonoperatingincomeexpense": 85100000,
        "incomelossfromcontinuingoperationsbeforeincometaxesextraordinaryitemsnoncontrollinginterest": 7200000,
        "incometaxexpensebenefit": 20600000,
        "netincomelossattributabletoredeemablenoncontrollinginterest": 9200000,
        "netincomeloss": 295200000,
        "earningspersharebasic": 1.17,
        "earningspersharediluted": 1.15,
        "commonstockdividendspersharedeclared": 0.54
    },
    {
        "date": "2015-09-29",
        "symbol": "TROW",
        "period": "Q3",
        "netincomeloss": 277100000,
        "othercomprehensiveincomeunrealizedholdinggainlossonsecuritiesarisingduringperiodbeforetax": -54800000,
        "othercomprehensiveincomelossreclassificationadjustmentfromaociforsaleofsecuritiesbeforetax": 9600000,
        "othercomprehensiveincomelossreclassificationadjustmentfromaociforwritedownofsecuritiesbeforetax": 4800000,
        "othercomprehensiveincomeavailableforsalesecuritiesadjustmentbeforetaxportionattributabletoparent": -59600000,
        "othercomprehensiveincomeforeigncurrencytransactionandtranslationgainlossbeforereclassificationandtax": -5600000,
        "othercomprehensiveincomelossforeigncurrencytransactionandtranslationreclassificationadjustmentfromaocirealizeduponsaleorliquidationbeforetax": -5800000,
        "othercomprehensiveincomelossforeigncurrencytransactionandtranslationadjustmentbeforetax": 200000,
        "othercomprehensiveincomelossbeforetaxportionattributabletoparent": -59400000,
        "othercomprehensiveincomelosstaxportionattributabletoparent1": 100000,
        "othercomprehensiveincomelossnetoftaxportionattributabletoparent": -36900000,
        "comprehensiveincomenetoftax": 240200000,
        "investmentadvisoryfees": 670800000,
        "administrativeservicesrevenue": 71200000,
        "distributionfees": 38100000,
        "revenuesnetofinterestexpense": 1049000000,
        "laborandrelatedexpense": 379400000,
        "marketingandadvertisingexpense": 13200000,
        "noninterestexpensedistributionandservicingfees": 38100000,
        "depreciationnonproduction": 33100000,
        "othergeneralandadministrativeexpense": 40300000,
        "othercostandexpenseoperating": 86600000,
        "operatingexpenses": 590700000,
        "operatingincomeloss": 458300000,
        "investmentincomenonoperating": 300000,
        "incomelossfromcontinuingoperationsbeforeincometaxesextraordinaryitemsnoncontrollinginterest": 458600000,
        "incometaxexpensebenefit": -1200000,
        "earningspersharebasic": 1.08,
        "earningspersharediluted": 1.06,
        "commonstockdividendspersharedeclared": 0.52
    },
    {
        "date": "2015-06-29",
        "symbol": "TROW",
        "period": "Q2",
        "netincomeloss": 333200000,
        "othercomprehensiveincomeunrealizedholdinggainlossonsecuritiesarisingduringperiodbeforetax": 5100000,
        "othercomprehensiveincomelossreclassificationadjustmentfromaociforsaleofsecuritiesbeforetax": 22700000,
        "othercomprehensiveincomeavailableforsalesecuritiesadjustmentbeforetaxportionattributabletoparent": -17600000,
        "othercomprehensiveincomeforeigncurrencytransactionandtranslationgainlossbeforereclassificationandtax": -1900000,
        "othercomprehensiveincomelossbeforetaxportionattributabletoparent": -19500000,
        "othercomprehensiveincomelosstaxportionattributabletoparent1": -7100000,
        "othercomprehensiveincomelossnetoftaxportionattributabletoparent": -12400000,
        "comprehensiveincomenetoftax": 320800000,
        "investmentadvisoryfees": 683000000,
        "administrativeservicesrevenue": 74600000,
        "distributionfees": 38600000,
        "revenuesnetofinterestexpense": 1072400000,
        "laborandrelatedexpense": 360900000,
        "marketingandadvertisingexpense": 14200000,
        "noninterestexpensedistributionandservicingfees": 38600000,
        "depreciationnonproduction": 32200000,
        "othergeneralandadministrativeexpense": 39900000,
        "othercostandexpenseoperating": 78800000,
        "operatingexpenses": 564600000,
        "operatingincomeloss": 507800000,
        "investmentincomenonoperating": 33000000,
        "incomelossfromcontinuingoperationsbeforeincometaxesextraordinaryitemsnoncontrollinginterest": 540800000,
        "incometaxexpensebenefit": 8800000,
        "earningspersharebasic": 1.28,
        "earningspersharediluted": 1.24,
        "commonstockdividendspersharedeclared": 0.52
    },
    {
        "date": "2015-03-30",
        "symbol": "TROW",
        "period": "Q1",
        "netincomeloss": 309500000,
        "othercomprehensiveincomeunrealizedholdinggainlossonsecuritiesarisingduringperiodbeforetax": 17000000,
        "othercomprehensiveincomelossreclassificationadjustmentfromaociforsaleofsecuritiesbeforetax": 16600000,
        "othercomprehensiveincomeavailableforsalesecuritiesadjustmentbeforetaxportionattributabletoparent": 400000,
        "othercomprehensiveincomeforeigncurrencytransactionandtranslationgainlossbeforereclassificationandtax": -2200000,
        "othercomprehensiveincomelossbeforetaxportionattributabletoparent": -2200000,
        "othercomprehensiveincomelosstaxportionattributabletoparent1": -800000,
        "othercomprehensiveincomelossnetoftaxportionattributabletoparent": -1400000,
        "comprehensiveincomenetoftax": 311300000,
        "investmentadvisoryfees": 896500000,
        "administrativeservicesrevenue": 93000000,
        "distributionfees": 37500000,
        "revenuesnetofinterestexpense": 1027000000,
        "laborandrelatedexpense": 346500000,
        "marketingandadvertisingexpense": 25300000,
        "noninterestexpensedistributionandservicingfees": 37500000,
        "depreciationnonproduction": 29100000,
        "othergeneralandadministrativeexpense": 38300000,
        "othercostandexpenseoperating": 72500000,
        "operatingexpenses": 549200000,
        "operatingincomeloss": 477800000,
        "investmentincomenonoperating": 26800000,
        "incomelossfromcontinuingoperationsbeforeincometaxesextraordinaryitemsnoncontrollinginterest": 504600000,
        "incometaxexpensebenefit": 195100000,
        "earningspersharebasic": 1.16,
        "earningspersharediluted": 1.13,
        "commonstockdividendspersharedeclared": 2.52
    },
    {
        "date": "2014-09-29",
        "symbol": "TROW",
        "period": "Q3",
        "netincomeloss": 303600000,
        "othercomprehensiveincomeunrealizedholdinggainlossonsecuritiesarisingduringperiodbeforetax": -56800000,
        "othercomprehensiveincomelossreclassificationadjustmentfromaociforsaleofsecuritiesbeforetax": 900000,
        "othercomprehensiveincomeavailableforsalesecuritiesadjustmentbeforetaxportionattributabletoparent": -57700000,
        "othercomprehensiveincomeforeigncurrencytransactionandtranslationgainlossbeforereclassificationandtax": -2500000,
        "othercomprehensiveincomelossbeforetaxportionattributabletoparent": -60200000,
        "othercomprehensiveincomelosstaxportionattributabletoparent1": -23300000,
        "othercomprehensiveincomelossnetoftaxportionattributabletoparent": -36900000,
        "comprehensiveincomenetoftax": 266700000,
        "investmentadvisoryfees": 641600000,
        "administrativeservicesrevenue": 73500000,
        "distributionfees": 37400000,
        "revenuesnetofinterestexpense": 1020800000,
        "laborandrelatedexpense": 346400000,
        "marketingandadvertisingexpense": 12700000,
        "noninterestexpensedistributionandservicingfees": 37400000,
        "depreciationnonproduction": 28300000,
        "othergeneralandadministrativeexpense": 35900000,
        "othercostandexpenseoperating": 71400000,
        "operatingexpenses": 532100000,
        "operatingincomeloss": 488700000,
        "investmentincomenonoperating": 5200000,
        "incomelossfromcontinuingoperationsbeforeincometaxesextraordinaryitemsnoncontrollinginterest": 493900000,
        "incometaxexpensebenefit": 190300000,
        "earningspersharebasic": 1.15,
        "earningspersharediluted": 1.12,
        "commonstockdividendspersharedeclared": 0.44
    },
    {
        "date": "2014-06-29",
        "symbol": "TROW",
        "period": "Q2",
        "netincomeloss": 305800000,
        "othercomprehensiveincomeunrealizedholdinggainlossonsecuritiesarisingduringperiodbeforetax": 37400000,
        "othercomprehensiveincomelossreclassificationadjustmentfromaociforsaleofsecuritiesbeforetax": 11700000,
        "othercomprehensiveincomeavailableforsalesecuritiesadjustmentbeforetaxportionattributabletoparent": 25700000,
        "othercomprehensiveincomeforeigncurrencytransactionandtranslationgainlossbeforereclassificationandtax": 4800000,
        "othercomprehensiveincomelossbeforetaxportionattributabletoparent": 30500000,
        "othercomprehensiveincomelosstaxportionattributabletoparent1": 11600000,
        "othercomprehensiveincomelossnetoftaxportionattributabletoparent": 18900000,
        "comprehensiveincomenetoftax": 324700000,
        "investmentadvisoryfees": 613400000,
        "administrativeservicesrevenue": 73700000,
        "distributionfees": 35400000,
        "revenuesnetofinterestexpense": 984300000,
        "laborandrelatedexpense": 326400000,
        "marketingandadvertisingexpense": 14600000,
        "distributioncosts": 35400000,
        "depreciationnonproduction": 28000000,
        "occupancyfacilitycosts": 36000000,
        "othercostandexpenseoperating": 70800000,
        "operatingexpenses": 511200000,
        "operatingincomeloss": 473100000,
        "investmentincomenonoperating": 26100000,
        "incomelossfromcontinuingoperationsbeforeincometaxesextraordinaryitemsnoncontrollinginterest": 499200000,
        "incometaxexpensebenefit": 193400000,
        "earningspersharebasic": 1.16,
        "earningspersharediluted": 1.13,
        "commonstockdividendspersharedeclared": 0.44
    },
    {
        "date": "2014-03-30",
        "symbol": "TROW",
        "period": "Q1",
        "netincomeloss": 304300000,
        "othercomprehensiveincomeunrealizedholdinggainlossonsecuritiesarisingduringperiodbeforetax": 22400000,
        "othercomprehensiveincomelossreclassificationadjustmentfromaociforsaleofsecuritiesbeforetax": 32000000,
        "othercomprehensiveincomeavailableforsalesecuritiesadjustmentbeforetaxportionattributabletoparent": -9600000,
        "othercomprehensiveincomeforeigncurrencytransactionandtranslationgainlossbeforereclassificationandtax": 2500000,
        "othercomprehensiveincomelossbeforetaxportionattributabletoparent": 100000,
        "othercomprehensiveincomelosstaxportionattributabletoparent1": -3700000,
        "othercomprehensiveincomelossnetoftaxportionattributabletoparent": 1600000,
        "comprehensiveincomenetoftax": 300000000,
        "investmentadvisoryfees": 196900000,
        "administrativeservicesrevenue": 74900000,
        "distributionfees": 33700000,
        "revenuesnetofinterestexpense": 954600000,
        "laborandrelatedexpense": 318900000,
        "marketingandadvertisingexpense": 22600000,
        "distributioncosts": 33700000,
        "depreciationnonproduction": 27100000,
        "occupancyfacilitycosts": 35400000,
        "othercostandexpenseoperating": 67800000,
        "operatingexpenses": 505500000,
        "operatingincomeloss": 449100000,
        "investmentincomenonoperating": 42100000,
        "incomelossfromcontinuingoperationsbeforeincometaxesextraordinaryitemsnoncontrollinginterest": 491200000,
        "incometaxexpensebenefit": 186900000,
        "earningspersharebasic": 1.16,
        "earningspersharediluted": 1.12,
        "commonstockdividendspersharedeclared": 0.44
    },
    {
        "date": "2013-09-29",
        "symbol": "TROW",
        "period": "Q3",
        "netincomeloss": 270300000,
        "othercomprehensiveincomeunrealizedholdinggainlossonsecuritiesarisingduringperiodbeforetax": 62400000,
        "othercomprehensiveincomeavailableforsalesecuritiesadjustmentbeforetaxportionattributabletoparent": 79400000,
        "othercomprehensiveincomelossbeforetaxportionattributabletoparent": 67600000,
        "othercomprehensiveincomelosstaxportionattributabletoparent1": 25900000,
        "othercomprehensiveincomelossnetoftaxportionattributabletoparent": 41700000,
        "comprehensiveincomenetoftax": 300800000,
        "investmentadvisoryfees": 1289800000,
        "distributionfees": 30500000,
        "interestincomeexpensenet": 200000,
        "revenuesnetofinterestexpense": 884400000,
        "laborandrelatedexpense": 291300000,
        "marketingandadvertisingexpense": 15400000,
        "distributioncosts": 30500000,
        "depreciationnonproduction": 22100000,
        "occupancyfacilitycosts": 32900000,
        "othercostandexpenseoperating": 66300000,
        "operatingexpenses": 458500000,
        "operatingincomeloss": 425900000,
        "investmentincomenonoperating": -1300000,
        "incomelossfromcontinuingoperationsbeforeincometaxesextraordinaryitemsnoncontrollinginterest": 437500000,
        "earningspersharebasic": 1.04,
        "earningspersharediluted": 1,
        "commonstockdividendspersharedeclared": 0.3799999999999999
    },
    {
        "date": "2013-06-29",
        "symbol": "TROW",
        "period": "Q2",
        "netincomeloss": 247800000,
        "othercomprehensiveincomeunrealizedholdinggainlossonsecuritiesarisingduringperiodbeforetax": -4900000,
        "othercomprehensiveincomelossreclassificationadjustmentforsaleofsecuritiesincludedinnetincomebeforetax": -100000,
        "othercomprehensiveincomeavailableforsalesecuritiesadjustmentbeforetaxportionattributabletoparent": -300000,
        "othercomprehensiveincomeforeigncurrencytransactionandtranslationadjustmentbeforetaxportionattributabletoparent": 100000,
        "othercomprehensiveincomelossbeforetaxportionattributabletoparent": -6100000,
        "othercomprehensiveincomelosstaxportionattributabletoparent1": -2500000,
        "othercomprehensiveincomelossnetoftaxportionattributabletoparent": -3600000,
        "comprehensiveincomenetoftax": 244200000,
        "investmentadvisoryfees": 220300000,
        "feesandcommissionsother": 66000000,
        "distributionfees": 28100000,
        "interestincomeexpensenet": 100000,
        "revenuesnetofinterestexpense": 854300000,
        "laborandrelatedexpense": 288300000,
        "marketingandadvertisingexpense": 19200000,
        "distributioncosts": 28100000,
        "depreciationnonproduction": 21900000,
        "occupancyfacilitycosts": 35100000,
        "othercostandexpenseoperating": 62900000,
        "operatingexpenses": 455500000,
        "operatingincomeloss": 398800000,
        "investmentincomenonoperating": 1400000,
        "incomelossfromcontinuingoperationsbeforeincometaxesextraordinaryitemsnoncontrollinginterest": 400200000,
        "incometaxexpensebenefitcontinuingoperations": 152400000,
        "earningspersharebasic": 0.95,
        "earningspersharediluted": 0.92,
        "commonstockdividendspersharedeclared": 0.38
    },
    {
        "date": "2013-03-30",
        "symbol": "TROW",
        "period": "Q1",
        "netincomeloss": 241900000,
        "othercomprehensiveincomeunrealizedholdinggainlossonsecuritiesarisingduringperiodbeforetax": 34700000,
        "othercomprehensiveincomelossreclassificationadjustmentforsaleofsecuritiesincludedinnetincomebeforetax": -11400000,
        "othercomprehensiveincomeavailableforsalesecuritiesadjustmentbeforetaxportionattributabletoparent": 100000,
        "othercomprehensiveincomeforeigncurrencytransactionandtranslationadjustmentbeforetaxportionattributabletoparent": -5200000,
        "othercomprehensiveincomelossbeforetaxportionattributabletoparent": 17700000,
        "othercomprehensiveincomelosstaxportionattributabletoparent1": 7600000,
        "othercomprehensiveincomelossnetoftaxportionattributabletoparent": 10100000,
        "comprehensiveincomenetoftax": 252000000,
        "investmentadvisoryfees": 41200000,
        "feesandcommissionsother": 67800000,
        "distributionfees": 26200000,
        "interestincomeexpensenet": 300000,
        "revenuesnetofinterestexpense": 815700000,
        "laborandrelatedexpense": 279100000,
        "marketingandadvertisingexpense": 25300000,
        "distributioncosts": 26200000,
        "depreciationnonproduction": 21500000,
        "occupancyfacilitycosts": 33000000,
        "othercostandexpenseoperating": 58000000,
        "operatingexpenses": 443100000,
        "operatingincomeloss": 372600000,
        "investmentincomenonoperating": 11400000,
        "incomelossfromcontinuingoperationsbeforeincometaxesextraordinaryitemsnoncontrollinginterest": 390900000,
        "incometaxexpensebenefitcontinuingoperations": 4400000,
        "earningspersharebasic": 0.93,
        "earningspersharediluted": 0.91,
        "commonstockdividendspersharedeclared": 0.38
    },
    {
        "date": "2012-09-29",
        "symbol": "TROW",
        "period": "Q3",
        "netincomeloss": 247300000,
        "othercomprehensiveincomeunrealizedholdinggainlossonsecuritiesarisingduringperiodbeforetax": 40300000,
        "othercomprehensiveincomelossreclassificationadjustmentforsaleofsecuritiesincludedinnetincomebeforetax": -31200000,
        "othercomprehensiveincomeavailableforsalesecuritiesadjustmentbeforetaxportionattributabletoparent": 400000,
        "othercomprehensiveincomeforeigncurrencytransactionandtranslationadjustmentbeforetaxportionattributabletoparent": -11800000,
        "othercomprehensiveincomelossbeforetaxportionattributabletoparent": -2200000,
        "othercomprehensiveincomelosstaxportionattributabletoparent1": -400000,
        "othercomprehensiveincomelossnetoftaxportionattributabletoparent": -1800000,
        "comprehensiveincomenetoftax": 245500000,
        "investmentadvisoryfees": 160200000,
        "feesandcommissionsother": 64800000,
        "distributionfees": 24400000,
        "interestincomeexpensenet": 500000,
        "revenuesnetofinterestexpense": 769700000,
        "laborandrelatedexpense": 263800000,
        "marketingandadvertisingexpense": 17500000,
        "distributioncosts": 24400000,
        "depreciationnonproduction": 20600000,
        "occupancyfacilitycosts": 31000000,
        "othercostandexpenseoperating": 53500000,
        "operatingexpenses": 410800000,
        "operatingincomeloss": 358900000,
        "investmentincomenonoperating": 41400000,
        "incomelossfromcontinuingoperationsbeforeincometaxesextraordinaryitemsnoncontrollinginterest": 400300000,
        "incometaxexpensebenefitcontinuingoperations": 153000000,
        "earningspersharebasic": 0.97,
        "earningspersharediluted": 0.94,
        "commonstockdividendspersharedeclared": 0.34
    },
    {
        "date": "2012-06-29",
        "symbol": "TROW",
        "period": "Q2",
        "investmentadvisoryfees": 347400000,
        "feesandcommissionsother": 64100000,
        "distributionfees": 23700000,
        "interestincomeexpensenet": 400000,
        "revenuesnetofinterestexpense": 736800000,
        "laborandrelatedexpense": 261500000,
        "marketingandadvertisingexpense": 19800000,
        "distributioncosts": 23700000,
        "depreciationnonproduction": 19900000,
        "occupancyfacilitycosts": 31400000,
        "othercostandexpenseoperating": 52500000,
        "operatingexpenses": 408800000,
        "operatingincomeloss": 328000000,
        "investmentincomenonoperating": 7400000,
        "incomelossfromcontinuingoperationsbeforeincometaxesextraordinaryitemsnoncontrollinginterest": 335400000,
        "incometaxexpensebenefitcontinuingoperations": 128600000,
        "netincomeloss": 206800000,
        "earningspersharebasic": 0.81,
        "earningspersharediluted": 0.79,
        "commonstockdividendspersharedeclared": 0.34,
        "othercomprehensiveincomeunrealizedholdinggainlossonsecuritiesarisingduringperiodbeforetax": -31500000,
        "othercomprehensiveincomelossreclassificationadjustmentforsaleofsecuritiesincludedinnetincomebeforetax": -2500000,
        "othercomprehensiveincomeavailableforsalesecuritiesadjustmentbeforetaxportionattributabletoparent": -34000000,
        "othercomprehensiveincomeforeigncurrencytransactionandtranslationadjustmentbeforetaxportionattributabletoparent": 6000000,
        "othercomprehensiveincomelossbeforetaxportionattributabletoparent": -27900000,
        "othercomprehensiveincomelosstaxportionattributabletoparent1": -11000000,
        "othercomprehensiveincomelossnetoftaxportionattributabletoparent": -16900000,
        "comprehensiveincomenetoftax": 189900000
    },
    {
        "date": "2012-03-30",
        "symbol": "TROW",
        "period": "Q1",
        "assetmanagementfees": 344100000,
        "feesandcommissions": 82900000,
        "distributionandservicingfees": 22200000,
        "interestincomeexpensenet": 600000,
        "grossprofit": 728700000,
        "laborandrelatedexpense": 260700000,
        "marketingandadvertisingexpense": 25800000,
        "noninterestexpensedistributionandservicingfees": 22200000,
        "depreciationnonproduction": 19100000,
        "occupancynet": 30100000,
        "othercostandexpenseoperating": 54600000,
        "operatingexpenses": 412500000,
        "operatingincomeloss": 316200000,
        "investmentincomenonoperating": 5100000,
        "incomelossfromcontinuingoperationsbeforeincometaxesextraordinaryitemsnoncontrollinginterest": 321300000,
        "incometaxexpensebenefitcontinuingoperations": 123800000,
        "netincomeloss": 197500000,
        "earningspersharebasic": 0.78,
        "earningspersharediluted": 0.75,
        "commonstockdividendspersharedeclared": 0.34,
        "othercomprehensiveincomeavailableforsalesecuritiesadjustmentbeforetaxportionattributabletoparent": 72300000,
        "othercomprehensiveincomeforeigncurrencytransactionandtranslationadjustmentbeforetaxportionattributabletoparent": -11300000,
        "othercomprehensiveincomelossbeforetaxperiodincreasedecrease": 61400000,
        "othercomprehensiveincomelosstaxportionattributabletoparent": 25100000,
        "othercomprehensiveincomelossnetoftaxportionattributabletoparent": 36300000,
        "comprehensiveincomenetoftax": 233800000
    },
    {
        "date": "2011-09-29",
        "symbol": "TROW",
        "period": "Q3",
        "assetmanagementfees": 321500000,
        "feesandcommissions": 100800000,
        "financialservicesrevenue": 1400000,
        "revenues": 680200000,
        "interestexpensetimedeposits": 800000,
        "grossprofit": 679400000,
        "laborandrelatedexpense": 251600000,
        "marketingandadvertisingexpense": 19000000,
        "depreciationnonproduction": 18500000,
        "occupancynet": 29200000,
        "othercostandexpenseoperating": 65900000,
        "operatingexpenses": 384200000,
        "operatingincomeloss": 295200000,
        "investmentincomenonoperating": 1300000,
        "incomelossfromcontinuingoperationsbeforeincometaxesextraordinaryitemsnoncontrollinginterest": 296500000,
        "incometaxexpensebenefitcontinuingoperations": 111000000,
        "netincomeloss": 185500000,
        "earningspersharebasic": 0.73,
        "earningspersharediluted": 0.71,
        "commonstockdividendspersharedeclared": 0.31
    },
    {
        "date": "2011-06-29",
        "symbol": "TROW",
        "period": "Q2",
        "assetmanagementfees": 341200000,
        "feesandcommissions": 101400000,
        "financialservicesrevenue": 1400000,
        "revenues": 714500000,
        "interestexpensetimedeposits": 800000,
        "grossprofit": 713700000,
        "laborandrelatedexpense": 248800000,
        "marketingandadvertisingexpense": 20600000,
        "depreciationnonproduction": 17900000,
        "occupancynet": 28900000,
        "othercostandexpenseoperating": 70900000,
        "operatingexpenses": 387100000,
        "operatingincomeloss": 326600000,
        "investmentincomenonoperating": 5600000,
        "incomelossfromcontinuingoperationsbeforeincometaxesextraordinaryitemsnoncontrollinginterest": 332200000,
        "incometaxexpensebenefitcontinuingoperations": 127500000,
        "netincomeloss": 204700000,
        "earningspersharebasic": 0.79,
        "earningspersharediluted": 0.76,
        "commonstockdividendspersharedeclared": 0.31
    },
    {
        "date": "2011-03-30",
        "symbol": "TROW",
        "period": "Q1",
        "assetmanagementfees": 327000000,
        "feesandcommissions": 93100000,
        "financialservicesrevenue": 1300000,
        "revenues": 683200000,
        "interestexpensetimedeposits": 800000,
        "grossprofit": 682400000,
        "laborandrelatedexpense": 242900000,
        "marketingandadvertisingexpense": 25400000,
        "depreciationnonproduction": 16600000,
        "occupancynet": 27700000,
        "othercostandexpenseoperating": 58300000,
        "operatingexpenses": 370900000,
        "operatingincomeloss": 311500000,
        "nonoperatingincomeexpense": 3900000,
        "incomelossfromcontinuingoperationsbeforeincometaxesminorityinterestandincomelossfromequitymethodinvestments": 315400000,
        "incometaxexpensebenefit": 120800000,
        "netincomeloss": 194600000,
        "earningspersharebasic": 0.75,
        "earningspersharediluted": 0.72,
        "commonstockdividendspersharedeclared": 0.31
    },
    {
        "date": "2010-09-29",
        "symbol": "TROW",
        "period": "Q3",
        "assetmanagementfees": 271300000,
        "feesandcommissions": 82900000,
        "financialservicesrevenue": 1600000,
        "revenues": 587000000,
        "interestexpensetimedeposits": 900000,
        "grossprofit": 586100000,
        "laborandrelatedexpense": 214200000,
        "marketingandadvertisingexpense": 18600000,
        "depreciationnonproduction": 15900000,
        "occupancynet": 28300000,
        "othercostandexpenseoperating": 47200000,
        "operatingexpenses": 324200000,
        "operatingincomeloss": 261900000,
        "nonoperatingincomeexpense": 8900000,
        "incomelossfromcontinuingoperationsbeforeincometaxesminorityinterestandincomelossfromequitymethodinvestments": 270800000,
        "incometaxexpensebenefit": 101700000,
        "profitloss": 169100000,
        "earningspersharebasic": 0.66,
        "earningspersharediluted": 0.64,
        "commonstockdividendspersharedeclared": 0.27
    },
    {
        "date": "2010-06-29",
        "symbol": "TROW",
        "period": "Q2",
        "assetmanagementfees": 275100000,
        "feesandcommissions": 84700000,
        "financialservicesrevenue": 1600000,
        "revenues": 578300000,
        "interestexpensetimedeposits": 900000,
        "grossprofit": 577400000,
        "laborandrelatedexpense": 215100000,
        "marketingandadvertisingexpense": 20100000,
        "depreciationnonproduction": 15500000,
        "occupancynet": 25800000,
        "othercostandexpenseoperating": 47800000,
        "operatingexpenses": 324300000,
        "operatingincomeloss": 253100000,
        "nonoperatingincomeexpense": 3900000,
        "incomelossfromcontinuingoperationsbeforeincometaxesminorityinterestandincomelossfromequitymethodinvestments": 257000000,
        "incometaxexpensebenefit": 98500000,
        "profitloss": 158500000,
        "earningspersharebasic": 0.61,
        "earningspersharediluted": 0.59,
        "commonstockdividendspersharedeclared": 0.27
    },
    {
        "date": "2010-03-30",
        "symbol": "TROW",
        "period": "Q1",
        "assetmanagementfees": 262800000,
        "feesandcommissions": 83600000,
        "financialservicesrevenue": 1700000,
        "revenues": 557100000,
        "interestexpensetimedeposits": 900000,
        "grossprofit": 556200000,
        "laborandrelatedexpense": 207700000,
        "marketingandadvertisingexpense": 23500000,
        "depreciationnonproduction": 15400000,
        "occupancynet": 25700000,
        "othercostandexpenseoperating": 45200000,
        "operatingexpenses": 317500000,
        "operatingincomeloss": 238700000,
        "nonoperatingincomeexpense": 5300000,
        "incomelossfromcontinuingoperationsbeforeincometaxesminorityinterestandincomelossfromequitymethodinvestments": 244000000,
        "incometaxexpensebenefit": 91000000,
        "profitloss": 153000000,
        "earningspersharebasic": 0.59,
        "earningspersharediluted": 0.57,
        "commonstockdividendspersharedeclared": 0.27
    },
    {
        "date": "2009-09-29",
        "symbol": "TROW",
        "period": "Q3",
        "assetmanagementfees": 230600000,
        "feesandcommissions": 80000000,
        "financialservicesrevenue": 1800000,
        "revenues": 499100000,
        "interestexpensetimedeposits": 1000000,
        "grossprofit": 498100000,
        "laborandrelatedexpense": 196300000,
        "marketingandadvertisingexpense": 13000000,
        "depreciationnonproduction": 16400000,
        "occupancynet": 26000000,
        "othercostandexpenseoperating": 39100000,
        "operatingexpenses": 290800000,
        "operatingincomeloss": 207300000,
        "nonoperatingincomeexpense": 5200000,
        "incomelossfromcontinuingoperationsbeforeincometaxesminorityinterestandincomelossfromequitymethodinvestments": 212500000,
        "incometaxexpensebenefit": 79600000,
        "profitloss": 132900000,
        "earningspersharebasic": 0.52,
        "earningspersharediluted": 0.5,
        "commonstockdividendspersharedeclared": 0.25
    }
]