[
    {
        "date": "2024-09-29",
        "symbol": "MET",
        "period": "Q3",
        "premiumsearnednet": 10647000000,
        "insurancecommissionsandfees": 1228000000,
        "netinvestmentincome": -10637000000,
        "otherincome": 648000000,
        "gainlossoninvestments": 797000000,
        "gainlossonderivativeinstrumentsnetpretax": 1504000000,
        "revenues": -34873000000,
        "policyholderbenefitsandclaimsincurrednet": -21589000000,
        "liabilityforfuturepolicybenefitremeasurementgainloss": 132000000,
        "marketriskbenefitchangeinfairvaluegainloss": -531000000,
        "interestcreditedtopolicyholdersaccountbalances": -4421000000,
        "policyholderdividends": 150000000,
        "operatingexpenses": 3263000000,
        "benefitslossesandexpenses": -30955000000,
        "incomelossfromcontinuingoperationsbeforeincometaxesextraordinaryitemsnoncontrollinginterest": -2343000000,
        "incometaxexpensebenefit": -439000000,
        "profitloss": 1341000000,
        "netincomelossattributabletononcontrollinginterest": -1000000,
        "netincomeloss": 1342000000,
        "dividendspreferredstock": 67000000,
        "netincomelossavailabletocommonstockholdersbasic": 1275000000,
        "comprehensiveincomenetoftaxincludingportionattributabletononcontrollinginterest": 4838000000,
        "comprehensiveincomenetoftaxattributabletononcontrollinginterest": 0,
        "comprehensiveincomenetoftax": 4838000000,
        "earningspersharebasic": 1.8099999999999998,
        "earningspersharediluted": 1.7899999999999996
    },
    {
        "date": "2024-06-29",
        "symbol": "MET",
        "period": "Q2",
        "premiumsearnednet": 11628000000,
        "insurancecommissionsandfees": 1281000000,
        "netinvestmentincome": 5205000000,
        "otherincome": 638000000,
        "gainlossoninvestments": -421000000,
        "gainlossonderivativeinstrumentsnetpretax": -508000000,
        "revenues": 17823000000,
        "policyholderbenefitsandclaimsincurrednet": 11485000000,
        "liabilityforfuturepolicybenefitremeasurementgainloss": 10000000,
        "marketriskbenefitchangeinfairvaluegainloss": 182000000,
        "interestcreditedtopolicyholdersaccountbalances": 2000000000,
        "policyholderdividends": 148000000,
        "operatingexpenses": 3180000000,
        "benefitslossesandexpenses": 16621000000,
        "incomelossfromcontinuingoperationsbeforeincometaxesextraordinaryitemsnoncontrollinginterest": 1202000000,
        "incometaxexpensebenefit": 249000000,
        "profitloss": 953000000,
        "netincomelossattributabletononcontrollinginterest": 7000000,
        "netincomeloss": 946000000,
        "dividendspreferredstock": 34000000,
        "netincomelossavailabletocommonstockholdersbasic": 912000000,
        "comprehensiveincomenetoftaxincludingportionattributabletononcontrollinginterest": -11000000,
        "comprehensiveincomenetoftaxattributabletononcontrollinginterest": 8000000,
        "comprehensiveincomenetoftax": -19000000,
        "earningspersharebasic": 1.28,
        "earningspersharediluted": 1.28
    },
    {
        "date": "2024-03-30",
        "symbol": "MET",
        "period": "Q1",
        "premiumsearnednet": 10053000000,
        "insurancecommissionsandfees": 1248000000,
        "netinvestmentincome": 5436000000,
        "otherincome": 674000000,
        "gainlossoninvestments": -375000000,
        "gainlossonderivativeinstrumentsnetpretax": -979000000,
        "revenues": 16057000000,
        "policyholderbenefitsandclaimsincurrednet": 10074000000,
        "liabilityforfuturepolicybenefitremeasurementgainloss": 22000000,
        "marketriskbenefitchangeinfairvaluegainloss": 694000000,
        "interestcreditedtopolicyholdersaccountbalances": 2290000000,
        "policyholderdividends": 147000000,
        "operatingexpenses": 3217000000,
        "benefitslossesandexpenses": 15012000000,
        "incomelossfromcontinuingoperationsbeforeincometaxesextraordinaryitemsnoncontrollinginterest": 1045000000,
        "incometaxexpensebenefit": 170000000,
        "profitloss": 875000000,
        "netincomelossattributabletononcontrollinginterest": 8000000,
        "netincomeloss": 867000000,
        "dividendspreferredstock": 67000000,
        "netincomelossavailabletocommonstockholdersbasic": 800000000,
        "comprehensiveincomenetoftaxincludingportionattributabletononcontrollinginterest": 347000000,
        "comprehensiveincomenetoftaxattributabletononcontrollinginterest": 9000000,
        "comprehensiveincomenetoftax": 338000000,
        "earningspersharebasic": 1.11,
        "earningspersharediluted": 1.1
    },
    {
        "date": "2023-12-30",
        "symbol": "MET",
        "period": "Q4",
        "premiumsearnednet": 11786000000,
        "insurancecommissionsandfees": 1241000000,
        "netinvestmentincome": 5366000000,
        "otherincome": 660000000,
        "gainlossoninvestments": -174000000,
        "gainlossonderivativeinstrumentsnetpretax": 149000000,
        "revenues": 19028000000,
        "policyholderbenefitsandclaimsincurrednet": 11779000000,
        "marketriskbenefitchangeinfairvaluegainloss": -431000000,
        "interestcreditedtopolicyholdersaccountbalances": 2405000000,
        "policyholderdividends": 159000000,
        "operatingexpenses": 3316000000,
        "benefitslossesandexpenses": 18087000000,
        "incomelossfromcontinuingoperationsbeforeincometaxesextraordinaryitemsnoncontrollinginterest": 941000000,
        "incometaxexpensebenefit": 327000000,
        "profitloss": 614000000,
        "netincomelossattributabletononcontrollinginterest": 7000000,
        "netincomeloss": 607000000,
        "dividendspreferredstock": 33000000,
        "netincomelossavailabletocommonstockholdersbasic": 574000000,
        "earningspersharebasic": 0.76,
        "earningspersharediluted": 0.75,
        "comprehensiveincomenetoftaxincludingportionattributabletononcontrollinginterest": 5624000000,
        "comprehensiveincomenetoftaxattributabletononcontrollinginterest": 5000000,
        "comprehensiveincomenetoftax": 5619000000
    },
    {
        "date": "2023-09-29",
        "symbol": "MET",
        "period": "Q3",
        "premiumsearnednet": 11230000000,
        "insurancecommissionsandfees": 1334000000,
        "netinvestmentincome": 4825000000,
        "otherincome": 606000000,
        "gainlossoninvestments": -927000000,
        "gainlossonderivativeinstrumentsnetpretax": -1202000000,
        "revenues": 15866000000,
        "policyholderbenefitsandclaimsincurrednet": 11130000000,
        "liabilityforfuturepolicybenefitremeasurementgainloss": 17000000,
        "marketriskbenefitchangeinfairvaluegainloss": 796000000,
        "interestcreditedtopolicyholdersaccountbalances": 1658000000,
        "policyholderdividends": 153000000,
        "operatingexpenses": 3204000000,
        "benefitslossesandexpenses": 15332000000,
        "incomelossfromcontinuingoperationsbeforeincometaxesextraordinaryitemsnoncontrollinginterest": 534000000,
        "incometaxexpensebenefit": 39000000,
        "profitloss": 495000000,
        "netincomelossattributabletononcontrollinginterest": 6000000,
        "netincomeloss": 489000000,
        "dividendspreferredstock": 67000000,
        "netincomelossavailabletocommonstockholdersbasic": 422000000,
        "comprehensiveincomenetoftaxincludingportionattributabletononcontrollinginterest": -3373000000,
        "comprehensiveincomenetoftaxattributabletononcontrollinginterest": 6000000,
        "comprehensiveincomenetoftax": -3379000000,
        "earningspersharebasic": 0.56,
        "earningspersharediluted": 0.56
    },
    {
        "date": "2023-06-29",
        "symbol": "MET",
        "period": "Q2",
        "premiumsearnednet": 11678000000,
        "insurancecommissionsandfees": 1288000000,
        "netinvestmentincome": 5072000000,
        "otherincome": 621000000,
        "gainlossoninvestments": -1039000000,
        "gainlossonderivativeinstrumentsnetpretax": -997000000,
        "revenues": 16623000000,
        "policyholderbenefitsandclaimsincurrednet": 11809000000,
        "policyholderliabilitychangeinfairvaluegainloss": 16000000,
        "marketriskbenefitchangeinfairvaluegainloss": 817000000,
        "interestcreditedtopolicyholdersaccountbalances": 1933000000,
        "policyholderdividends": 151000000,
        "operatingexpenses": 3133000000,
        "benefitslossesandexpenses": 16193000000,
        "incomelossfromcontinuingoperationsbeforeincometaxesextraordinaryitemsnoncontrollinginterest": 430000000,
        "incometaxexpensebenefit": 22000000,
        "profitloss": 408000000,
        "netincomelossattributabletononcontrollinginterest": 6000000,
        "netincomeloss": 402000000,
        "dividendspreferredstock": 32000000,
        "netincomelossavailabletocommonstockholdersbasic": 370000000,
        "comprehensiveincomenetoftaxincludingportionattributabletononcontrollinginterest": -829000000,
        "comprehensiveincomenetoftaxattributabletononcontrollinginterest": 8000000,
        "comprehensiveincomenetoftax": -837000000,
        "earningspersharebasic": 0.48,
        "earningspersharediluted": 0.48
    },
    {
        "date": "2023-03-30",
        "symbol": "MET",
        "period": "Q1",
        "premiumsearnednet": 9589000000,
        "insurancecommissionsandfees": 1289000000,
        "netinvestmentincome": 4645000000,
        "otherincome": 639000000,
        "gainlossoninvestments": -684000000,
        "gainlossonderivativeinstrumentsnetpretax": -90000000,
        "revenues": 15388000000,
        "policyholderbenefitsandclaimsincurrednet": 9872000000,
        "policyholderliabilitychangeinfairvaluegainloss": 9000000,
        "marketriskbenefitchangeinfairvaluegainloss": -188000000,
        "interestcreditedtopolicyholdersaccountbalances": 1864000000,
        "policyholderdividends": 159000000,
        "operatingexpenses": 3057000000,
        "benefitslossesandexpenses": 15131000000,
        "incomelossfromcontinuingoperationsbeforeincometaxesextraordinaryitemsnoncontrollinginterest": 257000000,
        "incometaxexpensebenefit": 172000000,
        "profitloss": 85000000,
        "netincomelossattributabletononcontrollinginterest": 5000000,
        "netincomeloss": 80000000,
        "dividendspreferredstock": 66000000,
        "netincomelossavailabletocommonstockholdersbasic": 14000000,
        "comprehensiveincomenetoftaxincludingportionattributabletononcontrollinginterest": 3541000000,
        "comprehensiveincomenetoftaxattributabletononcontrollinginterest": -13000000,
        "comprehensiveincomenetoftax": 3554000000,
        "earningspersharebasic": 0.02,
        "earningspersharediluted": 0.02
    },
    {
        "date": "2022-12-30",
        "symbol": "MET",
        "period": "Q4",
        "premiumsearnednet": 9358000000,
        "insurancecommissionsandfees": 1349000000,
        "netinvestmentincome": 4464000000,
        "otherincome": 628000000,
        "gainlossoninvestments": 355000000,
        "gainlossonderivativeinstrumentsnetpretax": 162000000,
        "revenues": 16316000000,
        "policyholderbenefitsandclaimsincurrednet": 9636000000,
        "interestcreditedtopolicyholdersaccountbalances": 1590000000,
        "policyholderdividends": 155000000,
        "operatingexpenses": 3208000000,
        "benefitslossesandexpenses": 14589000000,
        "incomelossfromcontinuingoperationsbeforeincometaxesextraordinaryitemsnoncontrollinginterest": 1727000000,
        "incometaxexpensebenefit": 381000000,
        "profitloss": 1346000000,
        "netincomelossattributabletononcontrollinginterest": 3000000,
        "netincomeloss": 1343000000,
        "dividendspreferredstock": 29000000,
        "netincomelossavailabletocommonstockholdersbasic": 1314000000,
        "earningspersharebasic": 1.6400000000000003,
        "earningspersharediluted": 1.6400000000000001,
        "comprehensiveincomenetoftaxincludingportionattributabletononcontrollinginterest": 2955000000,
        "comprehensiveincomenetoftaxattributabletononcontrollinginterest": 0,
        "comprehensiveincomenetoftax": 2955000000
    },
    {
        "date": "2022-09-29",
        "symbol": "MET",
        "period": "Q3",
        "premiumsearnednet": 17547000000,
        "insurancecommissionsandfees": 1302000000,
        "netinvestmentincome": 3585000000,
        "otherincome": 730000000,
        "gainlossoninvestments": -414000000,
        "gainlossonderivativeinstrumentsnetpretax": -480000000,
        "revenues": 22270000000,
        "policyholderbenefitsandclaimsincurrednet": 17993000000,
        "interestcreditedtopolicyholdersaccountbalances": 980000000,
        "policyholderdividends": 155000000,
        "operatingexpenses": 2723000000,
        "benefitslossesandexpenses": 21851000000,
        "incomelossfromcontinuingoperationsbeforeincometaxesextraordinaryitemsnoncontrollinginterest": 419000000,
        "incometaxexpensebenefit": 19000000,
        "profitloss": 400000000,
        "netincomelossattributabletononcontrollinginterest": 5000000,
        "netincomeloss": 395000000,
        "dividendspreferredstock": 64000000,
        "netincomelossavailabletocommonstockholdersbasic": 331000000,
        "comprehensiveincomenetoftaxincludingportionattributabletononcontrollinginterest": -10923000000,
        "comprehensiveincomenetoftaxattributabletononcontrollinginterest": 5000000,
        "comprehensiveincomenetoftax": -10928000000,
        "earningspersharebasic": 0.42,
        "earningspersharediluted": 0.41
    },
    {
        "date": "2022-06-29",
        "symbol": "MET",
        "period": "Q2",
        "premiumsearnednet": 11721000000,
        "insurancecommissionsandfees": 1516000000,
        "netinvestmentincome": 3583000000,
        "otherincome": 616000000,
        "gainlossoninvestments": -685000000,
        "gainlossonderivativeinstrumentsnetpretax": -1195000000,
        "revenues": 15556000000,
        "policyholderbenefitsandclaimsincurrednet": 11790000000,
        "interestcreditedtopolicyholdersaccountbalances": 492000000,
        "policyholderdividends": 193000000,
        "operatingexpenses": 3083000000,
        "benefitslossesandexpenses": 15558000000,
        "incomelossfromcontinuingoperationsbeforeincometaxesextraordinaryitemsnoncontrollinginterest": -2000000,
        "incometaxexpensebenefit": -140000000,
        "profitloss": 138000000,
        "netincomelossattributabletononcontrollinginterest": 6000000,
        "netincomeloss": 132000000,
        "dividendspreferredstock": 29000000,
        "netincomelossavailabletocommonstockholdersbasic": 103000000,
        "comprehensiveincomenetoftaxincludingportionattributabletononcontrollinginterest": -15323000000,
        "comprehensiveincomenetoftaxattributabletononcontrollinginterest": 5000000,
        "comprehensiveincomenetoftax": -15328000000,
        "earningspersharebasic": 0.13,
        "earningspersharediluted": 0.13
    },
    {
        "date": "2022-03-30",
        "symbol": "MET",
        "period": "Q1",
        "premiumsearnednet": 10771000000,
        "insurancecommissionsandfees": 1418000000,
        "netinvestmentincome": 4284000000,
        "otherincome": 660000000,
        "gainlossoninvestments": -518000000,
        "gainlossonderivativeinstrumentsnetpretax": -859000000,
        "revenues": 15756000000,
        "policyholderbenefitsandclaimsincurrednet": 11193000000,
        "interestcreditedtopolicyholdersaccountbalances": 630000000,
        "policyholderdividends": 198000000,
        "operatingexpenses": 3020000000,
        "benefitslossesandexpenses": 15041000000,
        "incomelossfromcontinuingoperationsbeforeincometaxesextraordinaryitemsnoncontrollinginterest": 715000000,
        "incometaxexpensebenefit": 41000000,
        "profitloss": 674000000,
        "netincomelossattributabletononcontrollinginterest": 5000000,
        "netincomeloss": 669000000,
        "dividendspreferredstock": 63000000,
        "netincomelossavailabletocommonstockholdersbasic": 606000000,
        "comprehensiveincomenetoftaxincludingportionattributabletononcontrollinginterest": -12159000000,
        "comprehensiveincomenetoftaxattributabletononcontrollinginterest": 3000000,
        "comprehensiveincomenetoftax": -12162000000,
        "earningspersharebasic": 0.74,
        "earningspersharediluted": 0.73
    },
    {
        "date": "2021-12-30",
        "symbol": "MET",
        "period": "Q4",
        "premiumsearnednet": 13095000000,
        "insurancecommissionsandfees": 1422000000,
        "netinvestmentincome": 5233000000,
        "otherincome": 661000000,
        "gainlossoninvestments": -126000000,
        "gainlossonderivativeinstrumentsnetpretax": -196000000,
        "revenues": 20089000000,
        "policyholderbenefitsandclaimsincurrednet": 13923000000,
        "interestcreditedtopolicyholdersaccountbalances": 1385000000,
        "policyholderdividends": 204000000,
        "operatingexpenses": 3271000000,
        "benefitslossesandexpenses": 18783000000,
        "incomelossfromcontinuingoperationsbeforeincometaxesextraordinaryitemsnoncontrollinginterest": 1306000000,
        "incometaxexpensebenefit": 95000000,
        "profitloss": 1211000000,
        "netincomelossattributabletononcontrollinginterest": 6000000,
        "netincomeloss": 1205000000,
        "dividendspreferredstock": 29000000,
        "netincomelossavailabletocommonstockholdersbasic": 1176000000,
        "earningspersharebasic": 1.4199999999999995,
        "earningspersharediluted": 1.4099999999999993,
        "comprehensiveincomenetoftaxincludingportionattributabletononcontrollinginterest": 20000000,
        "comprehensiveincomenetoftaxattributabletononcontrollinginterest": 7000000,
        "comprehensiveincomenetoftax": 13000000
    },
    {
        "date": "2021-09-29",
        "symbol": "MET",
        "period": "Q3",
        "premiumsearnednet": 9455000000,
        "insurancecommissionsandfees": 1521000000,
        "netinvestmentincome": 5568000000,
        "otherincome": 663000000,
        "gainlossoninvestments": -84000000,
        "gainlossonderivativeinstrumentsnetpretax": -218000000,
        "revenues": 16905000000,
        "policyholderbenefitsandclaimsincurrednet": 10103000000,
        "interestcreditedtopolicyholdersaccountbalances": 1287000000,
        "policyholderdividends": 189000000,
        "operatingexpenses": 3284000000,
        "benefitslossesandexpenses": 14863000000,
        "incomelossfromcontinuingoperationsbeforeincometaxesextraordinaryitemsnoncontrollinginterest": 2042000000,
        "incometaxexpensebenefit": 453000000,
        "profitloss": 1589000000,
        "netincomelossattributabletononcontrollinginterest": 5000000,
        "netincomeloss": 1584000000,
        "dividendspreferredstock": 63000000,
        "netincomelossavailabletocommonstockholdersbasic": 1521000000,
        "comprehensiveincomenetoftaxincludingportionattributabletononcontrollinginterest": 1392000000,
        "comprehensiveincomenetoftaxattributabletononcontrollinginterest": 6000000,
        "comprehensiveincomenetoftax": 1386000000,
        "earningspersharebasic": 1.7600000000000002,
        "earningspersharediluted": 1.7400000000000002
    },
    {
        "date": "2021-06-29",
        "symbol": "MET",
        "period": "Q2",
        "premiumsearnednet": 9132000000,
        "insurancecommissionsandfees": 1422000000,
        "netinvestmentincome": 5280000000,
        "otherincome": 664000000,
        "gainlossoninvestments": 1605000000,
        "gainlossonderivativeinstrumentsnetpretax": 421000000,
        "revenues": 18524000000,
        "policyholderbenefitsandclaimsincurrednet": 9405000000,
        "interestcreditedtopolicyholdersaccountbalances": 1515000000,
        "policyholderdividends": 236000000,
        "operatingexpenses": 2881000000,
        "benefitslossesandexpenses": 14037000000,
        "incomelossfromcontinuingoperationsbeforeincometaxesextraordinaryitemsnoncontrollinginterest": 4487000000,
        "incometaxexpensebenefit": 1075000000,
        "profitloss": 3412000000,
        "netincomelossattributabletononcontrollinginterest": 5000000,
        "netincomeloss": 3407000000,
        "dividendspreferredstock": 35000000,
        "preferredstockredemptionpremium": 6000000,
        "netincomelossavailabletocommonstockholdersbasic": 3366000000,
        "comprehensiveincomenetoftaxincludingportionattributabletononcontrollinginterest": 5325000000,
        "comprehensiveincomenetoftaxattributabletononcontrollinginterest": 6000000,
        "comprehensiveincomenetoftax": 5319000000,
        "earningspersharebasic": 3.85,
        "earningspersharediluted": 3.83
    },
    {
        "date": "2021-03-30",
        "symbol": "MET",
        "period": "Q1",
        "premiumsearnednet": 10327000000,
        "insurancecommissionsandfees": 1391000000,
        "netinvestmentincome": 5314000000,
        "otherincome": 631000000,
        "gainlossoninvestments": 134000000,
        "gainlossonderivativeinstrumentsnetpretax": -2235000000,
        "revenues": 15562000000,
        "policyholderbenefitsandclaimsincurrednet": 10523000000,
        "interestcreditedtopolicyholdersaccountbalances": 1351000000,
        "policyholderdividends": 247000000,
        "operatingexpenses": 3150000000,
        "benefitslossesandexpenses": 15271000000,
        "incomelossfromcontinuingoperationsbeforeincometaxesextraordinaryitemsnoncontrollinginterest": 291000000,
        "incometaxexpensebenefit": -72000000,
        "profitloss": 363000000,
        "netincomelossattributabletononcontrollinginterest": 5000000,
        "netincomeloss": 358000000,
        "dividendspreferredstock": 68000000,
        "netincomelossavailabletocommonstockholdersbasic": 290000000,
        "comprehensiveincomenetoftaxincludingportionattributabletononcontrollinginterest": -7312000000,
        "comprehensiveincomenetoftaxattributabletononcontrollinginterest": 5000000,
        "comprehensiveincomenetoftax": -7317000000,
        "earningspersharebasic": 0.33,
        "earningspersharediluted": 0.33
    },
    {
        "date": "2020-12-30",
        "symbol": "MET",
        "period": "Q4",
        "premiumsearnednet": 13897000000,
        "insurancecommissionsandfees": 1376000000,
        "netinvestmentincome": 5240000000,
        "otherincome": 499000000,
        "gainlossoninvestments": -33000000,
        "gainlossonderivativeinstrumentsnetpretax": -1561000000,
        "revenues": 19418000000,
        "policyholderbenefitsandclaimsincurrednet": 13772000000,
        "interestcreditedtopolicyholdersaccountbalances": 1756000000,
        "policyholderdividends": 302000000,
        "operatingexpenses": 3424000000,
        "benefitslossesandexpenses": 19254000000,
        "incomelossfromcontinuingoperationsbeforeincometaxesextraordinaryitemsnoncontrollinginterest": 164000000,
        "incometaxexpensebenefit": 6000000,
        "profitloss": 158000000,
        "netincomelossattributabletononcontrollinginterest": 0,
        "netincomeloss": 158000000,
        "dividendspreferredstock": 34000000,
        "netincomelossavailabletocommonstockholdersbasic": 124000000,
        "earningspersharebasic": 0.16999999999999904,
        "earningspersharediluted": 0.16999999999999993,
        "comprehensiveincomenetoftaxincludingportionattributabletononcontrollinginterest": 2197000000,
        "comprehensiveincomenetoftaxattributabletononcontrollinginterest": 3000000,
        "comprehensiveincomenetoftax": 2194000000
    },
    {
        "date": "2020-09-29",
        "symbol": "MET",
        "period": "Q3",
        "premiumsearnednet": 9935000000,
        "insurancecommissionsandfees": 1497000000,
        "netinvestmentincome": 4729000000,
        "otherincome": 455000000,
        "gainlossoninvestments": -20000000,
        "gainlossonderivativeinstrumentsnetpretax": -581000000,
        "revenues": 16015000000,
        "policyholderbenefitsandclaimsincurrednet": 10000000000,
        "interestcreditedtopolicyholdersaccountbalances": 1416000000,
        "policyholderdividends": 206000000,
        "operatingexpenses": 3470000000,
        "benefitslossesandexpenses": 15092000000,
        "incomelossfromcontinuingoperationsbeforeincometaxesextraordinaryitemsnoncontrollinginterest": 923000000,
        "incometaxexpensebenefit": 214000000,
        "profitloss": 709000000,
        "netincomelossattributabletononcontrollinginterest": 3000000,
        "netincomeloss": 706000000,
        "dividendspreferredstock": 59000000,
        "preferredstockredemptionpremium": 14000000,
        "netincomelossavailabletocommonstockholdersbasic": 633000000,
        "comprehensiveincomenetoftaxincludingportionattributabletononcontrollinginterest": -1818000000,
        "comprehensiveincomenetoftaxattributabletononcontrollinginterest": 3000000,
        "comprehensiveincomenetoftax": -1821000000,
        "earningspersharebasic": 0.7,
        "earningspersharediluted": 0.69
    },
    {
        "date": "2020-06-29",
        "symbol": "MET",
        "period": "Q2",
        "premiumsearnednet": 8736000000,
        "insurancecommissionsandfees": 1299000000,
        "netinvestmentincome": 4087000000,
        "otherincome": 456000000,
        "gainlossoninvestments": 231000000,
        "gainlossonderivativeinstrumentsnetpretax": -710000000,
        "revenues": 14099000000,
        "policyholderbenefitsandclaimsincurrednet": 8667000000,
        "interestcreditedtopolicyholdersaccountbalances": 1962000000,
        "policyholderdividends": 290000000,
        "operatingexpenses": 2983000000,
        "benefitslossesandexpenses": 13902000000,
        "incomelossfromcontinuingoperationsbeforeincometaxesextraordinaryitemsnoncontrollinginterest": 197000000,
        "incometaxexpensebenefit": 47000000,
        "profitloss": 150000000,
        "netincomelossattributabletononcontrollinginterest": 5000000,
        "netincomeloss": 145000000,
        "dividendspreferredstock": 77000000,
        "netincomelossavailabletocommonstockholdersbasic": 68000000,
        "comprehensiveincomenetoftaxincludingportionattributabletononcontrollinginterest": 5957000000,
        "comprehensiveincomenetoftaxattributabletononcontrollinginterest": 6000000,
        "comprehensiveincomenetoftax": 5951000000,
        "earningspersharebasic": 0.07,
        "earningspersharediluted": 0.07
    },
    {
        "date": "2020-03-30",
        "symbol": "MET",
        "period": "Q1",
        "premiumsearnednet": 9466000000,
        "insurancecommissionsandfees": 1431000000,
        "netinvestmentincome": 3061000000,
        "otherincome": 439000000,
        "gainlossoninvestments": -288000000,
        "gainlossonderivativeinstrumentsnetpretax": 4201000000,
        "revenues": 18310000000,
        "policyholderbenefitsandclaimsincurrednet": 9022000000,
        "interestcreditedtopolicyholdersaccountbalances": 80000000,
        "policyholderdividends": 292000000,
        "operatingexpenses": 3273000000,
        "benefitslossesandexpenses": 12667000000,
        "incomelossfromcontinuingoperationsbeforeincometaxesextraordinaryitemsnoncontrollinginterest": 5643000000,
        "incometaxexpensebenefit": 1242000000,
        "profitloss": 4401000000,
        "netincomelossattributabletononcontrollinginterest": 3000000,
        "netincomeloss": 4398000000,
        "dividendspreferredstock": 32000000,
        "netincomelossavailabletocommonstockholdersbasic": 4366000000,
        "comprehensiveincomenetoftaxincludingportionattributabletononcontrollinginterest": 4107000000,
        "comprehensiveincomenetoftaxattributabletononcontrollinginterest": 4000000,
        "comprehensiveincomenetoftax": 4103000000,
        "earningspersharebasic": 4.78,
        "earningspersharediluted": 4.75
    },
    {
        "date": "2019-12-30",
        "symbol": "MET",
        "period": "Q4",
        "profitloss": 592000000,
        "comprehensiveincomenetoftaxincludingportionattributabletononcontrollinginterest": -1556000000,
        "comprehensiveincomenetoftaxattributabletononcontrollinginterest": -4000000,
        "comprehensiveincomenetoftax": -1552000000,
        "premiumsearnednet": 20783000000,
        "insurancecommissionsandfees": 2648000000,
        "netinvestmentincome": 9548000000,
        "otherincome": 788000000,
        "gainlossoninvestments": 246000000,
        "gainlossonderivativeinstrumentsnetpretax": -1372000000,
        "revenues": 32712000000,
        "policyholderbenefitsandclaimsincurrednet": 20801000000,
        "interestcreditedtopolicyholdersaccountbalances": 3481000000,
        "policyholderdividends": 313000000,
        "operatingexpenses": 6855000000,
        "benefitslossesandexpenses": 31118000000,
        "incomelossfromcontinuingoperationsbeforeincometaxesextraordinaryitemsnoncontrollinginterest": 1705000000,
        "incometaxexpensebenefit": -278000000,
        "netincomelossattributabletononcontrollinginterest": -5000000,
        "netincomeloss": 593000000,
        "dividendspreferredstock": 57000000,
        "netincomelossavailabletocommonstockholdersbasic": 536000000,
        "earningspersharebasic": 0.5999999999999999,
        "earningspersharediluted": 0.5899999999999999
    },
    {
        "date": "2019-09-29",
        "symbol": "MET",
        "period": "Q3",
        "premiumsearnednet": 10781000000,
        "insurancecommissionsandfees": 1440000000,
        "netinvestmentincome": 4623000000,
        "otherincome": 419000000,
        "gainlossoninvestments": 161000000,
        "gainlossonderivativeinstrumentsnetpretax": 1254000000,
        "revenues": 18678000000,
        "policyholderbenefitsandclaimsincurrednet": 10648000000,
        "interestcreditedtopolicyholdersaccountbalances": 1500000000,
        "policyholderdividends": 296000000,
        "operatingexpenses": 3443000000,
        "benefitslossesandexpenses": 15887000000,
        "incomelossfromcontinuingoperationsbeforeincometaxesextraordinaryitemsnoncontrollinginterest": 2791000000,
        "incometaxexpensebenefit": 601000000,
        "profitloss": 2190000000,
        "netincomelossattributabletononcontrollinginterest": 6000000,
        "netincomeloss": 2184000000,
        "dividendspreferredstock": 32000000,
        "netincomelossavailabletocommonstockholdersbasic": 2152000000,
        "comprehensiveincomenetoftaxincludingportionattributabletononcontrollinginterest": 5759000000,
        "comprehensiveincomenetoftaxattributabletononcontrollinginterest": 9000000,
        "comprehensiveincomenetoftax": 5750000000,
        "earningspersharebasic": 2.31,
        "earningspersharediluted": 2.3
    },
    {
        "date": "2019-06-29",
        "symbol": "MET",
        "period": "Q2",
        "premiumsearnednet": 10129000000,
        "insurancecommissionsandfees": 1412000000,
        "netinvestmentincome": 4693000000,
        "otherincome": 478000000,
        "gainlossoninvestments": 61000000,
        "gainlossonderivativeinstrumentsnetpretax": 724000000,
        "revenues": 17497000000,
        "policyholderbenefitsandclaimsincurrednet": 9993000000,
        "interestcreditedtopolicyholdersaccountbalances": 1515000000,
        "policyholderdividends": 302000000,
        "operatingexpenses": 3390000000,
        "benefitslossesandexpenses": 15200000000,
        "incomelossfromcontinuingoperationsbeforeincometaxesextraordinaryitemsnoncontrollinginterest": 2297000000,
        "incometaxexpensebenefit": 551000000,
        "profitloss": 1746000000,
        "netincomelossattributabletononcontrollinginterest": 5000000,
        "netincomeloss": 1741000000,
        "dividendspreferredstock": 57000000,
        "netincomelossavailabletocommonstockholdersbasic": 1684000000,
        "comprehensiveincomenetoftaxincludingportionattributabletononcontrollinginterest": 6466000000,
        "comprehensiveincomenetoftaxattributabletononcontrollinginterest": 5000000,
        "comprehensiveincomenetoftax": 6461000000,
        "earningspersharebasic": 1.78,
        "earningspersharediluted": 1.77
    },
    {
        "date": "2019-03-30",
        "symbol": "MET",
        "period": "Q1",
        "premiumsearnednet": 542000000,
        "insurancecommissionsandfees": 103000000,
        "netinvestmentincome": 4000000,
        "otherincome": 157000000,
        "gainlossoninvestments": -24000000,
        "gainlossonderivativeinstrumentsnetpretax": 22000000,
        "revenues": 733000000,
        "policyholderbenefitsandclaimsincurrednet": 19000000,
        "interestcreditedtopolicyholdersaccountbalances": -32000000,
        "policyholderdividends": 300000000,
        "operatingexpenses": 1000000,
        "benefitslossesandexpenses": 620000000,
        "incomelossfromcontinuingoperationsbeforeincometaxesextraordinaryitemsnoncontrollinginterest": 2000000,
        "incometaxexpensebenefit": 12000000,
        "profitloss": 1381000000,
        "netincomelossattributabletononcontrollinginterest": 4000000,
        "netincomeloss": 1381000000,
        "dividendspreferredstock": 32000000,
        "netincomelossavailabletocommonstockholdersbasic": 1349000000,
        "comprehensiveincomenetoftaxincludingportionattributabletononcontrollinginterest": 6555000000,
        "comprehensiveincomenetoftaxattributabletononcontrollinginterest": 6000000,
        "comprehensiveincomenetoftax": 6549000000,
        "earningspersharebasic": 1.41,
        "earningspersharediluted": 1.4
    },
    {
        "date": "2018-12-30",
        "symbol": "MET",
        "period": "Q4",
        "profitloss": 65000000,
        "comprehensiveincomenetoftaxincludingportionattributabletononcontrollinginterest": 2786000000,
        "comprehensiveincomenetoftaxattributabletononcontrollinginterest": -3000000,
        "comprehensiveincomenetoftax": 2789000000,
        "premiumsearnednet": -506000000,
        "insurancecommissionsandfees": -125000000,
        "netinvestmentincome": -10000000,
        "otherincome": 273000000,
        "gainlossoninvestments": 42000000,
        "gainlossonderivativeinstrumentsnetpretax": 52000000,
        "revenues": -1972000000,
        "policyholderbenefitsandclaimsincurrednet": -8586000000,
        "interestcreditedtopolicyholdersaccountbalances": -126000000,
        "policyholderdividends": 318000000,
        "operatingexpenses": 67000000,
        "benefitslossesandexpenses": 235000000,
        "incomelossfromcontinuingoperationsbeforeincometaxesextraordinaryitemsnoncontrollinginterest": 84000000,
        "incometaxexpensebenefit": 19000000,
        "incomelossfromcontinuingoperationsincludingportionattributabletononcontrollinginterest": -3190000000,
        "netincomelossattributabletononcontrollinginterest": -5000000,
        "netincomeloss": 2067000000,
        "dividendspreferredstock": 57000000,
        "netincomelossavailabletocommonstockholdersbasic": 2010000000,
        "incomelossfromcontinuingoperationsperbasicshare": 2.0300000000000002,
        "incomelossfromcontinuingoperationsperdilutedshare": 2.0100000000000002,
        "earningspersharebasic": 2.0300000000000002,
        "earningspersharediluted": 2.0100000000000002
    },
    {
        "date": "2018-09-29",
        "symbol": "MET",
        "period": "Q3",
        "premiumsearnednet": 93000000,
        "insurancecommissionsandfees": -27000000,
        "netinvestmentincome": 9000000,
        "otherincome": 15000000,
        "gainlossoninvestments": 101000000,
        "gainlossonderivativeinstrumentsnetpretax": -80000000,
        "revenues": 707000000,
        "policyholderbenefitsandclaimsincurrednet": 76000000,
        "interestcreditedtopolicyholdersaccountbalances": -15000000,
        "policyholderdividends": 327000000,
        "operatingexpenses": 11000000,
        "benefitslossesandexpenses": 637000000,
        "incomelossfromcontinuingoperationsbeforeincometaxesextraordinaryitemsnoncontrollinginterest": 30000000,
        "incometaxexpensebenefit": 7000000,
        "incomelossfromcontinuingoperationsincludingportionattributabletononcontrollinginterest": 915000000,
        "profitloss": 23000000,
        "netincomelossattributabletononcontrollinginterest": 3000000,
        "netincomeloss": 912000000,
        "dividendspreferredstock": 32000000,
        "netincomelossavailabletocommonstockholdersbasic": 880000000,
        "comprehensiveincomenetoftaxincludingportionattributabletononcontrollinginterest": -940000000,
        "comprehensiveincomenetoftaxattributabletononcontrollinginterest": 2000000,
        "comprehensiveincomenetoftax": -942000000,
        "incomelossfromcontinuingoperationsperbasicshare": 0.89,
        "incomelossfromcontinuingoperationsperdilutedshare": 0.88,
        "earningspersharebasic": 0.89,
        "earningspersharediluted": 0.88
    },
    {
        "date": "2018-06-29",
        "symbol": "MET",
        "period": "Q2",
        "premiumsearnednet": 102000000,
        "insurancecommissionsandfees": 31000000,
        "netinvestmentincome": -3000000,
        "otherincome": 328000000,
        "gainlossoninvestments": -36000000,
        "gainlossonderivativeinstrumentsnetpretax": -44000000,
        "revenues": 6000000000,
        "policyholderbenefitsandclaimsincurrednet": 84000000,
        "interestcreditedtopolicyholdersaccountbalances": -14000000,
        "policyholderdividends": 309000000,
        "operatingexpenses": -1000000,
        "benefitslossesandexpenses": 634000000,
        "incomelossfromcontinuingoperationsbeforeincometaxesextraordinaryitemsnoncontrollinginterest": -83000000,
        "incometaxexpensebenefit": -19000000,
        "incomelossfromcontinuingoperationsincludingportionattributabletononcontrollinginterest": 894000000,
        "profitloss": -64000000,
        "netincomelossattributabletononcontrollinginterest": 3000000,
        "netincomeloss": 891000000,
        "dividendspreferredstock": 46000000,
        "netincomelossavailabletocommonstockholdersbasic": 845000000,
        "comprehensiveincomenetoftaxincludingportionattributabletononcontrollinginterest": -1885000000,
        "comprehensiveincomenetoftaxattributabletononcontrollinginterest": 4000000,
        "comprehensiveincomenetoftax": -1889000000,
        "incomelossfromcontinuingoperationsperbasicshare": 0.83,
        "incomelossfromcontinuingoperationsperdilutedshare": 0.83,
        "earningspersharebasic": 0.83,
        "earningspersharediluted": 0.83,
        "commonstockdividendspersharecashpaid": 0.42
    },
    {
        "date": "2018-03-30",
        "symbol": "MET",
        "period": "Q1",
        "premiumsearnednet": 699000000,
        "insurancecommissionsandfees": 32000000,
        "netinvestmentincome": 3000000,
        "otherincome": 8000000,
        "gainlossoninvestments": -101000000,
        "gainlossonderivativeinstrumentsnetpretax": 53000000,
        "revenues": 1265000000,
        "policyholderbenefitsandclaimsincurrednet": 8718000000,
        "interestcreditedtopolicyholdersaccountbalances": 98000000,
        "policyholderdividends": 297000000,
        "operatingexpenses": -1000000,
        "benefitslossesandexpenses": 1050000000,
        "incomelossfromcontinuingoperationsbeforeincometaxesextraordinaryitemsnoncontrollinginterest": -45000000,
        "incometaxexpensebenefit": -10000000,
        "incomelossfromcontinuingoperationsincludingportionattributabletononcontrollinginterest": 1257000000,
        "profitloss": -35000000,
        "netincomelossattributabletononcontrollinginterest": 4000000,
        "netincomeloss": 1253000000,
        "dividendspreferredstock": 6000000,
        "netincomelossavailabletocommonstockholdersbasic": 1247000000,
        "comprehensiveincomenetoftaxincludingportionattributabletononcontrollinginterest": -1448000000,
        "comprehensiveincomenetoftaxattributabletononcontrollinginterest": 4000000,
        "comprehensiveincomenetoftax": -1452000000,
        "incomelossfromcontinuingoperationsperbasicshare": 1.2,
        "incomelossfromcontinuingoperationsperdilutedshare": 1.19,
        "earningspersharebasic": 1.2,
        "earningspersharediluted": 1.19,
        "commonstockdividendspersharecashpaid": 0.4
    },
    {
        "date": "2017-12-30",
        "symbol": "MET",
        "period": "Q4",
        "comprehensiveincomenetoftaxincludingportionattributabletononcontrollinginterest": 2782000000,
        "comprehensiveincomenetoftaxattributabletononcontrollinginterest": -2000000,
        "comprehensiveincomenetoftax": 2784000000,
        "premiumsearnednet": 3456000000,
        "insurancecommissionsandfees": 96000000,
        "netinvestmentincome": 18000000,
        "otherincome": 77000000,
        "gainlossonsaleofotherinvestments": 188000000,
        "gainlossoninvestments": 63000000,
        "gainlossonderivativeinstrumentsnetpretax": 86000000,
        "revenues": 4984000000,
        "policyholderbenefitsandclaimsincurrednet": -20082000000,
        "interestcreditedtopolicyholdersaccountbalances": -725000000,
        "policyholderdividends": 292000000,
        "operatingexpenses": -282000000,
        "benefitslossesandexpenses": 3076000000,
        "incomelossfromcontinuingoperationsbeforeincometaxesextraordinaryitemsnoncontrollinginterest": -500000000,
        "incometaxexpensebenefit": -1693000000,
        "profitloss": 64000000,
        "netincomelossattributabletononcontrollinginterest": -2000000,
        "netincomeloss": 2381000000,
        "dividendspreferredstock": 45000000,
        "netincomelossavailabletocommonstockholdersbasic": 2336000000,
        "earningspersharebasic": 2.2,
        "earningspersharediluted": 2.18,
        "commonstockdividendspersharecashpaid": 0.40000000000000013
    },
    {
        "date": "2017-09-29",
        "symbol": "MET",
        "period": "Q3",
        "premiumsearnednet": 68000000,
        "insurancecommissionsandfees": 21000000,
        "netinvestmentincome": -1000000,
        "otherincome": 65000000,
        "otherthantemporaryimpairmentlossesinvestmentsportionrecognizedinearningsnetavailableforsalesecurities": 6000000,
        "otherthantemporaryimpairmentlossesinvestmentsportioninothercomprehensiveincomelossbeforetaxincludingportionattributabletononcontrollinginterestavailableforsalesecurities": -1000000,
        "gainlossonsaleofotherinvestments": -601000000,
        "gainlossoninvestments": 303000000,
        "gainlossonderivativeinstrumentsnetpretax": 55000000,
        "revenues": 104000000,
        "policyholderbenefitsandclaimsincurrednet": 49000000,
        "interestcreditedtopolicyholdersaccountbalances": -9000000,
        "policyholderdividends": 302000000,
        "operatingexpenses": -1000000,
        "benefitslossesandexpenses": 524000000,
        "incomelossfromcontinuingoperationsbeforeincometaxesextraordinaryitemsnoncontrollinginterest": 360000000,
        "incometaxexpensebenefit": 126000000,
        "incomelossfromcontinuingoperationsincludingportionattributabletononcontrollinginterest": 893000000,
        "incomelossfromdiscontinuedoperationsnetoftax": -980000000,
        "profitloss": 234000000,
        "netincomelossattributabletononcontrollinginterest": 6000000,
        "netincomeloss": -81000000,
        "dividendspreferredstock": 6000000,
        "netincomelossavailabletocommonstockholdersbasic": -87000000,
        "comprehensiveincomenetoftaxincludingportionattributabletononcontrollinginterest": -182000000,
        "comprehensiveincomenetoftaxattributabletononcontrollinginterest": 10000000,
        "comprehensiveincomenetoftax": -192000000,
        "incomelossfromcontinuingoperationsperbasicshare": 0.83,
        "incomelossfromcontinuingoperationsperdilutedshare": 0.82,
        "earningspersharebasic": -0.08,
        "earningspersharediluted": -0.08,
        "commonstockdividendspersharecashpaid": 0.4
    },
    {
        "date": "2017-06-29",
        "symbol": "MET",
        "period": "Q2",
        "premiumsearnednet": 10000000,
        "insurancecommissionsandfees": -32000000,
        "netinvestmentincome": -4000000,
        "otherincome": -68000000,
        "otherthantemporaryimpairmentlossesinvestmentsportionrecognizedinearningsnetavailableforsalesecurities": 3000000,
        "gainlossonsaleofotherinvestments": 107000000,
        "gainlossoninvestments": 46000000,
        "gainlossonderivativeinstrumentsnetpretax": 5000000,
        "revenues": -69000000,
        "policyholderbenefitsandclaimsincurrednet": 10302000000,
        "interestcreditedtopolicyholdersaccountbalances": 359000000,
        "policyholderdividends": 320000000,
        "operatingexpenses": 330000000,
        "benefitslossesandexpenses": 302000000,
        "incomelossfromcontinuingoperationsbeforeincometaxesextraordinaryitemsnoncontrollinginterest": 47000000,
        "incometaxexpensebenefit": 22000000,
        "profitloss": 25000000,
        "netincomelossattributabletononcontrollinginterest": 3000000,
        "netincomeloss": 884000000,
        "dividendspreferredstock": 46000000,
        "netincomelossavailabletocommonstockholdersbasic": 838000000,
        "comprehensiveincomenetoftaxincludingportionattributabletononcontrollinginterest": 2926000000,
        "comprehensiveincomenetoftaxattributabletononcontrollinginterest": 2000000,
        "comprehensiveincomenetoftax": 2924000000,
        "earningspersharebasic": 0.78,
        "earningspersharediluted": 0.77,
        "commonstockdividendspersharecashpaid": 0.4
    },
    {
        "date": "2017-03-30",
        "symbol": "MET",
        "period": "Q1",
        "premiumsearnednet": 37000000,
        "insurancecommissionsandfees": -31000000,
        "netinvestmentincome": 7000000,
        "otherincome": -42000000,
        "gainlossonsaleofotherinvestments": 8000000,
        "gainlossoninvestments": -8000000,
        "gainlossonderivativeinstrumentsnetpretax": -195000000,
        "revenues": -31000000,
        "policyholderbenefitsandclaimsincurrednet": 9859000000,
        "interestcreditedtopolicyholdersaccountbalances": 351000000,
        "policyholderdividends": 317000000,
        "operatingexpenses": -1000000,
        "benefitslossesandexpenses": 345000000,
        "incomelossfromcontinuingoperationsbeforeincometaxesextraordinaryitemsnoncontrollinginterest": -196000000,
        "incometaxexpensebenefit": -75000000,
        "profitloss": -121000000,
        "netincomelossattributabletononcontrollinginterest": 3000000,
        "netincomeloss": 826000000,
        "dividendspreferredstock": 6000000,
        "netincomelossavailabletocommonstockholdersbasic": 820000000,
        "comprehensiveincomenetoftaxincludingportionattributabletononcontrollinginterest": 1879000000,
        "comprehensiveincomenetoftaxattributabletononcontrollinginterest": 4000000,
        "comprehensiveincomenetoftax": 1875000000,
        "earningspersharebasic": 0.75,
        "earningspersharediluted": 0.75,
        "commonstockdividendspersharecashpaid": 0.4
    },
    {
        "date": "2016-12-30",
        "symbol": "MET",
        "period": "Q4",
        "comprehensiveincomenetoftaxincludingportionattributabletononcontrollinginterest": -10341000000,
        "comprehensiveincomenetoftaxattributabletononcontrollinginterest": -5000000,
        "comprehensiveincomenetoftax": -10336000000,
        "premiumsearnednet": 3430000000,
        "insurancecommissionsandfees": -137000000,
        "netinvestmentincome": 19000000,
        "otherincome": -543000000,
        "otherthantemporaryimpairmentlossesinvestmentsportionrecognizedinearningsnetavailableforsalesecurities": 21000000,
        "gainlossonsaleofotherinvestments": -344000000,
        "gainlossoninvestments": -318000000,
        "gainlossonderivativeinstrumentsnetpretax": -61000000,
        "revenues": -900000000,
        "policyholderbenefitsandclaimsincurrednet": 9997000000,
        "interestcreditedtopolicyholdersaccountbalances": -322000000,
        "policyholderdividends": 305000000,
        "operatingexpenses": -3714000000,
        "benefitslossesandexpenses": -450000000,
        "incomelossfromcontinuingoperationsbeforeincometaxesextraordinaryitemsnoncontrollinginterest": -360000000,
        "incometaxexpensebenefit": -123000000,
        "profitloss": -237000000,
        "netincomelossattributabletononcontrollinginterest": 2000000,
        "netincomeloss": -2088000000,
        "dividendspreferredstock": 45000000,
        "netincomelossavailabletocommonstockholdersbasic": -2133000000,
        "earningspersharebasic": -1.94,
        "earningspersharediluted": -1.92,
        "commonstockdividendspersharecashpaid": 0.3999999999999998
    },
    {
        "date": "2016-09-29",
        "symbol": "MET",
        "period": "Q3",
        "premiumsearnednet": 40000000,
        "insurancecommissionsandfees": -31000000,
        "netinvestmentincome": 4000000,
        "otherincome": -28000000,
        "otherthantemporaryimpairmentlossesinvestmentsportionrecognizedinearningsnetavailableforsalesecurities": 8000000,
        "otherthantemporaryimpairmentlossesinvestmentsportioninothercomprehensiveincomelossbeforetaxincludingportionattributabletononcontrollinginterestavailableforsalesecurities": 6000000,
        "gainlossonsaleofotherinvestments": 271000000,
        "gainlossoninvestments": 163000000,
        "gainlossonderivativeinstrumentsnetpretax": 6000000,
        "revenues": -26000000,
        "policyholderbenefitsandclaimsincurrednet": 10855000000,
        "interestcreditedtopolicyholdersaccountbalances": 322000000,
        "policyholderdividends": 312000000,
        "goodwillimpairmentloss": 260000000,
        "operatingexpenses": 3928000000,
        "benefitslossesandexpenses": 251000000,
        "incomelossfromcontinuingoperationsbeforeincometaxesextraordinaryitemsnoncontrollinginterest": 173000000,
        "incometaxexpensebenefit": 60000000,
        "profitloss": 113000000,
        "netincomelossattributabletononcontrollinginterest": -4000000,
        "netincomeloss": 577000000,
        "dividendspreferredstock": 6000000,
        "netincomelossavailabletocommonstockholdersbasic": 571000000,
        "comprehensiveincomenetoftaxincludingportionattributabletononcontrollinginterest": -463000000,
        "comprehensiveincomenetoftaxattributabletononcontrollinginterest": -3000000,
        "comprehensiveincomenetoftax": -460000000,
        "earningspersharebasic": 0.52,
        "earningspersharediluted": 0.51,
        "commonstockdividendspersharecashpaid": 0.4
    },
    {
        "date": "2016-06-29",
        "symbol": "MET",
        "period": "Q2",
        "premiumsearnednet": 13000000,
        "insurancecommissionsandfees": 25000000,
        "netinvestmentincome": 16000000,
        "otherincome": 27000000,
        "otherthantemporaryimpairmentlossesinvestmentsportionrecognizedinearningsnetavailableforsalesecurities": 8000000,
        "otherthantemporaryimpairmentlossesinvestmentsportioninothercomprehensiveincomelossbeforetaxincludingportionattributabletononcontrollinginterestavailableforsalesecurities": 6000000,
        "gainlossonsaleofotherinvestments": 280000000,
        "gainlossoninvestments": 158000000,
        "gainlossonderivativeinstrumentsnetpretax": 9000000,
        "revenues": 109000000,
        "policyholderbenefitsandclaimsincurrednet": 10274000000,
        "interestcreditedtopolicyholdersaccountbalances": 1000000,
        "policyholderdividends": 324000000,
        "operatingexpenses": -1000000,
        "benefitslossesandexpenses": 481000000,
        "incomelossfromcontinuingoperationsbeforeincometaxesextraordinaryitemsnoncontrollinginterest": 183000000,
        "incometaxexpensebenefit": 61000000,
        "profitloss": 122000000,
        "netincomelossattributabletononcontrollinginterest": 4000000,
        "netincomeloss": 110000000,
        "dividendspreferredstock": 46000000,
        "netincomelossavailabletocommonstockholdersbasic": 64000000,
        "comprehensiveincomenetoftaxincludingportionattributabletononcontrollinginterest": 3884000000,
        "comprehensiveincomenetoftaxattributabletononcontrollinginterest": 7000000,
        "comprehensiveincomenetoftax": 3877000000,
        "earningspersharebasic": 0.06,
        "earningspersharediluted": 0.06,
        "commonstockdividendspersharecashpaid": 0.4
    },
    {
        "date": "2016-03-30",
        "symbol": "MET",
        "period": "Q1",
        "premiumsearnednet": 26000000,
        "insurancecommissionsandfees": 24000000,
        "netinvestmentincome": 3000000,
        "otherincome": 27000000,
        "otherthantemporaryimpairmentlossesinvestmentsportionrecognizedinearningsnetavailableforsalesecurities": 78000000,
        "gainlossonsaleofotherinvestments": 93000000,
        "gainlossoninvestments": -33000000,
        "gainlossonderivativeinstrumentsnetpretax": 13000000,
        "revenues": 159000000,
        "policyholderbenefitsandclaimsincurrednet": 9678000000,
        "interestcreditedtopolicyholdersaccountbalances": 4000000,
        "policyholderdividends": 315000000,
        "operatingexpenses": -1000000,
        "benefitslossesandexpenses": 511000000,
        "incomelossfromcontinuingoperationsbeforeincometaxesextraordinaryitemsnoncontrollinginterest": -17000000,
        "incometaxexpensebenefit": -7000000,
        "profitloss": -10000000,
        "netincomelossattributabletononcontrollinginterest": 2000000,
        "netincomeloss": 2201000000,
        "dividendspreferredstock": 6000000,
        "netincomelossavailabletocommonstockholdersbasic": 2195000000,
        "comprehensiveincomenetoftaxincludingportionattributabletononcontrollinginterest": 8388000000,
        "comprehensiveincomenetoftaxattributabletononcontrollinginterest": 93000000,
        "comprehensiveincomenetoftax": 8295000000,
        "earningspersharebasic": 1.99,
        "earningspersharediluted": 1.98,
        "commonstockdividendspersharecashpaid": 0.375
    },
    {
        "date": "2015-12-30",
        "symbol": "MET",
        "period": "Q4",
        "comprehensiveincomenetoftaxincludingportionattributabletononcontrollinginterest": -1296000000,
        "comprehensiveincomenetoftaxattributabletononcontrollinginterest": -10000000,
        "comprehensiveincomenetoftax": -1286000000,
        "premiumsearnednet": 3396000000,
        "insurancecommissionsandfees": 24000000,
        "netinvestmentincome": -11000000,
        "otherincome": 24000000,
        "otherthantemporaryimpairmentlossesinvestmentsportioninothercomprehensiveincomelossbeforetaxincludingportionattributabletononcontrollinginterestavailableforsalesecurities": 10000000,
        "gainlossonsaleofotherinvestments": 105000000,
        "gainlossoninvestments": -224000000,
        "gainlossonderivativeinstrumentsnetpretax": 66000000,
        "revenues": 142000000,
        "policyholderbenefitsandclaimsincurrednet": 9771000000,
        "interestcreditedtopolicyholdersaccountbalances": 4000000,
        "policyholderdividends": 364000000,
        "benefitslossesandexpenses": 507000000,
        "incomelossfromcontinuingoperationsbeforeincometaxesextraordinaryitemsnoncontrollinginterest": -169000000,
        "incometaxexpensebenefit": -56000000,
        "incomelossfromcontinuingoperationsincludingportionattributabletononcontrollinginterest": 842000000,
        "profitloss": -113000000,
        "netincomelossattributabletononcontrollinginterest": 8000000,
        "netincomeloss": 834000000,
        "dividendspreferredstock": 49000000,
        "netincomelossavailabletocommonstockholdersbasic": 785000000,
        "incomelossfromcontinuingoperationsperbasicshare": 0.7099999999999997,
        "incomelossfromcontinuingoperationsperdilutedshare": 0.7100000000000004,
        "earningspersharebasic": 0.7099999999999997,
        "earningspersharediluted": 0.7100000000000004,
        "commonstockdividendspersharecashpaid": 0.3750000000000001
    },
    {
        "date": "2015-09-29",
        "symbol": "MET",
        "period": "Q3",
        "premiumsearnednet": 18000000,
        "insurancecommissionsandfees": 26000000,
        "netinvestmentincome": 3000000,
        "otherincome": 23000000,
        "otherthantemporaryimpairmentlossesinvestmentsportioninothercomprehensiveincomelossbeforetaxincludingportionattributabletononcontrollinginterestavailableforsalesecurities": -16000000,
        "gainlossonsaleofotherinvestments": 409000000,
        "gainlossoninvestments": 104000000,
        "gainlossonderivativeinstrumentsnetpretax": -5000000,
        "revenues": 79000000,
        "policyholderbenefitsandclaimsincurrednet": 10334000000,
        "interestcreditedtopolicyholdersaccountbalances": 5000000,
        "policyholderdividends": 354000000,
        "benefitslossesandexpenses": 811000000,
        "incomelossfromcontinuingoperationsbeforeincometaxesextraordinaryitemsnoncontrollinginterest": 102000000,
        "incometaxexpensebenefit": 34000000,
        "incomelossfromcontinuingoperationsincludingportionattributabletononcontrollinginterest": 1198000000,
        "profitloss": 68000000,
        "netincomelossattributabletononcontrollinginterest": -5000000,
        "netincomeloss": 1203000000,
        "dividendspreferredstock": 6000000,
        "netincomelossavailabletocommonstockholdersbasic": 1197000000,
        "comprehensiveincomenetoftaxincludingportionattributabletononcontrollinginterest": 1653000000,
        "comprehensiveincomenetoftaxattributabletononcontrollinginterest": 2000000,
        "comprehensiveincomenetoftax": 1651000000,
        "incomelossfromcontinuingoperationsperbasicshare": 1.07,
        "incomelossfromcontinuingoperationsperdilutedshare": 1.06,
        "earningspersharebasic": 1.07,
        "earningspersharediluted": 1.06,
        "commonstockdividendspersharecashpaid": 0.3750000000000001
    },
    {
        "date": "2015-06-29",
        "symbol": "MET",
        "period": "Q2",
        "premiumsearnednet": 26000000,
        "insurancecommissionsandfees": 26000000,
        "netinvestmentincome": 17000000,
        "otherincome": 19000000,
        "otherthantemporaryimpairmentlossesinvestmentsportionrecognizedinearningsnetavailableforsalesecurities": 0,
        "otherthantemporaryimpairmentlossesinvestmentsportioninothercomprehensiveincomelossbeforetaxincludingportionattributabletononcontrollinginterestavailableforsalesecurities": 2000000,
        "gainlossonsaleofotherinvestments": -131000000,
        "gainlossoninvestments": 110000000,
        "gainlossonderivativeinstrumentsnetpretax": 50000000,
        "revenues": 200000000,
        "policyholderbenefitsandclaimsincurrednet": 9352000000,
        "interestcreditedtopolicyholdersaccountbalances": 8000000,
        "policyholderdividends": 331000000,
        "operatingexpenses": 0,
        "benefitslossesandexpenses": 497000000,
        "incomelossfromcontinuingoperationsbeforeincometaxesextraordinaryitemsnoncontrollinginterest": 177000000,
        "incometaxexpensebenefit": 65000000,
        "incomelossfromcontinuingoperationsincludingportionattributabletononcontrollinginterest": 1119000000,
        "profitloss": 112000000,
        "netincomelossattributabletononcontrollinginterest": 4000000,
        "netincomeloss": 1115000000,
        "dividendspreferredstock": 31000000,
        "netincomelossavailabletocommonstockholdersbasic": 1042000000,
        "comprehensiveincomenetoftaxincludingportionattributabletononcontrollinginterest": -3994000000,
        "comprehensiveincomenetoftaxattributabletononcontrollinginterest": -23000000,
        "comprehensiveincomenetoftax": -3971000000,
        "incomelossfromcontinuingoperationsperbasicshare": 0.9400000000000002,
        "incomelossfromcontinuingoperationsperdilutedshare": 0.9299999999999997,
        "earningspersharebasic": 0.9400000000000002,
        "earningspersharediluted": 0.9299999999999997,
        "commonstockdividendspersharecashpaid": 0.375
    },
    {
        "date": "2015-03-30",
        "symbol": "MET",
        "period": "Q1",
        "premiumsearnednet": 10000000,
        "insurancecommissionsandfees": 23000000,
        "netinvestmentincome": 40000000,
        "otherincome": 20000000,
        "otherthantemporaryimpairmentlossesinvestmentsportionrecognizedinearningsnetavailableforsalesecurities": 8000000,
        "otherthantemporaryimpairmentlossesinvestmentsportioninothercomprehensiveincomelossbeforetaxincludingportionattributabletononcontrollinginterestavailableforsalesecurities": 10000000,
        "gainlossonsaleofotherinvestments": 304000000,
        "gainlossoninvestments": 139000000,
        "gainlossonderivativeinstrumentsnetpretax": -66000000,
        "revenues": 162000000,
        "policyholderbenefitsandclaimsincurrednet": 9257000000,
        "interestcreditedtopolicyholdersaccountbalances": 6000000,
        "policyholderdividends": 339000000,
        "operatingexpenses": -1000000,
        "benefitslossesandexpenses": 460000000,
        "incomelossfromcontinuingoperationsbeforeincometaxesextraordinaryitemsnoncontrollinginterest": 113000000,
        "incometaxexpensebenefit": 35000000,
        "incomelossfromcontinuingoperationsincludingportionattributabletononcontrollinginterest": 2163000000,
        "profitloss": 78000000,
        "netincomelossattributabletononcontrollinginterest": 5000000,
        "netincomeloss": 2158000000,
        "dividendspreferredstock": 30000000,
        "netincomelossavailabletocommonstockholdersbasic": 2128000000,
        "comprehensiveincomenetoftaxincludingportionattributabletononcontrollinginterest": 3101000000,
        "comprehensiveincomenetoftaxattributabletononcontrollinginterest": 63000000,
        "comprehensiveincomenetoftax": 3038000000,
        "incomelossfromcontinuingoperationsperbasicshare": 1.89,
        "incomelossfromcontinuingoperationsperdilutedshare": 1.87,
        "earningspersharebasic": 1.89,
        "earningspersharediluted": 1.87,
        "commonstockdividendspersharecashpaid": 0.35
    },
    {
        "date": "2014-12-30",
        "symbol": "MET",
        "period": "Q4",
        "comprehensiveincomenetoftaxincludingportionattributabletononcontrollinginterest": 1201000000,
        "comprehensiveincomenetoftaxattributabletononcontrollinginterest": 23000000,
        "comprehensiveincomenetoftax": 1178000000,
        "premiumsearnednet": -2017000000,
        "insurancecommissionsandfees": -829000000,
        "otherthantemporaryimpairmentlossesinvestmentsportionrecognizedinearningsnetavailableforsalesecurities": 3000000,
        "otherthantemporaryimpairmentlossesinvestmentsportioninothercomprehensiveincomelossbeforetaxincludingportionattributabletononcontrollinginterestavailableforsalesecurities": 1000000,
        "gainlossonsaleofotherinvestments": 234000000,
        "gainlossoninvestments": -452000000,
        "gainlossonderivativeinstrumentsnetpretax": 509000000,
        "revenues": -52310000000,
        "policyholderbenefitsandclaimsincurrednet": 10278000000,
        "interestcreditedtopolicyholdersaccountbalances": -810000000,
        "policyholderdividends": 329000000,
        "benefitslossesandexpenses": 81000000,
        "incomelossfromcontinuingoperationsbeforeincometaxesextraordinaryitemsnoncontrollinginterest": 947000000,
        "incometaxexpensebenefit": -203000000,
        "incomelossfromcontinuingoperationsincludingportionattributabletononcontrollinginterest": 1527000000,
        "profitloss": -437000000,
        "netincomeloss": 1521000000,
        "dividendspreferredstock": 31000000,
        "netincomelossavailabletocommonstockholdersbasic": 1490000000,
        "incomelossfromcontinuingoperationsperbasicshare": 1.3100000000000005,
        "incomelossfromcontinuingoperationsperdilutedshare": 1.2999999999999996,
        "earningspersharebasic": 1.3100000000000005,
        "earningspersharediluted": 1.2999999999999996,
        "commonstockdividendspersharecashpaid": 0.3550000000000001
    },
    {
        "date": "2014-09-29",
        "symbol": "MET",
        "period": "Q3",
        "premiumsearnednet": 1869000000,
        "insurancecommissionsandfees": 328000000,
        "otherincome": 0,
        "otherthantemporaryimpairmentlossesinvestmentsportionrecognizedinearningsnetavailableforsalesecurities": 17000000,
        "otherthantemporaryimpairmentlossesinvestmentsportioninothercomprehensiveincomelossbeforetaxincludingportionattributabletononcontrollinginterestavailableforsalesecurities": 14000000,
        "gainlossonsaleofotherinvestments": 140000000,
        "gainlossoninvestments": 181000000,
        "gainlossonderivativeinstrumentsnetpretax": -466000000,
        "revenues": 17918000000,
        "policyholderbenefitsandclaimsincurrednet": 9512000000,
        "interestcreditedtopolicyholdersaccountbalances": 279000000,
        "policyholderdividends": 347000000,
        "benefitslossesandexpenses": 729000000,
        "incomelossfromcontinuingoperationsbeforeincometaxesextraordinaryitemsnoncontrollinginterest": -45000000,
        "incometaxexpensebenefit": 62000000,
        "incomelossfromcontinuingoperationsincludingportionattributabletononcontrollinginterest": 2094000000,
        "profitloss": 152000000,
        "netincomelossattributabletononcontrollinginterest": 0,
        "netincomeloss": 2094000000,
        "dividendspreferredstock": 30000000,
        "netincomelossavailabletocommonstockholdersbasic": 2064000000,
        "comprehensiveincomenetoftaxincludingportionattributabletononcontrollinginterest": 1972000000,
        "comprehensiveincomenetoftaxattributabletononcontrollinginterest": -56000000,
        "comprehensiveincomenetoftax": 2028000000,
        "incomelossfromcontinuingoperationsperbasicshare": 1.83,
        "incomelossfromcontinuingoperationsperdilutedshare": 1.8100000000000003,
        "earningspersharebasic": 1.83,
        "earningspersharediluted": 1.8100000000000003,
        "commonstockdividendspersharecashpaid": 0.35
    },
    {
        "date": "2014-06-29",
        "symbol": "MET",
        "period": "Q2",
        "premiumsearnednet": -5681000000,
        "insurancecommissionsandfees": 595000000,
        "netinvestmentincome": 0,
        "otherincome": -23000000,
        "otherthantemporaryimpairmentlossesinvestmentsportionrecognizedinearningsnetavailableforsalesecurities": 9000000,
        "otherthantemporaryimpairmentlossesinvestmentsportioninothercomprehensiveincomelossbeforetaxincludingportionattributabletononcontrollinginterestavailableforsalesecurities": 6000000,
        "gainlossonsaleofotherinvestments": -515000000,
        "gainlossoninvestments": 605000000,
        "gainlossonderivativeinstrumentsnetpretax": 83000000,
        "revenues": 29687000000,
        "policyholderbenefitsandclaimsincurrednet": 9988000000,
        "interestcreditedtopolicyholdersaccountbalances": 531000000,
        "policyholderdividends": 397000000,
        "operatingexpenses": 0,
        "benefitslossesandexpenses": -2985000000,
        "incomelossfromcontinuingoperationsbeforeincometaxesextraordinaryitemsnoncontrollinginterest": -145000000,
        "incometaxexpensebenefit": 55000000,
        "incomelossfromcontinuingoperationsincludingportionattributabletononcontrollinginterest": 1376000000,
        "incomelossfromdiscontinuedoperationsnetoftax": 0,
        "profitloss": 200000000,
        "netincomelossattributabletononcontrollinginterest": 10000000,
        "netincomeloss": 1366000000,
        "dividendspreferredstock": 31000000,
        "netincomelossavailabletocommonstockholdersbasic": 1335000000,
        "comprehensiveincomenetoftaxincludingportionattributabletononcontrollinginterest": 4228000000,
        "comprehensiveincomenetoftaxattributabletononcontrollinginterest": 19000000,
        "comprehensiveincomenetoftax": 4209000000,
        "incomelossfromcontinuingoperationsperbasicshare": 1.19,
        "incomelossfromcontinuingoperationsperdilutedshare": 1.1700000000000002,
        "earningspersharebasic": 1.19,
        "earningspersharediluted": 1.1700000000000002,
        "commonstockdividendspersharecashpaid": 0.35
    },
    {
        "date": "2014-03-30",
        "symbol": "MET",
        "period": "Q1",
        "premiumsearnednet": 9217000000,
        "insurancecommissionsandfees": 33000000,
        "netinvestmentincome": -1000000,
        "otherincome": 7000000,
        "otherthantemporaryimpairmentlossesinvestmentsportionrecognizedinearningsnetavailableforsalesecurities": 14000000,
        "otherthantemporaryimpairmentlossesinvestmentsportioninothercomprehensiveincomelossbeforetaxincludingportionattributabletononcontrollinginterestavailableforsalesecurities": -4000000,
        "gainlossonsaleofotherinvestments": 4000000,
        "gainlossoninvestments": -411000000,
        "gainlossonderivativeinstrumentsnetpretax": 15000000,
        "revenues": 5230000000,
        "policyholderbenefitsandclaimsincurrednet": 9324000000,
        "interestcreditedtopolicyholdersaccountbalances": 34000000,
        "policyholderdividends": 303000000,
        "operatingexpenses": -1000000,
        "benefitslossesandexpenses": 4451000000,
        "incomelossfromcontinuingoperationsbeforeincometaxesextraordinaryitemsnoncontrollinginterest": 54000000,
        "incometaxexpensebenefit": 59000000,
        "incomelossfromcontinuingoperationsincludingportionattributabletononcontrollinginterest": 1342000000,
        "incomelossfromdiscontinuedoperationsnetoftax": -3000000,
        "profitloss": 35000000,
        "netincomelossattributabletononcontrollinginterest": 11000000,
        "netincomeloss": 1328000000,
        "dividendspreferredstock": 30000000,
        "netincomelossavailabletocommonstockholdersbasic": 1298000000,
        "comprehensiveincomenetoftaxincludingportionattributabletononcontrollinginterest": 4482000000,
        "comprehensiveincomenetoftaxattributabletononcontrollinginterest": 43000000,
        "comprehensiveincomenetoftax": 4439000000,
        "incomelossfromcontinuingoperationsperbasicshare": 1.15,
        "incomelossfromcontinuingoperationsperdilutedshare": 1.14,
        "earningspersharebasic": 1.15,
        "earningspersharediluted": 1.14,
        "commonstockdividendspersharecashpaid": 0.275
    },
    {
        "date": "2013-12-30",
        "symbol": "MET",
        "period": "Q4",
        "netincomeloss": 908000000,
        "comprehensiveincomenetoftaxincludingportionattributabletononcontrollinginterest": 945000000,
        "comprehensiveincomenetoftaxattributabletononcontrollinginterest": 33000000,
        "comprehensiveincomenetoftax": 912000000,
        "premiumsearnednet": 3240000000,
        "insurancecommissionsandfees": 34000000,
        "netinvestmentincome": 239000000,
        "otherincome": -161000000,
        "otherthantemporaryimpairmentlossesinvestmentsportionrecognizedinearningsnetavailableforsalesecurities": 4000000,
        "otherthantemporaryimpairmentlossesinvestmentsportioninothercomprehensiveincomelossbeforetaxincludingportionattributabletononcontrollinginterestavailableforsalesecurities": 4000000,
        "gainlossonsaleofotherinvestments": -346000000,
        "gainlossoninvestments": -419000000,
        "gainlossonderivativeinstrumentsnetpretax": -116000000,
        "revenues": 763000000,
        "policyholderbenefitsandclaimsincurrednet": 10280000000,
        "interestcreditedtopolicyholdersaccountbalances": -788000000,
        "policyholderdividends": 305000000,
        "operatingexpenses": 374000000,
        "benefitslossesandexpenses": -42784000000,
        "incomelossfromcontinuingoperationsbeforeincometaxesextraordinaryitemsnoncontrollinginterest": 3109000000,
        "incometaxexpensebenefit": -543000000,
        "incomelossfromcontinuingoperationsincludingportionattributabletononcontrollinginterest": 915000000,
        "incomelossfromdiscontinuedoperationsnetoftax": 1000000,
        "profitloss": 188000000,
        "netincomelossattributabletononcontrollinginterest": 8000000,
        "dividendspreferredstock": 31000000,
        "netincomelossavailabletocommonstockholdersbasic": 877000000,
        "incomelossfromcontinuingoperationsperbasicshare": 0.7899999999999999,
        "incomelossfromcontinuingoperationsperdilutedshare": 0.7699999999999999,
        "earningspersharebasic": 0.7899999999999999,
        "earningspersharediluted": 0.7699999999999999,
        "commonstockdividendspersharecashpaid": 0.27499999999999997
    },
    {
        "date": "2013-09-29",
        "symbol": "MET",
        "period": "Q3",
        "premiumsearnednet": -1124000000,
        "insurancecommissionsandfees": -82000000,
        "netinvestmentincome": 61000000,
        "otherincome": 255000000,
        "otherthantemporaryimpairmentlossesinvestmentsportionrecognizedinearningsnetavailableforsalesecurities": 21000000,
        "otherthantemporaryimpairmentlossesinvestmentsportioninothercomprehensiveincomelossbeforetaxincludingportionattributabletononcontrollinginterestavailableforsalesecurities": 21000000,
        "gainlossonsaleofotherinvestments": -96000000,
        "gainlossoninvestments": -85000000,
        "gainlossonderivativeinstrumentsnetpretax": 3000000,
        "revenues": 2059000000,
        "policyholderbenefitsandclaimsincurrednet": 9472000000,
        "interestcreditedtopolicyholdersaccountbalances": 3047000000,
        "policyholderdividends": 312000000,
        "operatingexpenses": -4027000000,
        "benefitslossesandexpenses": 42843000000,
        "incomelossfromcontinuingoperationsbeforeincometaxesextraordinaryitemsnoncontrollinginterest": 73000000,
        "incometaxexpensebenefit": 93000000,
        "incomelossfromcontinuingoperationsincludingportionattributabletononcontrollinginterest": 973000000,
        "incomelossfromdiscontinuedoperationsnetoftax": 2000000,
        "profitloss": 411000000,
        "netincomelossattributabletononcontrollinginterest": 31000000,
        "netincomeloss": 972000000,
        "dividendspreferredstock": 30000000,
        "netincomelossavailabletocommonstockholdersbasic": 942000000,
        "comprehensiveincomenetoftaxincludingportionattributabletononcontrollinginterest": -188000000,
        "comprehensiveincomenetoftaxattributabletononcontrollinginterest": -50000000,
        "comprehensiveincomenetoftax": -130000000,
        "incomelossfromcontinuingoperationsperbasicshare": 0.85,
        "incomelossfromcontinuingoperationsperdilutedshare": 0.8400000000000002,
        "earningspersharebasic": 0.85,
        "earningspersharediluted": 0.8400000000000002,
        "commonstockdividendspersharecashpaid": -5.551115123125783e-17
    },
    {
        "date": "2013-06-29",
        "symbol": "MET",
        "period": "Q2",
        "premiumsearnednet": 558000000,
        "insurancecommissionsandfees": 96000000,
        "netinvestmentincome": 2000000,
        "otherincome": 34000000,
        "otherthantemporaryimpairmentlossesinvestmentsportionrecognizedinearningsnetavailableforsalesecurities": 4000000,
        "otherthantemporaryimpairmentlossesinvestmentsportioninothercomprehensiveincomelossbeforetaxincludingportionattributabletononcontrollinginterestavailableforsalesecurities": 4000000,
        "gainlossonsaleofotherinvestments": 171000000,
        "gainlossoninvestments": 110000000,
        "gainlossonderivativeinstrumentsnetpretax": 10000000,
        "revenues": 808000000,
        "policyholderbenefitsandclaimsincurrednet": 8960000000,
        "interestcreditedtopolicyholdersaccountbalances": 37000000,
        "policyholderdividends": 329000000,
        "operatingexpenses": 4025000000,
        "benefitslossesandexpenses": 744000000,
        "incomelossfromcontinuingoperationsbeforeincometaxesextraordinaryitemsnoncontrollinginterest": -53000000,
        "incometaxexpensebenefit": -4000000,
        "incomelossfromcontinuingoperationsincludingportionattributabletononcontrollinginterest": 508000000,
        "incomelossfromdiscontinuedoperationsnetoftax": 2000000,
        "profitloss": -44000000,
        "netincomelossattributabletononcontrollinginterest": -8000000,
        "netincomeloss": 502000000,
        "dividendspreferredstock": 31000000,
        "netincomelossavailabletocommonstockholdersbasic": 471000000,
        "comprehensiveincomenetoftaxincludingportionattributabletononcontrollinginterest": -3881000000,
        "comprehensiveincomenetoftaxattributabletononcontrollinginterest": 5000000,
        "comprehensiveincomenetoftax": -3876000000,
        "incomelossfromcontinuingoperationsperbasicshare": 0.43,
        "incomelossfromcontinuingoperationsperdilutedshare": 0.43,
        "earningspersharebasic": 0.43,
        "earningspersharediluted": 0.43,
        "commonstockdividendspersharecashpaid": 0.55
    },
    {
        "date": "2013-03-30",
        "symbol": "MET",
        "period": "Q1",
        "premiumsearnednet": 567000000,
        "insurancecommissionsandfees": 91000000,
        "netinvestmentincome": 2000000,
        "otherincome": 27000000,
        "otherthantemporaryimpairmentlossesinvestmentsportionrecognizedinearningsnetavailableforsalesecurities": 31000000,
        "otherthantemporaryimpairmentlossesinvestmentsportioninothercomprehensiveincomelossbeforetaxincludingportionattributabletononcontrollinginterestavailableforsalesecurities": 31000000,
        "gainlossonsaleofotherinvestments": 290000000,
        "gainlossoninvestments": 314000000,
        "gainlossonderivativeinstrumentsnetpretax": 4000000,
        "revenues": 813000000,
        "policyholderbenefitsandclaimsincurrednet": 9395000000,
        "interestcreditedtopolicyholdersaccountbalances": 35000000,
        "policyholderdividends": 313000000,
        "operatingexpenses": 1000000,
        "benefitslossesandexpenses": 692000000,
        "incomelossfromcontinuingoperationsbeforeincometaxesextraordinaryitemsnoncontrollinginterest": -181000000,
        "incometaxexpensebenefit": 34000000,
        "incomelossfromcontinuingoperationsincludingportionattributabletononcontrollinginterest": 995000000,
        "incomelossfromdiscontinuedoperationsnetoftax": -3000000,
        "profitloss": -116000000,
        "netincomelossattributabletononcontrollinginterest": -6000000,
        "netincomeloss": 986000000,
        "dividendspreferredstock": 30000000,
        "netincomelossavailabletocommonstockholdersbasic": 956000000,
        "comprehensiveincomenetoftaxincludingportionattributabletononcontrollinginterest": 178000000,
        "comprehensiveincomenetoftaxattributabletononcontrollinginterest": -9000000,
        "comprehensiveincomenetoftax": 169000000,
        "incomelossfromcontinuingoperationsperbasicshare": 0.87,
        "incomelossfromcontinuingoperationsperdilutedshare": 0.87,
        "earningspersharebasic": 0.87,
        "earningspersharediluted": 0.87,
        "commonstockdividendspersharecashpaid": 0.185
    },
    {
        "date": "2012-12-30",
        "symbol": "MET",
        "period": "Q4",
        "premiumsearnednet": 555000000,
        "insurancecommissionsandfees": 100000000,
        "netinvestmentincome": 129000000,
        "otherincome": 23000000,
        "otherthantemporaryimpairmentlossesinvestmentsportionrecognizedinearningsnetavailableforsalesecurities": 36000000,
        "otherthantemporaryimpairmentlossesinvestmentsportioninothercomprehensiveincomelossbeforetaxincludingportionattributabletononcontrollinginterestavailableforsalesecurities": 10000000,
        "gainlossonsaleofotherinvestments": -154000000,
        "gainlossoninvestments": 181000000,
        "gainlossonderivativeinstrumentsnetpretax": 345000000,
        "revenues": 807000000,
        "policyholderbenefitsandclaimsincurrednet": 11029000000,
        "interestcreditedtopolicyholdersaccountbalances": 35000000,
        "policyholderdividends": 319000000,
        "operatingexpenses": -13174000000,
        "benefitslossesandexpenses": 718000000,
        "incomelossfromcontinuingoperationsbeforeincometaxesextraordinaryitemsnoncontrollinginterest": -988000000,
        "incometaxexpensebenefit": 30000000,
        "incomelossfromcontinuingoperationsincludingportionattributabletononcontrollinginterest": 105000000,
        "profitloss": 98000000,
        "netincomelossattributabletononcontrollinginterest": -9000000,
        "netincomeloss": 127000000,
        "dividendspreferredstock": 31000000,
        "netincomelossavailabletocommonstockholdersbasic": 96000000,
        "incomelossfromcontinuingoperationsperbasicshare": 0.06000000000000014,
        "incomelossfromcontinuingoperationsperdilutedshare": 0.06999999999999992,
        "earningspersharebasic": 0.07999999999999993,
        "earningspersharediluted": 0.09000000000000016,
        "comprehensiveincomenetoftaxincludingportionattributabletononcontrollinginterest": 202000000,
        "comprehensiveincomenetoftaxattributabletononcontrollinginterest": 73000000,
        "comprehensiveincomenetoftax": 199000000
    },
    {
        "date": "2012-09-29",
        "symbol": "MET",
        "period": "Q3",
        "premiumsearnednet": 391000000,
        "insurancecommissionsandfees": 6000000,
        "netinvestmentincome": 64000000,
        "otherincome": 35000000,
        "otherthantemporaryimpairmentlossesinvestmentsportionrecognizedinearningsnetavailableforsalesecurities": 57000000,
        "otherthantemporaryimpairmentlossesinvestmentsportioninothercomprehensiveincomelossbeforetaxincludingportionattributabletononcontrollinginterestavailableforsalesecurities": -10000000,
        "gainlossonsaleofotherinvestments": 69000000,
        "gainlossoninvestments": 22000000,
        "gainlossonderivativeinstrumentsnetpretax": -718000000,
        "revenues": 496000000,
        "policyholderbenefitsandclaimsincurrednet": 8943000000,
        "interestcreditedtopolicyholdersaccountbalances": 30000000,
        "policyholderdividends": 355000000,
        "operatingexpenses": 4245000000,
        "benefitslossesandexpenses": 408000000,
        "incomelossfromcontinuingoperationsbeforeincometaxesextraordinaryitemsnoncontrollinginterest": -1010000000,
        "incometaxexpensebenefit": 34000000,
        "incomelossfromcontinuingoperationsincludingportionattributabletononcontrollinginterest": -957000000,
        "incomelossfromdiscontinuedoperationsnetoftax": 0,
        "profitloss": -957000000,
        "netincomelossattributabletononcontrollinginterest": 3000000,
        "netincomeloss": -954000000,
        "dividendspreferredstock": 30000000,
        "netincomelossavailabletocommonstockholdersbasic": -984000000,
        "comprehensiveincomenetoftaxincludingportionattributabletononcontrollinginterest": 1655000000,
        "comprehensiveincomenetoftaxattributabletononcontrollinginterest": -19000000,
        "comprehensiveincomenetoftax": 1636000000,
        "incomelossfromcontinuingoperationsperbasicshare": -0.9399999999999998,
        "incomelossfromcontinuingoperationsperdilutedshare": -0.9400000000000001,
        "earningspersharebasic": -0.9299999999999998,
        "earningspersharediluted": -0.93
    },
    {
        "date": "2012-06-29",
        "symbol": "MET",
        "period": "Q2",
        "premiumsearnednet": 680000000,
        "insurancecommissionsandfees": 108000000,
        "netinvestmentincome": 157000000,
        "otherincome": 27000000,
        "otherthantemporaryimpairmentlossesinvestmentsportionrecognizedinearningsnetavailableforsalesecurities": 118000000,
        "otherthantemporaryimpairmentlossesinvestmentsportioninothercomprehensiveincomelossbeforetaxincludingportionattributabletononcontrollinginterestavailableforsalesecurities": -27000000,
        "gainlossonsaleofotherinvestments": 27000000,
        "gainlossoninvestments": -64000000,
        "gainlossonderivativeinstrumentsnetpretax": 2092000000,
        "revenues": 972000000,
        "policyholderbenefitsandclaimsincurrednet": 8911000000,
        "interestcreditedtopolicyholdersaccountbalances": 26000000,
        "policyholderdividends": 352000000,
        "operatingexpenses": 4775000000,
        "benefitslossesandexpenses": 851000000,
        "incomelossfromcontinuingoperationsbeforeincometaxesextraordinaryitemsnoncontrollinginterest": 3338000000,
        "incometaxexpensebenefit": 39000000,
        "incomelossfromcontinuingoperationsincludingportionattributabletononcontrollinginterest": 2300000000,
        "incomelossfromdiscontinuedoperationsnetoftax": 3000000,
        "profitloss": 2303000000,
        "netincomelossattributabletononcontrollinginterest": -8000000,
        "netincomeloss": 2295000000,
        "dividendspreferredstock": 31000000,
        "netincomelossavailabletocommonstockholdersbasic": 2264000000,
        "comprehensiveincomenetoftaxincludingportionattributabletononcontrollinginterest": 3765000000,
        "comprehensiveincomenetoftaxattributabletononcontrollinginterest": -1000000,
        "comprehensiveincomenetoftax": 3764000000,
        "incomelossfromcontinuingoperationsperbasicshare": 2.13,
        "incomelossfromcontinuingoperationsperdilutedshare": 2.12,
        "earningspersharebasic": 2.13,
        "earningspersharediluted": 2.12
    },
    {
        "date": "2012-03-30",
        "symbol": "MET",
        "period": "Q1",
        "premiumsearnednet": 744000000,
        "insurancecommissionsandfees": 119000000,
        "netinvestmentincome": 185000000,
        "otherincome": 36000000,
        "otherthantemporaryimpairmentlossesinvestmentsportionrecognizedinearningsnetavailableforsalesecurities": 135000000,
        "otherthantemporaryimpairmentlossesinvestmentsportioninothercomprehensiveincomelossbeforetaxincludingportionattributabletononcontrollinginterestavailableforsalesecurities": -2000000,
        "gainlossonsaleofotherinvestments": 23000000,
        "gainlossoninvestments": -110000000,
        "gainlossonderivativeinstrumentsnetpretax": -1978000000,
        "revenues": 1084000000,
        "policyholderbenefitsandclaimsincurrednet": 9104000000,
        "interestcreditedtopolicyholdersaccountbalances": 35000000,
        "policyholderdividends": 343000000,
        "operatingexpenses": 4321000000,
        "benefitslossesandexpenses": 965000000,
        "incomelossfromcontinuingoperationsbeforeincometaxesextraordinaryitemsnoncontrollinginterest": -409000000,
        "incometaxexpensebenefit": 43000000,
        "incomelossfromcontinuingoperationsincludingportionattributabletononcontrollinginterest": -134000000,
        "incomelossfromdiscontinuedoperationsnetoftax": 14000000,
        "profitloss": -120000000,
        "netincomelossattributabletononcontrollinginterest": -24000000,
        "netincomeloss": -144000000,
        "dividendspreferredstock": 30000000,
        "netincomelossavailabletocommonstockholdersbasic": -174000000,
        "comprehensiveincomenetoftaxincludingportionattributabletononcontrollinginterest": 1054000000,
        "comprehensiveincomenetoftaxattributabletononcontrollinginterest": -15000000,
        "comprehensiveincomenetoftax": 1039000000,
        "incomelossfromcontinuingoperationsperbasicshare": -0.17,
        "incomelossfromcontinuingoperationsperdilutedshare": -0.17,
        "earningspersharebasic": -0.16,
        "earningspersharediluted": -0.16
    },
    {
        "date": "2011-12-30",
        "symbol": "MET",
        "period": "Q4",
        "premiumsearnednet": 302000000,
        "insurancecommissionsandfees": 635000000,
        "netinvestmentincome": 817000000,
        "otherincome": 80000000,
        "gainlossoninvestments": 163000000,
        "gainlossonderivativeinstrumentsnetpretax": -4151000000,
        "revenues": 1834000000,
        "policyholderbenefitsandclaimsincurrednet": 9090000000,
        "interestcreditedtopolicyholdersaccountbalances": 399000000,
        "policyholderdividends": 316000000,
        "operatingexpenses": -13261000000,
        "benefitslossesandexpenses": 1502000000,
        "incometaxexpensebenefit": 116000000,
        "incomelossfromcontinuingoperationsincludingportionattributabletononcontrollinginterest": 1126000000,
        "incomelossfromdiscontinuedoperationsnetoftax": -1000000,
        "profitloss": 1162000000,
        "netincomelossattributabletononcontrollinginterest": 4000000,
        "netincomeloss": 1156000000,
        "netincomelossavailabletocommonstockholdersbasic": 1125000000,
        "incomelossfromcontinuingoperationsperbasicshare": 1.0300000000000002,
        "incomelossfromcontinuingoperationsperdilutedshare": 1.029999999999999,
        "earningspersharebasic": 1.0599999999999996,
        "earningspersharediluted": 1.0599999999999998
    },
    {
        "date": "2011-09-29",
        "symbol": "MET",
        "period": "Q3",
        "premiumsearnednet": -1498000000,
        "insurancecommissionsandfees": 1184000000,
        "netinvestmentincome": 1440000000,
        "otherincome": -48000000,
        "gainlossonsaleofotherinvestments": 0,
        "gainlossoninvestments": -55000000,
        "gainlossonderivativeinstrumentsnetpretax": 4196000000,
        "revenues": 2158000000,
        "policyholderbenefitsandclaimsincurrednet": 26475000000,
        "interestcreditedtopolicyholdersaccountbalances": 665000000,
        "policyholderdividends": 384000000,
        "operatingexpenses": 5013000000,
        "benefitslossesandexpenses": 613000000,
        "incometaxexpensebenefit": -42000000,
        "incomelossfromcontinuingoperationsincludingportionattributabletononcontrollinginterest": 3569000000,
        "incomelossfromdiscontinuedoperationsnetoftax": 45000000,
        "profitloss": 3576000000,
        "netincomelossattributabletononcontrollinginterest": 6000000,
        "netincomeloss": 3582000000,
        "netincomelossavailabletocommonstockholdersbasic": 3552000000,
        "incomelossfromcontinuingoperationsperbasicshare": 3.36,
        "incomelossfromcontinuingoperationsperdilutedshare": 3.3200000000000007,
        "earningspersharebasic": 3.3600000000000003,
        "earningspersharediluted": 3.3200000000000003
    },
    {
        "date": "2011-06-29",
        "symbol": "MET",
        "period": "Q2",
        "premiumsearnednet": 1602000000,
        "insurancecommissionsandfees": 58000000,
        "netinvestmentincome": 517000000,
        "otherincome": 75000000,
        "otherthantemporaryimpairmentsonfixedmaturitysecurities": 298000000,
        "otherthantemporaryimpairmentsonfixedmaturitysecuritiestransferredtoothercomprehensiveincomeloss": 175000000,
        "gainlossonsaleofotherinvestments": -7000000,
        "gainlossoninvestments": -155000000,
        "gainlossonderivativeinstrumentsnetpretax": 352000000,
        "revenues": 2318000000,
        "policyholderbenefitsandclaimsincurrednet": -6000000,
        "interestcreditedtopolicyholdersaccountbalances": 388000000,
        "policyholderdividends": 374000000,
        "operatingexpenses": 4495000000,
        "benefitslossesandexpenses": 1741000000,
        "incomelossfromcontinuingoperationsbeforeprovisionforincometax": 1720000000,
        "incometaxexpensebenefit": 132000000,
        "incomelossfromcontinuingoperationsincludingportionattributabletononcontrollinginterest": 1201000000,
        "incomelossfromdiscontinuedoperationsnetoftax": 1000000,
        "profitloss": 1230000000,
        "netincomelossattributabletononcontrollinginterest": -7000000,
        "netincomeloss": 1237000000,
        "preferredstockdividends": 31000000,
        "netincomelossavailabletocommonstockholdersbasic": 1206000000,
        "incomelossfromcontinuingoperationsperbasicshare": 1.11,
        "incomelossfromcontinuingoperationsperdilutedshare": 1.1,
        "earningspersharebasic": 1.14,
        "earningspersharediluted": 1.13
    },
    {
        "date": "2011-03-30",
        "symbol": "MET",
        "period": "Q1",
        "premiumsearnednet": 735000000,
        "insurancecommissionsandfees": 586000000,
        "netinvestmentincome": 421000000,
        "otherincome": 200000000,
        "otherthantemporaryimpairmentsonfixedmaturitysecurities": 132000000,
        "otherthantemporaryimpairmentsonfixedmaturitysecuritiestransferredtoothercomprehensiveincomeloss": 9000000,
        "gainlossonsaleofotherinvestments": -67000000,
        "gainlossoninvestments": -99000000,
        "gainlossonderivativeinstrumentsnetpretax": -315000000,
        "revenues": 796000000,
        "policyholderbenefitsandclaimsincurrednet": -102000000,
        "interestcreditedtopolicyholdersaccountbalances": 143000000,
        "policyholderdividends": 372000000,
        "operatingexpenses": 3902000000,
        "benefitslossesandexpenses": 2122000000,
        "incomelossfromcontinuingoperationsbeforeprovisionforincometax": 1483000000,
        "incometaxexpensebenefit": 189000000,
        "incomelossfromcontinuingoperationsincludingportionattributabletononcontrollinginterest": 1055000000,
        "incomelossfromdiscontinuedoperationsnetoftax": 19000000,
        "profitloss": 1013000000,
        "netincomelossattributabletononcontrollinginterest": 7000000,
        "netincomeloss": 1006000000,
        "preferredstockdividends": 30000000,
        "preferredstockredemptionpremium": 146000000,
        "netincomelossavailabletocommonstockholdersbasic": 830000000,
        "incomelossfromcontinuingoperationsperbasicshare": 0.82,
        "incomelossfromcontinuingoperationsperdilutedshare": 0.82,
        "earningspersharebasic": 0.78,
        "earningspersharediluted": 0.78
    },
    {
        "date": "2010-12-30",
        "symbol": "MET",
        "period": "Q4",
        "premiumsearnednet": 9272000000,
        "insurancecommissionsandfees": -2281000000,
        "netinvestmentincome": 604000000,
        "otherincome": -489000000,
        "otherthantemporaryimpairmentsonfixedmaturitysecurities": 144000000,
        "gainlossonsaleofotherinvestments": -1524000000,
        "gainlossoninvestments": -149000000,
        "revenues": -18845000000,
        "policyholderbenefitsandclaimsincurrednet": -7692000000,
        "interestcreditedtopolicyholdersaccountbalances": -443000000,
        "policyholderdividends": 329000000,
        "operatingexpenses": -9039000000,
        "benefitslossesandexpenses": 9797000000,
        "incomelossfromcontinuingoperationsbeforeprovisionforincometax": 3000000,
        "incometaxexpensebenefit": -72000000,
        "incomelossfromcontinuingoperationsincludingportionattributabletononcontrollinginterest": 81000000,
        "incomelossfromdiscontinuedoperationsnetoftax": 4000000,
        "profitloss": 88000000,
        "netincomelossattributabletononcontrollinginterest": 3000000,
        "netincomeloss": 82000000,
        "preferredstockdividends": 31000000,
        "netincomelossavailabletocommonstockholdersbasic": 51000000,
        "incomelossfromcontinuingoperationsperbasicshare": -0.14000000000000035,
        "incomelossfromcontinuingoperationsperdilutedshare": -0.12999999999999967,
        "earningspersharebasic": -0.14000000000000012,
        "earningspersharediluted": -0.1299999999999999
    },
    {
        "date": "2010-09-29",
        "symbol": "MET",
        "period": "Q3",
        "premiumsearnednet": 501000000,
        "insurancecommissionsandfees": 539000000,
        "netinvestmentincome": -15000000,
        "otherincome": -3000000,
        "otherthantemporaryimpairmentsonfixedmaturitysecurities": 143000000,
        "otherthantemporaryimpairmentsonfixedmaturitysecuritiestransferredtoothercomprehensiveincomeloss": 24000000,
        "gainlossonsaleofotherinvestments": -223000000,
        "gainlossoninvestments": -342000000,
        "gainlossonderivativeinstrumentsnetpretax": -244000000,
        "revenues": 6473000000,
        "policyholderbenefitsandclaimsincurrednet": -195000000,
        "interestcreditedtopolicyholdersaccountbalances": 381000000,
        "policyholderdividends": 392000000,
        "operatingexpenses": 2996000000,
        "benefitslossesandexpenses": 1285000000,
        "incomelossfromcontinuingoperationsbeforeprovisionforincometax": 393000000,
        "incometaxexpensebenefit": 81000000,
        "incomelossfromcontinuingoperationsincludingportionattributabletononcontrollinginterest": 322000000,
        "incomelossfromdiscontinuedoperationsnetoftax": -8000000,
        "profitloss": 320000000,
        "netincomelossattributabletononcontrollinginterest": 4000000,
        "netincomeloss": 316000000,
        "preferredstockdividends": 30000000,
        "netincomelossavailabletocommonstockholdersbasic": 286000000,
        "incomelossfromcontinuingoperationsperbasicshare": 0.33,
        "incomelossfromcontinuingoperationsperdilutedshare": 0.32,
        "earningspersharebasic": 0.33,
        "earningspersharediluted": 0.32
    },
    {
        "date": "2010-06-29",
        "symbol": "MET",
        "period": "Q2",
        "premiumsearnednet": 573000000,
        "insurancecommissionsandfees": 561000000,
        "netinvestmentincome": 21000000,
        "otherincome": 1000000,
        "otherthantemporaryimpairmentsonfixedmaturitysecurities": 244000000,
        "otherthantemporaryimpairmentsonfixedmaturitysecuritiestransferredtoothercomprehensiveincomeloss": 98000000,
        "gainlossonsaleofotherinvestments": 1614000000,
        "gainlossoninvestments": 450000000,
        "revenues": 6546000000,
        "policyholderbenefitsandclaimsincurrednet": 36000000,
        "interestcreditedtopolicyholdersaccountbalances": 364000000,
        "policyholderdividends": 388000000,
        "operatingexpenses": 3420000000,
        "benefitslossesandexpenses": 1163000000,
        "incomelossfromcontinuingoperationsbeforeprovisionforincometax": 2371000000,
        "incometaxexpensebenefit": 128000000,
        "incomelossfromcontinuingoperationsincludingportionattributabletononcontrollinginterest": 1541000000,
        "incomelossfromdiscontinuedoperationsnetoftax": 6000000,
        "profitloss": 1547000000,
        "netincomelossattributabletononcontrollinginterest": -10000000,
        "netincomeloss": 1557000000,
        "preferredstockdividends": 31000000,
        "netincomelossavailabletocommonstockholdersbasic": 1526000000,
        "incomelossfromcontinuingoperationsperbasicshare": 1.84,
        "incomelossfromcontinuingoperationsperdilutedshare": 1.83,
        "earningspersharebasic": 1.85,
        "earningspersharediluted": 1.84
    },
    {
        "date": "2010-03-30",
        "symbol": "MET",
        "period": "Q1",
        "premiumsearnednet": 6854000000,
        "insurancecommissionsandfees": 1407000000,
        "netinvestmentincome": 4344000000,
        "otherincome": 513000000,
        "otherthantemporaryimpairmentsonfixedmaturitysecurities": 151000000,
        "otherthantemporaryimpairmentsonfixedmaturitysecuritiestransferredtoothercomprehensiveloss": 59000000,
        "gainlossonsaleofotherinvestments": 164000000,
        "gainlossoninvestments": 72000000,
        "revenues": 13190000000,
        "policyholderbenefitsandclaimsincurrednet": 7537000000,
        "interestcreditedtopolicyholdersaccountbalances": 1143000000,
        "policyholderdividends": 377000000,
        "operatingexpenses": 2942000000,
        "benefitslossesandexpenses": 11999000000,
        "incomelossfromcontinuingoperationsbeforeprovisionforincometax": 1191000000,
        "incometaxexpensebenefit": 358000000,
        "incomelossfromcontinuingoperationsincludingportionattributabletononcontrollinginterest": 833000000,
        "incomelossfromdiscontinuedoperationsnetoftax": 1000000,
        "profitloss": 835000000,
        "netincomelossattributabletononcontrollinginterest": -1000000,
        "netincomeloss": 835000000,
        "preferredstockdividends": 30000000,
        "netincomelossavailabletocommonstockholdersbasic": 805000000,
        "incomelossfromcontinuingoperationsperbasicshare": 0.98,
        "incomelossfromcontinuingoperationsperdilutedshare": 0.97,
        "earningspersharebasic": 0.98,
        "earningspersharediluted": 0.97
    },
    {
        "date": "2009-09-29",
        "symbol": "MET",
        "period": "Q3",
        "premiumsearnednet": 6601000000,
        "universallifeandinvestmenttypeproductpolicyfees": 1251000000,
        "netinvestmentincome": 3923000000,
        "otherincome": 602000000,
        "marketablesecuritiesrealizedgainlossotherthantemporaryimpairmentsamount": 650000000,
        "otherthantemporaryimpairmentsonfixedmaturitysecuritiestransferredtoothercomprehensiveloss": 245000000,
        "gainlossonsaleofotherinvestments": -1734000000,
        "gainlossoninvestments": -2139000000,
        "revenues": 10238000000,
        "policyholderbenefitsandclaimsincurrednet": 7173000000,
        "interestcreditedtopolicyholdersaccountbalances": 1258000000,
        "policyholderdividends": 439000000,
        "othercostandexpenseoperating": 2543000000,
        "operatingexpenses": 11413000000,
        "incomelossfromcontinuingoperationsbeforeincometaxesminorityinterestandincomelossfromequitymethodinvestments": -1175000000,
        "incometaxexpensebenefit": -551000000,
        "incomelossfromcontinuingoperationsincludingportionattributabletononcontrollinginterest": -624000000,
        "incomelossfromdiscontinuedoperationsnetoftax": -1000000,
        "profitloss": -625000000,
        "netincomelossattributabletononcontrollinginterest": -5000000,
        "netincomeloss": -620000000,
        "preferredstockdividends": 30000000,
        "netincomelossavailabletocommonstockholdersbasic": -650000000,
        "incomelossfromcontinuingoperationsperbasicshare": -0.79,
        "incomelossfromcontinuingoperationsperdilutedshare": -0.79,
        "earningspersharebasic": -0.79,
        "earningspersharediluted": -0.79
    }
]