[
    {
        "date": "2024-09-29",
        "symbol": "EIX",
        "period": "Q3",
        "revenues": 5188000000,
        "utilitiesoperatingexpensepurchasedpowerandfuel": 1898000000,
        "utilitiesoperatingexpensemaintenanceandoperations": 1364000000,
        "lossfromcatastrophes": 1000000,
        "wildlifeinsurancefundamortization": 36000000,
        "depreciationandamortization": 710000000,
        "taxesexcludingincomeandexcisetaxes": 167000000,
        "costsandexpenses": 4175000000,
        "operatingincomeloss": 1013000000,
        "interestexpense": 403000000,
        "nonoperatingincomeexpense": 127000000,
        "incomelossfromcontinuingoperationsbeforeincometaxesextraordinaryitemsnoncontrollinginterest": 736000000,
        "incometaxexpensebenefit": 95000000,
        "profitloss": 641000000,
        "undistributedearningslossallocatedtoparticipatingsecuritiesbasic": 39000000,
        "preferredstockdividendsincomestatementimpact": 39000000,
        "netincomelossavailabletocommonstockholdersbasic": 516000000,
        "weightedaveragenumberofsharesoutstandingbasic": 387000000,
        "earningspersharebasic": 1.33,
        "weightedaveragenumberofdilutedsharesoutstanding": 390000000,
        "earningspersharediluted": 1.32,
        "othercomprehensiveincomelosspensionandotherpostretirementbenefitplansadjustmentnetoftax": -1000000,
        "othercomprehensiveincomelossforeigncurrencytransactionandtranslationadjustmentnetoftax": 1000000,
        "othercomprehensiveincomelossnetoftax": 1000000,
        "comprehensiveincomenetoftaxincludingportionattributabletononcontrollinginterest": 642000000,
        "comprehensiveincomenetoftaxattributabletononcontrollinginterest": 39000000,
        "comprehensiveincomenetoftax": 540000000
    },
    {
        "date": "2024-06-29",
        "symbol": "EIX",
        "period": "Q2",
        "revenues": 4336000000,
        "utilitiesoperatingexpensepurchasedpowerandfuel": 1234000000,
        "utilitiesoperatingexpensemaintenanceandoperations": 1285000000,
        "lossfromcatastrophes": 0,
        "wildlifeinsurancefundamortization": 37000000,
        "depreciationandamortization": 726000000,
        "taxesexcludingincomeandexcisetaxes": 154000000,
        "costsandexpenses": 3436000000,
        "operatingincomeloss": 900000000,
        "interestexpense": 480000000,
        "nonoperatingincomeexpense": 148000000,
        "incomelossfromcontinuingoperationsbeforeincometaxesextraordinaryitemsnoncontrollinginterest": 568000000,
        "incometaxexpensebenefit": 59000000,
        "profitloss": 509000000,
        "undistributedearningslossallocatedtoparticipatingsecuritiesbasic": 49000000,
        "preferredstockdividendsincomestatementimpact": 21000000,
        "netincomelossavailabletocommonstockholdersbasic": 439000000,
        "weightedaveragenumberofsharesoutstandingbasic": 385000000,
        "earningspersharebasic": 1.1400000000000001,
        "weightedaveragenumberofdilutedsharesoutstanding": 387000000,
        "earningspersharediluted": 1.1400000000000001,
        "othercomprehensiveincomelosspensionandotherpostretirementbenefitplansadjustmentnetoftax": 0,
        "othercomprehensiveincomelossnetoftax": 0,
        "comprehensiveincomenetoftaxincludingportionattributabletononcontrollinginterest": 510000000,
        "comprehensiveincomenetoftaxattributabletononcontrollinginterest": 49000000,
        "comprehensiveincomenetoftax": 461000000
    },
    {
        "date": "2024-03-30",
        "symbol": "EIX",
        "period": "Q1",
        "revenues": 4078000000,
        "utilitiesoperatingexpensepurchasedpowerandfuel": 1008000000,
        "utilitiesoperatingexpensemaintenanceandoperations": 1317000000,
        "lossfromcatastrophes": 615000000,
        "wildlifeinsurancefundamortization": 36000000,
        "depreciationandamortization": 702000000,
        "taxesexcludingincomeandexcisetaxes": 155000000,
        "costsandexpenses": 3833000000,
        "operatingincomeloss": 245000000,
        "interestexpense": 444000000,
        "nonoperatingincomeexpense": 138000000,
        "incomelossfromcontinuingoperationsbeforeincometaxesextraordinaryitemsnoncontrollinginterest": -61000000,
        "incometaxexpensebenefit": -113000000,
        "profitloss": 52000000,
        "undistributedearningslossallocatedtoparticipatingsecuritiesbasic": 41000000,
        "preferredstockdividendsincomestatementimpact": 22000000,
        "netincomelossavailabletocommonstockholdersbasic": -11000000,
        "weightedaveragenumberofsharesoutstandingbasic": 385000000,
        "earningspersharebasic": -0.03,
        "weightedaveragenumberofdilutedsharesoutstanding": 385000000,
        "earningspersharediluted": -0.03,
        "othercomprehensiveincomelosspensionandotherpostretirementbenefitplansadjustmentnetoftax": -1000000,
        "othercomprehensiveincomelossnetoftax": 1000000,
        "comprehensiveincomenetoftaxincludingportionattributabletononcontrollinginterest": 52000000,
        "comprehensiveincomenetoftaxattributabletononcontrollinginterest": 41000000,
        "comprehensiveincomenetoftax": 11000000
    },
    {
        "date": "2020-12-30",
        "symbol": "EIX",
        "period": "Q4",
        "revenues": 3157000000,
        "utilitiesoperatingexpensepurchasedpowerandfuel": 1119000000,
        "utilitiesoperatingexpensemaintenanceandoperations": 718000000,
        "wildlifeinsurancefundamortization": 84000000,
        "depreciationdecommissioningandamortization": 504000000,
        "propertyandothertaxes": 110000000,
        "costsandexpenses": 2363000000,
        "operatingincomeloss": 794000000,
        "interestexpense": 226000000,
        "incomelossfromcontinuingoperationsbeforeincometaxesextraordinaryitemsnoncontrollinginterest": 602000000,
        "incometaxexpensebenefit": 50000000,
        "profitloss": 552000000,
        "dividendspreferredstock": 26000000,
        "netincomeloss": 526000000,
        "netincomelossavailabletocommonstockholdersbasic": 474000000,
        "weightedaveragenumberofsharesoutstandingbasic": -743000000,
        "earningspersharebasic": 1.3900000000000001,
        "weightedaveragenumberofdilutedsharesoutstanding": -744000000,
        "earningspersharediluted": 1.3900000000000001,
        "othercomprehensiveincomelosspensionandotherpostretirementbenefitplansadjustmentnetoftax": 8000000,
        "othercomprehensiveincomelossnetoftax": -8000000,
        "comprehensiveincomenetoftaxincludingportionattributabletononcontrollinginterest": 546000000,
        "comprehensiveincomenetoftaxattributabletononcontrollinginterest": 26000000,
        "comprehensiveincomenetoftax": 520000000
    },
    {
        "date": "2020-09-29",
        "symbol": "EIX",
        "period": "Q3",
        "revenues": 4644000000,
        "utilitiesoperatingexpensepurchasedpowerandfuel": 1817000000,
        "utilitiesoperatingexpensemaintenanceandoperations": 1248000000,
        "wildfireclaimsincurrednet": 1297000000,
        "wildlifeinsurancefundamortization": 85000000,
        "depreciationdecommissioningandamortization": 490000000,
        "propertyandothertaxes": 114000000,
        "assetimpairmentcharges": -28000000,
        "costsandexpenses": 5023000000,
        "operatingincomeloss": -379000000,
        "interestexpense": 222000000,
        "othernonoperatingincome": 84000000,
        "incomelossfromcontinuingoperationsbeforeincometaxesextraordinaryitemsnoncontrollinginterest": -517000000,
        "incometaxexpensebenefit": -275000000,
        "profitloss": -242000000,
        "dividendspreferredstock": 46000000,
        "netincomeloss": -288000000,
        "netincomelossavailabletocommonstockholdersbasic": -264000000,
        "weightedaveragenumberofsharesoutstandingbasic": 378000000,
        "earningspersharebasic": -0.76,
        "weightedaveragenumberofdilutedsharesoutstanding": 378000000,
        "earningspersharediluted": -0.76,
        "othercomprehensiveincomelosspensionandotherpostretirementbenefitplansadjustmentnetoftax": -2000000,
        "othercomprehensiveincomelossnetoftax": 2000000,
        "comprehensiveincomenetoftaxincludingportionattributabletononcontrollinginterest": -240000000,
        "comprehensiveincomenetoftaxattributabletononcontrollinginterest": 46000000,
        "comprehensiveincomenetoftax": -286000000
    },
    {
        "date": "2020-06-29",
        "symbol": "EIX",
        "period": "Q2",
        "revenues": 2987000000,
        "utilitiesoperatingexpensepurchasedpowerandfuel": 1068000000,
        "utilitiesoperatingexpensemaintenanceandoperations": 762000000,
        "wildlifeinsurancefundamortization": 83000000,
        "depreciationdecommissioningandamortization": 489000000,
        "propertyandothertaxes": 103000000,
        "assetimpairmentcharges": -18000000,
        "costsandexpenses": 2487000000,
        "operatingincomeloss": 500000000,
        "interestexpense": 229000000,
        "othernonoperatingincome": 81000000,
        "incomelossfromcontinuingoperationsbeforeincometaxesextraordinaryitemsnoncontrollinginterest": 352000000,
        "incometaxexpensebenefit": 4000000,
        "profitloss": 348000000,
        "dividendspreferredstock": 30000000,
        "netincomeloss": 318000000,
        "netincomelossavailabletocommonstockholdersbasic": 381000000,
        "weightedaveragenumberofsharesoutstandingbasic": 375000000,
        "earningspersharebasic": 0.85,
        "weightedaveragenumberofdilutedsharesoutstanding": 376000000,
        "earningspersharediluted": 0.85,
        "othercomprehensiveincomelosspensionandotherpostretirementbenefitplansadjustmentnetoftax": -2000000,
        "othercomprehensiveincomelossnetoftax": 2000000,
        "comprehensiveincomenetoftaxincludingportionattributabletononcontrollinginterest": 350000000,
        "comprehensiveincomenetoftaxattributabletononcontrollinginterest": 30000000,
        "comprehensiveincomenetoftax": 320000000
    },
    {
        "date": "2020-03-30",
        "symbol": "EIX",
        "period": "Q1",
        "profitloss": 213000000,
        "othercomprehensiveincomelosspensionandotherpostretirementbenefitplansadjustmentnetoftax": -2000000,
        "othercomprehensiveincomelossnetoftax": 2000000,
        "comprehensiveincomenetoftaxincludingportionattributabletononcontrollinginterest": 215000000,
        "comprehensiveincomenetoftaxattributabletononcontrollinginterest": 30000000,
        "comprehensiveincomenetoftax": 185000000,
        "revenues": 2790000000,
        "utilitiesoperatingexpensepurchasedpowerandfuel": 928000000,
        "utilitiesoperatingexpensemaintenanceandoperations": 881000000,
        "wildlifeinsurancefundamortization": 84000000,
        "depreciationdecommissioningandamortization": 484000000,
        "propertyandothertaxes": 111000000,
        "costsandexpenses": 2488000000,
        "operatingincomeloss": 302000000,
        "interestexpense": 225000000,
        "othernonoperatingincomeexpense": 52000000,
        "incomelossfromcontinuingoperationsbeforeincometaxesextraordinaryitemsnoncontrollinginterest": 129000000,
        "incometaxexpensebenefit": -84000000,
        "dividendspreferredstock": 30000000,
        "netincomeloss": 183000000,
        "netincomelossavailabletocommonstockholdersbasic": 219000000,
        "weightedaveragenumberofsharesoutstandingbasic": 363000000,
        "earningspersharebasic": 0.5,
        "weightedaveragenumberofdilutedsharesoutstanding": 364000000,
        "earningspersharediluted": 0.5
    },
    {
        "date": "2019-12-30",
        "symbol": "EIX",
        "period": "Q4",
        "profitloss": 173000000,
        "othercomprehensiveincomelosspensionandotherpostretirementbenefitplansadjustmentnetoftax": 14000000,
        "othercomprehensiveincomelossnetoftax": -14000000,
        "comprehensiveincomenetoftaxincludingportionattributabletononcontrollinginterest": 159000000,
        "comprehensiveincomenetoftaxattributabletononcontrollinginterest": 30000000,
        "comprehensiveincomenetoftax": 129000000,
        "revenues": 2970000000,
        "utilitiesoperatingexpensepurchasedpowerandfuel": 991000000,
        "utilitiesoperatingexpensemaintenanceandoperations": 700000000,
        "depreciationdecommissioningandamortization": 470000000,
        "propertyandothertaxes": 97000000,
        "otheroperatingincome": 0,
        "costsandexpenses": 2683000000,
        "operatingincomeloss": 287000000,
        "interestexpense": 222000000,
        "othernonoperatingincomeexpense": 42000000,
        "incometaxexpensebenefit": -66000000,
        "dividendspreferredstock": 30000000,
        "netincomeloss": 143000000,
        "earningspersharebasic": 0.34999999999999976,
        "earningspersharediluted": 0.3500000000000002
    },
    {
        "date": "2019-09-29",
        "symbol": "EIX",
        "period": "Q3",
        "profitloss": 502000000,
        "othercomprehensiveincomelosspensionandotherpostretirementbenefitplansadjustmentnetoftax": -2000000,
        "othercomprehensiveincomelossnetoftax": 2000000,
        "comprehensiveincomenetoftaxincludingportionattributabletononcontrollinginterest": 504000000,
        "comprehensiveincomenetoftaxattributabletononcontrollinginterest": 31000000,
        "comprehensiveincomenetoftax": 473000000,
        "revenues": 3741000000,
        "utilitiesoperatingexpensepurchasedpowerandfuel": 1708000000,
        "utilitiesoperatingexpensemaintenanceandoperations": 841000000,
        "depreciationdecommissioningandamortization": 459000000,
        "propertyandothertaxes": 99000000,
        "assetimpairmentcharges": 0,
        "otheroperatingincome": 2000000,
        "costsandexpenses": 3105000000,
        "operatingincomeloss": 636000000,
        "interestexpense": 214000000,
        "othernonoperatingincomeexpense": 58000000,
        "incometaxexpensebenefit": -22000000,
        "dividendspreferredstock": 31000000,
        "netincomeloss": 471000000,
        "earningspersharebasic": 1.3800000000000003,
        "earningspersharediluted": 1.37
    },
    {
        "date": "2019-06-29",
        "symbol": "EIX",
        "period": "Q2",
        "profitloss": 407000000,
        "othercomprehensiveincomelosspensionandotherpostretirementbenefitplansadjustmentnetoftax": -2000000,
        "othercomprehensiveincomeothernetoftax": 0,
        "othercomprehensiveincomelossnetoftax": 2000000,
        "comprehensiveincomenetoftaxincludingportionattributabletononcontrollinginterest": 409000000,
        "comprehensiveincomenetoftaxattributabletononcontrollinginterest": 30000000,
        "comprehensiveincomenetoftax": 393000000,
        "revenues": 4086000000,
        "utilitiesoperatingexpensepurchasedpowerandfuel": 1135000000,
        "utilitiesoperatingexpensemaintenanceandoperations": 608000000,
        "depreciationdecommissioningandamortization": 321000000,
        "propertyandothertaxes": 94000000,
        "assetimpairmentcharges": 170000000,
        "otheroperatingincome": 2000000,
        "costsandexpenses": 2326000000,
        "operatingincomeloss": 494000000,
        "interestexpense": 227000000,
        "othernonoperatingincomeexpense": 55000000,
        "incomefromcontinuingoperationsbeforeincometaxesandnoncontrollinginterest": 322000000,
        "incometaxexpensebenefit": -85000000,
        "incomelossfromcontinuingoperationsincludingportionattributabletononcontrollinginterest": 422000000,
        "dividendspreferredstock": 30000000,
        "netincomeloss": 377000000,
        "incomelossfromcontinuingoperations": 392000000,
        "weightedaveragenumberofsharesoutstandingbasic": 0,
        "incomelossfromcontinuingoperationsperbasicshare": 1.1999999999999997,
        "earningspersharebasic": 1.1999999999999997,
        "weightedaveragenumberofdilutedsharesoutstanding": 0,
        "incomelossfromcontinuingoperationsperdilutedshare": 1.1999999999999997,
        "earningspersharediluted": 1.1999999999999997
    },
    {
        "date": "2019-03-30",
        "symbol": "EIX",
        "period": "Q1",
        "profitloss": 323000000,
        "othercomprehensiveincomelosspensionandotherpostretirementbenefitplansadjustmentnetoftax": -1000000,
        "othercomprehensiveincomeothernetoftax": -10000000,
        "othercomprehensiveincomelossnetoftax": 1000000,
        "comprehensiveincomenetoftaxincludingportionattributabletononcontrollinginterest": 324000000,
        "comprehensiveincomenetoftaxattributabletononcontrollinginterest": 30000000,
        "comprehensiveincomenetoftax": 280000000,
        "revenues": 1550000000,
        "utilitiesoperatingexpensepurchasedpowerandfuel": 1005000000,
        "utilitiesoperatingexpensemaintenanceandoperations": 869000000,
        "depreciationdecommissioningandamortization": 480000000,
        "propertyandothertaxes": 109000000,
        "assetimpairmentcharges": -4000000,
        "otheroperatingincome": 1000000,
        "costsandexpenses": 2458000000,
        "operatingincomeloss": 358000000,
        "interestexpense": 178000000,
        "othernonoperatingincomeexpense": 38000000,
        "incomefromcontinuingoperationsbeforeincometaxesandnoncontrollinginterest": 218000000,
        "incometaxexpensebenefit": -105000000,
        "incomelossfromcontinuingoperationsincludingportionattributabletononcontrollinginterest": 308000000,
        "dividendspreferredstock": 30000000,
        "netincomeloss": 293000000,
        "incomelossfromcontinuingoperations": 278000000,
        "weightedaveragenumberofsharesoutstandingbasic": 326000000,
        "incomelossfromcontinuingoperationsperbasicshare": 0.85,
        "earningspersharebasic": 0.85,
        "weightedaveragenumberofdilutedsharesoutstanding": 327000000,
        "incomelossfromcontinuingoperationsperdilutedshare": 0.85,
        "earningspersharediluted": 0.85
    },
    {
        "date": "2018-03-30",
        "symbol": "EIX",
        "period": "Q1",
        "profitloss": 316000000,
        "othercomprehensiveincomelosspensionandotherpostretirementbenefitplansadjustmentnetoftax": -2000000,
        "othercomprehensiveincomeothernetoftax": -5000000,
        "othercomprehensiveincomelossnetoftax": -3000000,
        "comprehensiveincomenetoftaxincludingportionattributabletononcontrollinginterest": 313000000,
        "comprehensiveincomenetoftaxattributabletononcontrollinginterest": 24000000,
        "comprehensiveincomenetoftax": 215000000,
        "revenues": 1513000000,
        "costofpurchasedpower": 926000000,
        "othercostandexpenseoperating": 651000000,
        "depreciationdecommissioningandamortization": 459000000,
        "propertyandothertaxes": 105000000,
        "assetimpairmentandothercharges": 66000000,
        "otheroperatingincomeexpensenet": 1000000,
        "costsandexpenses": 2140000000,
        "operatingincomeloss": 414000000,
        "interestexpense": 155000000,
        "othernonoperatingincomeexpense": 51000000,
        "incomefromcontinuingoperationsbeforeincometaxesandnoncontrollinginterest": 310000000,
        "incometaxexpensebenefit": -6000000,
        "incomelossfromcontinuingoperationsincludingportionattributabletononcontrollinginterest": 242000000,
        "dividendspreferredstock": 30000000,
        "netincomelossattributabletononcontrollinginterest": -6000000,
        "netincomeloss": 286000000,
        "incomelossfromcontinuingoperations": 218000000,
        "weightedaveragenumberofsharesoutstandingbasic": 326000000,
        "incomelossfromcontinuingoperationsperbasicshare": 0.67,
        "earningspersharebasic": 0.67,
        "weightedaveragenumberofdilutedsharesoutstanding": 327000000,
        "incomelossfromcontinuingoperationsperdilutedshare": 0.67,
        "earningspersharediluted": 0.67,
        "commonstockdividendspersharedeclared": 0.605
    },
    {
        "date": "2017-06-29",
        "symbol": "EIX",
        "period": "Q2",
        "profitloss": 338000000,
        "othercomprehensiveincomelosspensionandotherpostretirementbenefitplansadjustmentnetoftax": -1000000,
        "othercomprehensiveincomeothernetoftax": -1000000,
        "othercomprehensiveincomelossreclassificationadjustmentfromaocipensionandotherpostretirementbenefitplansnetoftax": -1000000,
        "othercomprehensiveincomelossnetoftax": 1000000,
        "comprehensiveincomenetoftaxincludingportionattributabletononcontrollinginterest": 338000000,
        "comprehensiveincomenetoftaxattributabletononcontrollinginterest": 31000000,
        "comprehensiveincomenetoftax": 279000000,
        "revenues": 2953000000,
        "costofpurchasedpower": 1175000000,
        "othercostandexpenseoperating": 666000000,
        "depreciationdecommissioningandamortization": 510000000,
        "propertyandothertaxes": 85000000,
        "assetimpairmentandothercharges": 16000000,
        "costsandexpenses": 2436000000,
        "operatingincomeloss": 517000000,
        "othernonoperatingincome": 36000000,
        "interestexpense": 146000000,
        "othernonoperatingexpense": 12000000,
        "incomefromcontinuingoperationsbeforeincometaxesandnoncontrollinginterest": 395000000,
        "incometaxexpensebenefit": 57000000,
        "incomelossfromcontinuingoperationsincludingportionattributabletononcontrollinginterest": 309000000,
        "dividendspreferredstock": 31000000,
        "netincomeloss": 307000000,
        "incomelossfromcontinuingoperations": 278000000,
        "weightedaveragenumberofsharesoutstandingbasic": 326000000,
        "incomelossfromcontinuingoperationsperbasicshare": 0.85,
        "earningspersharebasic": 0.85,
        "weightedaveragenumberofdilutedsharesoutstanding": 329000000,
        "incomelossfromcontinuingoperationsperdilutedshare": 0.85,
        "earningspersharediluted": 0.85,
        "commonstockdividendspersharedeclared": 0.5425
    },
    {
        "date": "2017-03-30",
        "symbol": "EIX",
        "period": "Q1",
        "profitloss": 380000000,
        "othercomprehensiveincomelosspensionandotherpostretirementbenefitplansadjustmentnetoftax": -1000000,
        "othercomprehensiveincomeothernetoftax": 2000000,
        "othercomprehensiveincomelossreclassificationadjustmentfromaocipensionandotherpostretirementbenefitplansnetoftax": 1000000,
        "othercomprehensiveincomelossnetoftax": 4000000,
        "comprehensiveincomenetoftaxincludingportionattributabletononcontrollinginterest": 382000000,
        "comprehensiveincomenetoftaxattributabletononcontrollinginterest": 30000000,
        "comprehensiveincomenetoftax": 366000000,
        "revenues": 2456000000,
        "costofpurchasedpower": 784000000,
        "othercostandexpenseoperating": 571000000,
        "depreciationdecommissioningandamortization": 497000000,
        "propertyandothertaxes": 97000000,
        "assetimpairmentandothercharges": 5000000,
        "costsandexpenses": 1949000000,
        "operatingincomeloss": 507000000,
        "othernonoperatingincome": 33000000,
        "interestexpense": 141000000,
        "othernonoperatingexpense": 7000000,
        "incomefromcontinuingoperationsbeforeincometaxesandnoncontrollinginterest": 392000000,
        "incometaxexpensebenefit": 12000000,
        "incomelossfromcontinuingoperationsincludingportionattributabletononcontrollinginterest": 392000000,
        "dividendspreferredstock": 31000000,
        "netincomelossattributabletononcontrollinginterest": -1000000,
        "netincomeloss": 349000000,
        "incomelossfromcontinuingoperations": 362000000,
        "weightedaveragenumberofsharesoutstandingbasic": 326000000,
        "incomelossfromcontinuingoperationsperbasicshare": 1.11,
        "earningspersharebasic": 1.11,
        "weightedaveragenumberofdilutedsharesoutstanding": 329000000,
        "incomelossfromcontinuingoperationsperdilutedshare": 1.1,
        "earningspersharediluted": 1.1,
        "commonstockdividendspersharedeclared": 0.5425
    },
    {
        "date": "2016-06-29",
        "symbol": "EIX",
        "period": "Q2",
        "profitloss": 346000000,
        "othercomprehensiveincomelosspensionandotherpostretirementbenefitplansadjustmentnetoftax": -1000000,
        "othercomprehensiveincomelossnetoftax": 1000000,
        "comprehensiveincomenetoftaxincludingportionattributabletononcontrollinginterest": 347000000,
        "comprehensiveincomenetoftaxattributabletononcontrollinginterest": 28000000,
        "comprehensiveincomenetoftax": 277000000,
        "revenues": 2768000000,
        "costofpurchasedpower": 1064000000,
        "othercostandexpenseoperating": 687000000,
        "depreciationdecommissioningandamortization": 503000000,
        "propertyandothertaxes": 85000000,
        "assetimpairmentandothercharges": 21000000,
        "costsandexpenses": 2339000000,
        "operatingincomeloss": 429000000,
        "othernonoperatingincome": 33000000,
        "interestexpense": 134000000,
        "othernonoperatingexpense": 11000000,
        "incomefromcontinuingoperationsbeforeincometaxesandnoncontrollinginterest": 317000000,
        "incometaxexpensebenefit": -29000000,
        "incomelossfromcontinuingoperationsincludingportionattributabletononcontrollinginterest": 306000000,
        "incomelossfromdiscontinuedoperationsnetoftax": -2000000,
        "dividendspreferredstock": 31000000,
        "netincomelossattributabletononcontrollinginterest": -3000000,
        "netincomeloss": 315000000,
        "incomelossfromcontinuingoperations": 278000000,
        "weightedaveragenumberofsharesoutstandingbasic": 326000000,
        "incomelossfromcontinuingoperationsperbasicshare": 0.86,
        "incomelossfromdiscontinuedoperationsnetoftaxperbasicshare": -0.01,
        "earningspersharebasic": 0.85,
        "weightedaveragenumberofdilutedsharesoutstanding": 329000000,
        "incomelossfromcontinuingoperationsperdilutedshare": 0.85,
        "incomelossfromdiscontinuedoperationsnetoftaxperdilutedshare": -0.01,
        "earningspersharediluted": 0.84,
        "commonstockdividendspersharedeclared": 0.48
    },
    {
        "date": "2016-03-30",
        "symbol": "EIX",
        "period": "Q1",
        "profitloss": 317000000,
        "othercomprehensiveincomepensionadjustmentnetgainslossesandamortization": 1000000,
        "othercomprehensiveincomelossnetoftax": 2000000,
        "comprehensiveincomenetoftaxincludingportionattributabletononcontrollinginterest": 318000000,
        "comprehensiveincomenetoftaxattributabletononcontrollinginterest": 25000000,
        "comprehensiveincomenetoftax": 273000000,
        "revenues": 2435000000,
        "costofpurchasedpower": 794000000,
        "othercostandexpenseoperating": 603000000,
        "depreciationdecommissioningandamortization": 475000000,
        "propertyandothertaxes": 91000000,
        "costsandexpenses": 1963000000,
        "operatingincomeloss": 472000000,
        "othernonoperatingincome": 31000000,
        "interestexpense": 131000000,
        "othernonoperatingexpense": 5000000,
        "incomefromcontinuingoperationsbeforeincometaxesandnoncontrollinginterest": 367000000,
        "incometaxexpensebenefit": 50000000,
        "incomelossfromcontinuingoperationsincludingportionattributabletononcontrollinginterest": 317000000,
        "incomelossfromdiscontinuedoperationsnetoftaxattributabletoreportingentity": 1000000,
        "dividendspreferredstock": 30000000,
        "netincomelossattributabletononcontrollinginterest": -5000000,
        "netincomeloss": 287000000,
        "incomelossfromcontinuingoperations": 270000000,
        "weightedaveragenumberofsharesoutstandingbasic": 326000000,
        "incomelossfromcontinuingoperationsperbasicshare": 0.83,
        "earningspersharebasic": 0.83,
        "weightedaveragenumberofdilutedsharesoutstanding": 328000000,
        "incomelossfromcontinuingoperationsperdilutedshare": 0.82,
        "earningspersharediluted": 0.82,
        "commonstockdividendspersharedeclared": 0.48
    },
    {
        "date": "2015-03-30",
        "symbol": "EIX",
        "period": "Q1",
        "profitloss": 333000000,
        "othercomprehensiveincomepensionadjustmentnetgainslossesandamortization": 1000000,
        "othercomprehensiveincomelossnetoftax": -1000000,
        "comprehensiveincomenetoftaxincludingportionattributabletononcontrollinginterest": 334000000,
        "comprehensiveincomenetoftaxattributabletononcontrollinginterest": 19000000,
        "comprehensiveincomenetoftax": 298000000,
        "revenues": 2508000000,
        "fuelcosts": 786000000,
        "costofpurchasedpower": 786000000,
        "othercostandexpenseoperating": 621000000,
        "depreciationdecommissioningandamortization": 463000000,
        "propertyandothertaxes": 88000000,
        "assetimpairmentandothercharges": 738000000,
        "costsandexpenses": 1958000000,
        "operatingincomeloss": 550000000,
        "othernonoperatingincome": 33000000,
        "interestexpense": 136000000,
        "othernonoperatingexpense": 7000000,
        "incomefromcontinuingoperationsbeforeincometaxesandnoncontrollinginterest": 440000000,
        "incometaxexpensebenefit": 107000000,
        "incomelossfromcontinuingoperationsincludingportionattributabletononcontrollinginterest": 333000000,
        "dividendspreferredstock": 28000000,
        "netincomelossattributabletononcontrollinginterest": -9000000,
        "netincomeloss": 305000000,
        "incomelossfromcontinuingoperations": 299000000,
        "weightedaveragenumberofsharesoutstandingbasic": 326000000,
        "incomelossfromcontinuingoperationsperbasicshare": 0.92,
        "earningspersharebasic": 0.92,
        "weightedaveragenumberofdilutedsharesoutstanding": 329000000,
        "incomelossfromcontinuingoperationsperdilutedshare": 0.91,
        "earningspersharediluted": 0.91,
        "commonstockdividendspersharedeclared": 0.4175
    },
    {
        "date": "2014-09-29",
        "symbol": "EIX",
        "period": "Q3",
        "profitloss": 531000000,
        "othercomprehensiveincomepensionadjustmentnetgainslossesandamortization": 1000000,
        "othercomprehensiveincomelossreclassificationadjustmentfromaocipensionandotherpostretirementbenefitplansnetoftax": -1000000,
        "othercomprehensiveincomelossnetoftax": -10000000,
        "comprehensiveincomenetoftaxincludingportionattributabletononcontrollinginterest": 531000000,
        "comprehensiveincomenetoftaxattributabletononcontrollinginterest": 28000000,
        "comprehensiveincomenetoftax": 470000000,
        "revenues": 4338000000,
        "fuelcosts": 77000000,
        "costofpurchasedpower": 2105000000,
        "othercostandexpenseoperating": 776000000,
        "depreciationdecommissioningandamortization": 423000000,
        "propertyandothertaxes": 76000000,
        "assetimpairmentandothercharges": -3000000,
        "costsandexpenses": 3457000000,
        "operatingincomeloss": 881000000,
        "othernonoperatingincome": 36000000,
        "interestexpense": 133000000,
        "othernonoperatingexpense": 29000000,
        "incomefromcontinuingoperationsbeforeincometaxesandnoncontrollinginterest": 755000000,
        "incometaxexpensebenefit": 224000000,
        "incomelossfromcontinuingoperationsincludingportionattributabletononcontrollinginterest": 524000000,
        "incomelossfromdiscontinuedoperationsnetoftaxattributabletoreportingentity": -16000000,
        "dividendspreferredstock": 28000000,
        "netincomeloss": 503000000,
        "incomelossfromcontinuingoperations": 496000000,
        "weightedaveragenumberofsharesoutstandingbasic": 326000000,
        "incomelossfromcontinuingoperationsperbasicshare": 1.52,
        "incomelossfromdiscontinuedoperationsnetoftaxperbasicshare": -0.05,
        "earningspersharebasic": 1.47,
        "weightedaveragenumberofdilutedsharesoutstanding": 329000000,
        "incomelossfromcontinuingoperationsperdilutedshare": 1.51,
        "incomelossfromdiscontinuedoperationsnetoftaxperdilutedshare": -0.05,
        "earningspersharediluted": 1.46,
        "commonstockdividendspersharedeclared": 0.355
    },
    {
        "date": "2014-03-30",
        "symbol": "EIX",
        "period": "Q1",
        "profitloss": 176000000,
        "othercomprehensiveincomepensionadjustmentnetgainslossesandamortization": 1000000,
        "othercomprehensiveincomelossreclassificationadjustmentfromaocipensionandotherpostretirementbenefitplansfornetgainlossnetoftax": 2000000,
        "othercomprehensiveincomelossnetoftax": 1000000,
        "comprehensiveincomenetoftaxincludingportionattributabletononcontrollinginterest": 235000000,
        "comprehensiveincomenetoftaxattributabletononcontrollinginterest": 26000000,
        "comprehensiveincomenetoftax": 178000000,
        "revenues": 2924000000,
        "fuelcosts": 72000000,
        "costofpurchasedpower": 1071000000,
        "othercostandexpenseoperating": 713000000,
        "depreciationdecommissioningandamortization": 410000000,
        "assetimpairmentandothercharges": 231000000,
        "propertyandothertaxes": 85000000,
        "costsandexpenses": 2582000000,
        "operatingincomeloss": 342000000,
        "othernonoperatingincome": 23000000,
        "interestexpense": 136000000,
        "othernonoperatingexpense": 7000000,
        "incomefromcontinuingoperationsbeforeincometaxesandnoncontrollinginterest": 222000000,
        "incometaxexpensebenefit": -12000000,
        "incomelossfromcontinuingoperationsincludingportionattributabletononcontrollinginterest": 234000000,
        "incomelossfromdiscontinuedoperationsnetoftax": -22000000,
        "dividendspreferredstock": 26000000,
        "netincomeloss": 208000000,
        "netincomelossavailabletocommonstockholdersbasic": 198000000,
        "weightedaveragenumberofsharesoutstandingbasic": 326000000,
        "incomelossfromcontinuingoperationsperbasicshare": 0.61,
        "incomelossfromdiscontinuedoperationsnetoftaxperbasicshare": -0.07,
        "earningspersharebasic": 0.54,
        "weightedaveragenumberofdilutedsharesoutstanding": 329000000,
        "incomelossfromcontinuingoperationsperdilutedshare": 0.61,
        "incomelossfromdiscontinuedoperationsnetoftaxperdilutedshare": -0.07,
        "earningspersharediluted": 0.54,
        "commonstockdividendspersharedeclared": 0.355
    },
    {
        "date": "2013-03-30",
        "symbol": "EIX",
        "period": "Q1",
        "profitloss": 1000000,
        "othercomprehensiveincomedefinedbenefitplansnetunamortizedgainlossarisingduringperiodnetoftax": -4000000,
        "othercomprehensiveincomereclassificationofdefinedbenefitplansnetgainlossrecognizedinnetperiodicbenefitcostnetoftax": 1000000,
        "othercomprehensiveincomelossnetoftax": -3000000,
        "comprehensiveincomenetoftaxincludingportionattributabletononcontrollinginterest": 280000000,
        "comprehensiveincomenetoftaxattributabletononcontrollinginterest": 27000000,
        "comprehensiveincomenetoftax": 271000000,
        "othercomprehensiveincomedefinedbenefitplansnetunamortizedgainlossarisingduringperiodtax": -3000000,
        "othercomprehensiveincomelossreclassificationpensionandotherpostretirementbenefitplansnetgainlossrecognizedinnetperiodicbenefitcosttax": 1000000,
        "revenues": 2629000000,
        "fuelcosts": 73000000,
        "costofpurchasedpower": 780000000,
        "othercostandexpenseoperating": 785000000,
        "depreciationdecommissioningandamortization": 414000000,
        "propertyandothertaxes": 79000000,
        "costsandexpenses": 2131000000,
        "operatingincomeloss": 498000000,
        "othernonoperatingincome": 32000000,
        "interestexpense": 125000000,
        "othernonoperatingexpense": 10000000,
        "incomefromcontinuingoperationsbeforeincometaxesandnoncontrollinginterest": 395000000,
        "incometaxexpensebenefit": -1000000,
        "incomelossfromcontinuingoperationsincludingportionattributabletononcontrollinginterest": 286000000,
        "incomelossfromdiscontinuedoperationsnetoftax": 12000000,
        "dividendspreferredstock": 27000000,
        "netincomeloss": 256000000,
        "incomelossfromcontinuingoperations": 259000000,
        "weightedaveragenumberofsharesoutstandingbasic": 326000000,
        "incomelossfromcontinuingoperationsperbasicshare": 0.79,
        "incomelossfromdiscontinuedoperationsnetoftaxperbasicshare": 0.04,
        "earningspersharebasic": 0.83,
        "weightedaveragenumberofdilutedsharesoutstanding": 329000000,
        "incomelossfromcontinuingoperationsperdilutedshare": 0.78,
        "incomelossfromdiscontinuedoperationsnetoftaxperdilutedshare": 0.04,
        "earningspersharediluted": 0.82,
        "commonstockdividendspersharedeclared": 0.3375
    },
    {
        "date": "2012-09-29",
        "symbol": "EIX",
        "period": "Q3",
        "profitloss": -56000000,
        "othercomprehensiveincomereclassificationofdefinedbenefitplansnetgainlossrecognizedinnetperiodicbenefitcostnetoftax": 2000000,
        "othercomprehensiveincomeunrealizedgainlossonderivativesarisingduringperiodnetoftax": -16000000,
        "comprehensiveincomenetoftaxincludingportionattributabletononcontrollinginterest": 206000000,
        "comprehensiveincomenetoftaxattributabletononcontrollinginterest": 28000000,
        "comprehensiveincomenetoftax": 178000000,
        "othercomprehensiveincomeunrealizedgainlossonderivativesarisingduringperiodtax": -11000000,
        "electricdomesticregulatedrevenue": 3729000000,
        "electricalgenerationrevenue": 158000000,
        "revenues": -2086000000,
        "fuelcosts": 119000000,
        "costofpurchasedpower": 1612000000,
        "othercostandexpenseoperating": 1057000000,
        "depreciationdecommissioningandamortization": 466000000,
        "gainlossoncontracttermination": 85000000,
        "costsandexpenses": 3169000000,
        "operatingincomeloss": 718000000,
        "investmentincomeinterestanddividend": 3000000,
        "incomelossfromequitymethodinvestments": 25000000,
        "othernonoperatingincome": 36000000,
        "interestexpense": 213000000,
        "othernonoperatingexpense": 7000000,
        "incomefromcontinuingoperationsbeforeincometaxesandnoncontrollinginterest": 562000000,
        "incomelossfromcontinuingoperationsincludingportionattributabletononcontrollinginterest": 346000000,
        "dividendspreferredstock": 24000000,
        "minorityinterestinnetincomelossotherminorityinterests": 4000000,
        "netincomeloss": -240000000,
        "incomelossfromcontinuingoperations": 318000000,
        "weightedaveragenumberofsharesoutstandingbasic": -326000000,
        "incomelossfromcontinuingoperationsperbasicshare": 0.98,
        "earningspersharebasic": 0.5800000000000001,
        "weightedaveragenumberofdilutedsharesoutstanding": -335000000,
        "incomelossfromcontinuingoperationsperdilutedshare": 0.98,
        "earningspersharediluted": 0.5900000000000001,
        "commonstockdividendspersharedeclared": 0.3249999999999999
    },
    {
        "date": "2012-06-29",
        "symbol": "EIX",
        "period": "Q2",
        "profitloss": 103000000,
        "othercomprehensiveincomedefinedbenefitplansnetunamortizedgainlossarisingduringperiodnetoftax": -4000000,
        "othercomprehensiveincomereclassificationofdefinedbenefitplansnetgainlossrecognizedinnetperiodicbenefitcostnetoftax": 3000000,
        "othercomprehensiveincomeunrealizedgainlossonderivativesarisingduringperiodnetoftax": -28000000,
        "othercomprehensiveincomelossreclassificationadjustmentonderivativesincludedinnetincomenetoftax": -9000000,
        "othercomprehensiveincomelossnetoftax": -38000000,
        "comprehensiveincomenetoftaxincludingportionattributabletononcontrollinginterest": 65000000,
        "comprehensiveincomenetoftaxattributabletononcontrollinginterest": 29000000,
        "comprehensiveincomenetoftax": 36000000,
        "othercomprehensiveincomedefinedbenefitplansnetunamortizedgainlossarisingduringperiodtax": -2000000,
        "othercomprehensiveincomelossreclassificationpensionandotherpostretirementbenefitplansnetgainlossrecognizedinnetperiodicbenefitcosttax": 1000000,
        "othercomprehensiveincomeunrealizedgainlossonderivativesarisingduringperiodtax": -19000000,
        "othercomprehensiveincomelossreclassificationadjustmentonderivativesincludedinnetincometax": -6000000,
        "electricdomesticregulatedrevenue": 2650000000,
        "electricalgenerationrevenue": 407000000,
        "revenues": 2651000000,
        "fuelcosts": 276000000,
        "costofpurchasedpower": 822000000,
        "othercostandexpenseoperating": 1209000000,
        "depreciationdecommissioningandamortization": 467000000,
        "gainlossoncontracttermination": -11000000,
        "costsandexpenses": 2785000000,
        "operatingincomeloss": 272000000,
        "investmentincomeinterestanddividend": 13000000,
        "incomelossfromequitymethodinvestments": 18000000,
        "othernonoperatingincome": 38000000,
        "interestexpense": 218000000,
        "othernonoperatingexpense": 19000000,
        "incomefromcontinuingoperationsbeforeincometaxesandnoncontrollinginterest": 104000000,
        "incometaxexpensebenefit": 1000000,
        "incomelossfromcontinuingoperationsincludingportionattributabletononcontrollinginterest": 103000000,
        "dividendspreferredstock": 23000000,
        "minorityinterestinnetincomelossotherminorityinterests": 6000000,
        "netincomeloss": -7000000,
        "incomelossfromcontinuingoperations": 74000000,
        "weightedaveragenumberofsharesoutstandingbasic": 326000000,
        "incomelossfromcontinuingoperationsperbasicshare": 0.23,
        "earningspersharebasic": 0.23,
        "weightedaveragenumberofdilutedsharesoutstanding": 334000000,
        "incomelossfromcontinuingoperationsperdilutedshare": 0.22,
        "earningspersharediluted": 0.22,
        "commonstockdividendspersharedeclared": 0.325
    },
    {
        "date": "2012-03-30",
        "symbol": "EIX",
        "period": "Q1",
        "profitloss": 19000000,
        "othercomprehensiveincomereclassificationofdefinedbenefitplansnetgainlossrecognizedinnetperiodicbenefitcostnetoftax": 7000000,
        "othercomprehensiveincomeunrealizedgainlossonderivativesarisingduringperiodnetoftax": 25000000,
        "othercomprehensiveincomereclassificationadjustmentonderivativesincludedinnetincomenetoftax": 11000000,
        "othercomprehensiveincomelossnetoftaxperiodincreasedecrease": 7000000,
        "comprehensiveincomenetoftaxincludingportionattributabletononcontrollinginterest": 135000000,
        "comprehensiveincomenetoftaxattributabletononcontrollinginterest": 21000000,
        "comprehensiveincomenetoftax": 114000000,
        "othercomprehensiveincomereclassificationofdefinedbenefitplansnetgainlossrecognizedinnetperiodicbenefitcosttax": -4000000,
        "othercomprehensiveincomeunrealizedgainlossonderivativesarisingduringperiodtax": 17000000,
        "othercomprehensiveincomereclassificationadjustmentonderivativesincludedinnetincometax": 8000000,
        "electricdomesticregulatedrevenue": 2412000000,
        "electricalgenerationrevenue": 444000000,
        "revenues": 444000000,
        "fuelcosts": 283000000,
        "costofpurchasedpower": 615000000,
        "othercostandexpenseoperating": 1184000000,
        "depreciationdecommissioningandamortization": 456000000,
        "gainlossoncontracttermination": -14000000,
        "costsandexpenses": 2552000000,
        "operatingincomeloss": 304000000,
        "investmentincomeinterestanddividend": 3000000,
        "incomelossfromequitymethodinvestments": -1000000,
        "othernonoperatingincome": 31000000,
        "interestexpense": 212000000,
        "othernonoperatingexpense": 10000000,
        "incomefromcontinuingoperationsbeforeincometaxesandnoncontrollinginterest": 115000000,
        "incomelossfromcontinuingoperationsincludingportionattributabletononcontrollinginterest": 115000000,
        "incomelossfromdiscontinuedoperationsnetoftax": -1000000,
        "dividendspreferredstock": 19000000,
        "minorityinterestinnetincomelossotherminorityinterests": 2000000,
        "netincomeloss": -84000000,
        "incomelossfromcontinuingoperations": 94000000,
        "weightedaveragenumberofsharesoutstandingbasic": 326000000,
        "incomelossfromcontinuingoperationsperbasicshare": 0.28,
        "earningspersharebasic": 0.28,
        "weightedaveragenumberofdilutedsharesoutstanding": 329000000,
        "incomelossfromcontinuingoperationsperdilutedshare": 0.28,
        "earningspersharediluted": 0.28,
        "commonstockdividendspersharedeclared": 0.325
    },
    {
        "date": "2011-12-30",
        "symbol": "EIX",
        "period": "Q4",
        "profitloss": -839000000,
        "othercomprehensiveincomereclassificationofdefinedbenefitplansnetgainlossrecognizedinnetperiodicbenefitcostnetoftax": 1000000,
        "othercomprehensiveincomeunrealizedgainlossonderivativesarisingduringperiodnetoftax": 26000000,
        "othercomprehensiveincomelossnetoftaxperiodincreasedecrease": -57000000,
        "comprehensiveincomenetoftaxincludingportionattributabletononcontrollinginterest": -839000000,
        "comprehensiveincomenetoftaxattributabletononcontrollinginterest": 15000000,
        "comprehensiveincomenetoftax": -854000000,
        "othercomprehensiveincomeunrealizedgainlossonderivativesarisingduringperiodtax": 17000000,
        "electricdomesticregulatedrevenue": 2514000000,
        "electricalgenerationrevenue": 500000000,
        "revenues": 500000000,
        "fuelcosts": 300000000,
        "costofpurchasedpower": 567000000,
        "othercostandexpenseoperating": 1245000000,
        "depreciationdecommissioningandamortization": 138000000,
        "costsandexpenses": -8044000000,
        "operatingincomeloss": -1702000000,
        "investmentincomeinterestanddividend": -6000000,
        "incomelossfromequitymethodinvestments": -69000000,
        "othernonoperatingincome": 46000000,
        "interestexpense": -580000000,
        "othernonoperatingexpense": 18000000,
        "incomefromcontinuingoperationsbeforeincometaxesandnoncontrollinginterest": -1281000000,
        "incometaxexpensebenefit": -396000000,
        "incomelossfromcontinuingoperationsincludingportionattributabletononcontrollinginterest": -881000000,
        "netincomeloss": -16000000,
        "incomelossfromcontinuingoperations": -839000000,
        "incomelossfromcontinuingoperationsperbasicshare": -2.5700000000000003,
        "earningspersharebasic": -2.57,
        "incomelossfromcontinuingoperationsperdilutedshare": -2.56,
        "earningspersharediluted": -2.56,
        "commonstockdividendspersharedeclared": 0.325
    },
    {
        "date": "2011-09-29",
        "symbol": "EIX",
        "period": "Q3",
        "profitloss": 773000000,
        "othercomprehensiveincomereclassificationofdefinedbenefitplansnetgainlossrecognizedinnetperiodicbenefitcostnetoftax": 3000000,
        "othercomprehensiveincomeunrealizedgainlossonderivativesarisingduringperiodnetoftax": -30000000,
        "othercomprehensiveincomereclassificationadjustmentonderivativesincludedinnetincomenetoftax": 0,
        "othercomprehensiveincomelossnetoftaxperiodincreasedecrease": 28000000,
        "comprehensiveincomenetoftaxincludingportionattributabletononcontrollinginterest": 413000000,
        "comprehensiveincomenetoftaxattributabletononcontrollinginterest": 14000000,
        "comprehensiveincomenetoftax": 399000000,
        "othercomprehensiveincomeunrealizedgainlossonderivativesarisingduringperiodtax": -19000000,
        "othercomprehensiveincomereclassificationadjustmentonderivativesincludedinnetincometax": 0,
        "electricdomesticregulatedrevenue": 3384000000,
        "electricalgenerationrevenue": 596000000,
        "revenues": 1688000000,
        "fuelcosts": 351000000,
        "costofpurchasedpower": 1264000000,
        "othercostandexpenseoperating": 1119000000,
        "depreciationdecommissioningandamortization": 436000000,
        "costsandexpenses": 3170000000,
        "operatingincomeloss": 810000000,
        "investmentincomeinterestanddividend": 4000000,
        "incomelossfromequitymethodinvestments": 56000000,
        "othernonoperatingincome": 27000000,
        "interestexpense": 203000000,
        "othernonoperatingexpense": 12000000,
        "incomefromcontinuingoperationsbeforeincometaxesandnoncontrollinginterest": 682000000,
        "incometaxexpensebenefit": 242000000,
        "incomelossfromcontinuingoperationsincludingportionattributabletononcontrollinginterest": 440000000,
        "incomelossfromdiscontinuedoperationsnetoftax": 0,
        "netincomeloss": -11000000,
        "incomelossfromcontinuingoperations": 426000000,
        "incomelossfromcontinuingoperationsperbasicshare": 1.31,
        "earningspersharebasic": 1.31,
        "incomelossfromcontinuingoperationsperdilutedshare": 1.2999999999999998,
        "earningspersharediluted": 1.3000000000000003,
        "commonstockdividendspersharedeclared": 0.3199999999999999
    },
    {
        "date": "2011-06-29",
        "symbol": "EIX",
        "period": "Q2",
        "othercomprehensiveincomeunrealizedgainlossonderivativesarisingduringperiodtax": -9000000,
        "othercomprehensiveincomereclassificationadjustmentonderivativesincludedinnetincometax": 18000000,
        "profitloss": -171000000,
        "othercomprehensiveincomereclassificationofdefinedbenefitplansnetgainlossrecognizedinnetperiodicbenefitcostnetoftax": 1000000,
        "othercomprehensiveincomeunrealizedgainlossonderivativesarisingduringperiodnetoftax": -14000000,
        "othercomprehensiveincomereclassificationadjustmentonderivativesincludedinnetincomenetoftax": 7000000,
        "othercomprehensiveincomelossnetoftaxperiodincreasedecrease": -20000000,
        "comprehensiveincomenetoftaxincludingportionattributabletononcontrollinginterest": 171000000,
        "comprehensiveincomenetoftaxattributabletononcontrollinginterest": 15000000,
        "comprehensiveincomenetoftax": 156000000,
        "electricdomesticregulatedrevenue": 2446000000,
        "electricalgenerationrevenue": 538000000,
        "revenues": -2784000000,
        "fuelcosts": 257000000,
        "costofpurchasedpower": 650000000,
        "othercostandexpenseoperating": 1263000000,
        "depreciationdecommissioningandamortization": 435000000,
        "costsandexpenses": 2605000000,
        "operatingincomeloss": 379000000,
        "investmentincomeinterestanddividend": 30000000,
        "incomelossfromequitymethodinvestments": 17000000,
        "othernonoperatingincome": 42000000,
        "interestexpense": 202000000,
        "othernonoperatingexpense": 12000000,
        "incomefromcontinuingoperationsbeforeincometaxesandnoncontrollinginterest": 254000000,
        "incometaxexpensebenefit": 62000000,
        "incomelossfromcontinuingoperationsincludingportionattributabletononcontrollinginterest": 192000000,
        "incomelossfromdiscontinuedoperationsnetoftax": -1000000,
        "preferredstockdividends": 15000000,
        "netincomeloss": -4000000,
        "incomelossfromcontinuingoperations": 177000000,
        "weightedaveragenumberofsharesoutstandingbasic": 0,
        "incomelossfromcontinuingoperationsperbasicshare": 0.5399999999999999,
        "incomelossfromdiscontinuedoperationsnetoftaxperbasicshare": 0,
        "earningspersharebasic": 0.5399999999999999,
        "weightedaveragenumberofdilutedsharesoutstanding": 0,
        "incomelossfromcontinuingoperationsperdilutedshare": 0.5399999999999999,
        "incomelossfromdiscontinuedoperationsnetoftaxperdilutedshare": 0,
        "earningspersharediluted": 0.5399999999999999,
        "commonstockdividendspersharedeclared": 0.32
    },
    {
        "date": "2011-03-30",
        "symbol": "EIX",
        "period": "Q1",
        "othercomprehensiveincomeunrealizedgainlossonderivativesarisingduringperiodtax": 4000000,
        "othercomprehensiveincomereclassificationadjustmentonderivativesincludedinnetincometax": -6000000,
        "profitloss": 200000000,
        "othercomprehensiveincomereclassificationofdefinedbenefitplansnetgainlossrecognizedinnetperiodicbenefitcostnetoftax": 3000000,
        "othercomprehensiveincomeunrealizedgainlossonderivativesarisingduringperiodnetoftax": 6000000,
        "othercomprehensiveincomereclassificationadjustmentonderivativesincludedinnetincomenetoftax": 10000000,
        "othercomprehensiveincomelossnetoftaxperiodincreasedecrease": -1000000,
        "comprehensiveincomenetoftaxincludingportionattributabletononcontrollinginterest": 213000000,
        "comprehensiveincomenetoftaxattributabletononcontrollinginterest": 14000000,
        "comprehensiveincomenetoftax": 199000000,
        "electricdomesticregulatedrevenue": 2230000000,
        "electricalgenerationrevenue": 552000000,
        "revenues": 2782000000,
        "fuelcosts": 258000000,
        "costofpurchasedpower": 508000000,
        "othercostandexpenseoperating": 1149000000,
        "depreciationdecommissioningandamortization": 417000000,
        "costsandexpenses": 2332000000,
        "operatingincomeloss": 450000000,
        "investmentincomeinterestanddividend": 4000000,
        "incomelossfromequitymethodinvestments": -5000000,
        "othernonoperatingincome": 41000000,
        "interestexpense": 196000000,
        "othernonoperatingexpense": 13000000,
        "incomefromcontinuingoperationsbeforeincometaxesandnoncontrollinginterest": 281000000,
        "incometaxexpensebenefit": 65000000,
        "incomelossfromcontinuingoperationsincludingportionattributabletononcontrollinginterest": 216000000,
        "incomelossfromdiscontinuedoperationsnetoftax": -2000000,
        "preferredstockdividends": 14000000,
        "netincomeloss": -2000000,
        "incomelossfromcontinuingoperations": 202000000,
        "weightedaveragenumberofsharesoutstandingbasic": 326000000,
        "incomelossfromcontinuingoperationsperbasicshare": 0.62,
        "incomelossfromdiscontinuedoperationsnetoftaxperbasicshare": -0.01,
        "earningspersharebasic": 0.61,
        "weightedaveragenumberofdilutedsharesoutstanding": 328000000,
        "incomelossfromcontinuingoperationsperdilutedshare": 0.62,
        "incomelossfromdiscontinuedoperationsnetoftaxperdilutedshare": -0.01,
        "earningspersharediluted": 0.61,
        "commonstockdividendspersharedeclared": 0.32
    },
    {
        "date": "2010-03-30",
        "symbol": "EIX",
        "period": "Q1",
        "othercomprehensiveincomeunrealizedgainlossonderivativesarisingduringperiodtax": 62000000,
        "othercomprehensiveincomereclassificationadjustmentonderivativesincludedinnetincometax": -14000000,
        "electricdomesticregulatedrevenue": 2159000000,
        "electricalgenerationrevenue": 652000000,
        "operatingleasesincomestatementleaserevenue": -1000000,
        "revenues": 2810000000,
        "fuelcosts": 295000000,
        "costofpurchasedpower": 608000000,
        "othercostandexpenseoperating": 1037000000,
        "depreciationdecommissioningandamortization": 369000000,
        "gainlossoncontracttermination": -3000000,
        "costsandexpenses": 2312000000,
        "operatingincomeloss": 498000000,
        "investmentincomeinterestanddividend": 19000000,
        "incomelossfromequitymethodinvestments": 18000000,
        "othernonoperatingincome": 34000000,
        "interestexpense": 168000000,
        "othernonoperatingexpense": 8000000,
        "incomefromcontinuingoperationsbeforeincometaxesandnoncontrollinginterest": 393000000,
        "incometaxexpensebenefit": 150000000,
        "incomelossfromcontinuingoperationsincludingportionattributabletononcontrollinginterest": 243000000,
        "incomelossfromdiscontinuedoperationsnetoftax": 6000000,
        "profitloss": 249000000,
        "netincomelossattributabletononcontrollinginterest": 13000000,
        "netincomeloss": 236000000,
        "incomelossfromcontinuingoperations": 230000000,
        "weightedaveragenumberofsharesoutstandingbasic": 326000000,
        "incomelossfromcontinuingoperationsperbasicshare": 0.7,
        "incomelossfromdiscontinuedoperationsnetoftaxperbasicshare": 0.02,
        "earningspersharebasic": 0.72,
        "weightedaveragenumberofdilutedsharesoutstanding": 328000000,
        "incomelossfromcontinuingoperationsperdilutedshare": 0.7,
        "incomelossfromdiscontinuedoperationsnetoftaxperdilutedshare": 0.02,
        "earningspersharediluted": 0.72,
        "commonstockdividendspersharedeclared": 0.315,
        "othercomprehensiveincomedefinedbenefitplansnetunamortizedgainlossarisingduringperiodnetoftax": 12000000,
        "othercomprehensiveincomereclassificationofdefinedbenefitplansnetgainlossrecognizedinnetperiodicbenefitcostnetoftax": -8000000,
        "othercomprehensiveincomedefinedbenefitplannetpriorservicecostscreditarisingduringperiodnetoftax": -2000000,
        "othercomprehensiveincomeamortizationofdefinedbenefitplannetpriorservicecostrecognizedinnetperiodicpensioncostnetoftax": -2000000,
        "othercomprehensiveincomeunrealizedgainlossonderivativesarisingduringperiodnetoftax": 95000000,
        "othercomprehensiveincomereclassificationadjustmentonderivativesincludedinnetincomenetoftax": 20000000,
        "othercomprehensiveincomelossnetoftaxperiodincreasedecrease": 79000000,
        "comprehensiveincomenetoftaxincludingportionattributabletononcontrollinginterest": 328000000,
        "comprehensiveincomenetoftaxattributabletononcontrollinginterest": 13000000,
        "comprehensiveincomenetoftax": 315000000
    },
    {
        "date": "2009-06-29",
        "symbol": "EIX",
        "period": "Q2",
        "electricdomesticregulatedrevenue": 2272000000,
        "electricalgenerationrevenue": 557000000,
        "operatingleasesincomestatementleaserevenue": 5000000,
        "revenues": 2834000000,
        "fuelcosts": 328000000,
        "costofpurchasedpower": 583000000,
        "othercostandexpenseoperating": 1074000000,
        "depreciationdecommissioningandamortization": 347000000,
        "gainlossoncontracttermination": -866000000,
        "costsandexpenses": 3198000000,
        "operatingincomeloss": -364000000,
        "investmentincomeinterestanddividend": 17000000,
        "incomelossfromequitymethodinvestments": 6000000,
        "othernonoperatingincome": 30000000,
        "interestexpense": 182000000,
        "othernonoperatingexpense": 17000000,
        "incomefromcontinuingoperationsbeforeincometaxesandnoncontrollinginterest": -510000000,
        "incometaxexpensebenefit": -524000000,
        "incomelossfromcontinuingoperationsincludingportionattributabletononcontrollinginterest": 14000000,
        "incomelossfromdiscontinuedoperationsnetoftax": -7000000,
        "profitloss": 7000000,
        "netincomelossattributabletononcontrollinginterest": 23000000,
        "netincomeloss": -16000000,
        "incomelossfromcontinuingoperations": -9000000,
        "weightedaveragenumberofsharesoutstandingbasic": 326000000,
        "incomelossfromcontinuingoperationsperbasicshare": -0.03,
        "incomelossfromdiscontinuedoperationsnetoftaxperbasicshare": -0.02,
        "earningspersharebasic": -0.05,
        "weightedaveragenumberofdilutedsharesoutstanding": 327000000,
        "incomelossfromcontinuingoperationsperdilutedshare": -0.03,
        "incomelossfromdiscontinuedoperationsnetoftaxperdilutedshare": -0.02,
        "earningspersharediluted": -0.05,
        "commonstockdividendspersharedeclared": 0.31,
        "othercomprehensiveincomeforeigncurrencytransactionandtranslationgainlossarisingduringperiodnetoftax": 4000000,
        "othercomprehensiveincomedefinedbenefitplansnetunamortizedgainlossarisingduringperiodnetoftax": 1000000,
        "othercomprehensiveincomereclassificationofdefinedbenefitplansnetgainlossrecognizedinnetperiodicbenefitcostnetoftax": 1000000,
        "othercomprehensiveincomeunrealizedgainlossonderivativesarisingduringperiodnetoftax": -90000000,
        "othercomprehensiveincomereclassificationadjustmentonderivativesincludedinnetincomenetoftax": 17000000,
        "othercomprehensiveincomelossnetoftaxperiodincreasedecrease": -67000000,
        "comprehensiveincomenetoftaxincludingportionattributabletononcontrollinginterest": -60000000,
        "comprehensiveincomenetoftaxattributabletononcontrollinginterest": 23000000,
        "comprehensiveincomenetoftax": -83000000,
        "othercomprehensiveincomeunrealizedgainlossonderivativesarisingduringperiodtax": -50000000,
        "othercomprehensiveincomereclassificationadjustmentonderivativesincludedinnetincometax": 9000000
    }
]