[
    {
        "date": "2024-03-30",
        "symbol": "EXPE",
        "period": "Q1",
        "revenuefromcontractwithcustomerexcludingassessedtax": 2889000000,
        "costofgoodsandserviceexcludingdepreciationdepletionandamortization": 358000000,
        "sellingandmarketingexpense": 1650000000,
        "indirectsellingandmarketingexpenses": 186000000,
        "technologyandcontentexpense": 341000000,
        "generalandadministrativeexpense": 186000000,
        "depreciationdepletionandamortization": 210000000,
        "legalreservesoccupancytaxandother": 20000000,
        "restructuringcharges": 48000000,
        "operatingincomeloss": -110000000,
        "investmentincomeinterest": 51000000,
        "interestexpense": 62000000,
        "othernonoperatingincomeexpense": -34000000,
        "nonoperatingincomeexpense": -45000000,
        "incomelossfromcontinuingoperationsbeforeincometaxesextraordinaryitemsnoncontrollinginterest": -155000000,
        "incometaxexpensebenefit": -19000000,
        "profitloss": -136000000,
        "netincomelossattributabletononcontrollinginterest": -1000000,
        "netincomeloss": -135000000,
        "earningspersharebasic": -0.99,
        "earningspersharediluted": -0.99,
        "weightedaveragenumberofsharesoutstandingbasic": 135501000,
        "weightedaveragenumberofdilutedsharesoutstanding": 135501000,
        "allocatedsharebasedcompensationexpense": 2000000,
        "othercomprehensiveincomeforeigncurrencytransactionandtranslationgainlossarisingduringperiodnetoftax": -15000000,
        "comprehensiveincomenetoftaxincludingportionattributabletononcontrollinginterest": -151000000,
        "comprehensiveincomenetoftaxattributabletononcontrollinginterest": -3000000,
        "comprehensiveincomelossnetoftaxattributabletocommonstockholders": -148000000,
        "othercomprehensiveincomeforeigncurrencytranslationgainlossarisingduringperiodtax": -1000000
    },
    {
        "date": "2023-12-30",
        "symbol": "EXPE",
        "period": "Q4",
        "revenuefromcontractwithcustomerexcludingassessedtax": 2887000000,
        "costofgoodsandserviceexcludingdepreciationdepletionandamortization": 340000000,
        "sellingandmarketingexpense": 807000000,
        "technologyandcontentexpense": 357000000,
        "generalandadministrativeexpense": 199000000,
        "depreciationdepletionandamortization": 208000000,
        "operatingincomeloss": 104000000,
        "investmentincomeinterest": 45000000,
        "interestexpense": 61000000,
        "othernonoperatingincomeexpense": 58000000,
        "nonoperatingincomeexpense": 67000000,
        "incomelossfromcontinuingoperationsbeforeincometaxesextraordinaryitemsnoncontrollinginterest": 171000000,
        "incometaxexpensebenefit": 35000000,
        "profitloss": 136000000,
        "netincomelossattributabletononcontrollinginterest": 4000000,
        "netincomeloss": 132000000,
        "earningspersharebasic": 0.99,
        "earningspersharediluted": 0.9399999999999993,
        "weightedaveragenumberofsharesoutstandingbasic": 144967000,
        "weightedaveragenumberofdilutedsharesoutstanding": 150228000,
        "allocatedsharebasedcompensationexpense": 4000000,
        "othercomprehensiveincomeforeigncurrencytransactionandtranslationgainlossarisingduringperiodnetoftax": 35000000,
        "comprehensiveincomenetoftaxincludingportionattributabletononcontrollinginterest": 171000000,
        "comprehensiveincomenetoftaxattributabletononcontrollinginterest": 8000000,
        "comprehensiveincomelossnetoftaxattributabletocommonstockholders": 163000000
    },
    {
        "date": "2023-09-29",
        "symbol": "EXPE",
        "period": "Q3",
        "revenuefromcontractwithcustomerexcludingassessedtax": 9256000000,
        "costofgoodsandserviceexcludingdepreciationdepletionandamortization": 412000000,
        "sellingandmarketingexpense": 1856000000,
        "technologyandcontentexpense": 340000000,
        "generalandadministrativeexpense": 194000000,
        "depreciationdepletionandamortization": 208000000,
        "legalreservesoccupancytaxandother": 0,
        "operatingincomeloss": 1466000000,
        "investmentincomeinterest": 56000000,
        "interestexpense": 62000000,
        "othernonoperatingincomeexpense": -157000000,
        "nonoperatingincomeexpense": -163000000,
        "incomelossfromcontinuingoperationsbeforeincometaxesextraordinaryitemsnoncontrollinginterest": 444000000,
        "incometaxexpensebenefit": 139000000,
        "profitloss": 305000000,
        "netincomelossattributabletononcontrollinginterest": -120000000,
        "netincomeloss": 425000000,
        "earningspersharebasic": 2.84,
        "earningspersharediluted": 2.7800000000000002,
        "weightedaveragenumberofsharesoutstandingbasic": -152392000,
        "weightedaveragenumberofdilutedsharesoutstanding": -152149000,
        "allocatedsharebasedcompensationexpense": -82000000,
        "othercomprehensiveincomeforeigncurrencytransactionandtranslationgainlossarisingduringperiodnetoftax": -39000000,
        "comprehensiveincomenetoftaxincludingportionattributabletononcontrollinginterest": 266000000,
        "comprehensiveincomenetoftaxattributabletononcontrollinginterest": -126000000,
        "comprehensiveincomelossnetoftaxattributabletocommonstockholders": 392000000,
        "othercomprehensiveincomeforeigncurrencytranslationgainlossarisingduringperiodtax": 1000000
    },
    {
        "date": "2023-06-29",
        "symbol": "EXPE",
        "period": "Q2",
        "revenuefromcontractwithcustomerexcludingassessedtax": 348000000,
        "costofgoodsandserviceexcludingdepreciationdepletionandamortization": 407000000,
        "sellingandmarketingexpense": 1770000000,
        "technologyandcontentexpense": 344000000,
        "generalandadministrativeexpense": 194000000,
        "depreciationdepletionandamortization": 199000000,
        "legalreservesoccupancytaxandother": 1000000,
        "operatingincomeloss": -273000000,
        "investmentincomeinterest": 63000000,
        "interestexpense": 61000000,
        "othernonoperatingincomeexpense": 19000000,
        "nonoperatingincomeexpense": 21000000,
        "incomelossfromcontinuingoperationsbeforeincometaxesextraordinaryitemsnoncontrollinginterest": 464000000,
        "incometaxexpensebenefit": 77000000,
        "profitloss": 387000000,
        "netincomelossattributabletononcontrollinginterest": 2000000,
        "netincomeloss": 385000000,
        "earningspersharebasic": 2.62,
        "earningspersharediluted": 2.54,
        "weightedaveragenumberofsharesoutstandingbasic": 147168000,
        "weightedaveragenumberofdilutedsharesoutstanding": 151844000,
        "allocatedsharebasedcompensationexpense": 46000000,
        "othercomprehensiveincomeforeigncurrencytransactionandtranslationgainlossarisingduringperiodnetoftax": 3000000,
        "comprehensiveincomenetoftaxincludingportionattributabletononcontrollinginterest": 390000000,
        "comprehensiveincomenetoftaxattributabletononcontrollinginterest": 1000000,
        "comprehensiveincomelossnetoftaxattributabletocommonstockholders": 389000000,
        "othercomprehensiveincomeforeigncurrencytranslationgainlossarisingduringperiodtax": -1000000
    },
    {
        "date": "2023-03-30",
        "symbol": "EXPE",
        "period": "Q1",
        "revenuefromcontractwithcustomerexcludingassessedtax": 348000000,
        "costofgoodsandserviceexcludingdepreciationdepletionandamortization": 414000000,
        "sellingandmarketingexpense": 1674000000,
        "technologyandcontentexpense": 317000000,
        "generalandadministrativeexpense": 184000000,
        "depreciationdepletionandamortization": 192000000,
        "legalreservesoccupancytaxandother": 5000000,
        "operatingincomeloss": -264000000,
        "investmentincomeinterest": 43000000,
        "interestexpense": 61000000,
        "othernonoperatingincomeexpense": 78000000,
        "nonoperatingincomeexpense": 60000000,
        "incomelossfromcontinuingoperationsbeforeincometaxesextraordinaryitemsnoncontrollinginterest": -61000000,
        "incometaxexpensebenefit": 79000000,
        "profitloss": -140000000,
        "netincomelossattributabletononcontrollinginterest": 5000000,
        "netincomeloss": -145000000,
        "earningspersharebasic": -0.95,
        "earningspersharediluted": -0.95,
        "weightedaveragenumberofsharesoutstandingbasic": 152477000,
        "weightedaveragenumberofdilutedsharesoutstanding": 152477000,
        "allocatedsharebasedcompensationexpense": 46000000,
        "othercomprehensiveincomeforeigncurrencytransactionandtranslationgainlossarisingduringperiodnetoftax": 28000000,
        "comprehensiveincomenetoftaxincludingportionattributabletononcontrollinginterest": -112000000,
        "comprehensiveincomenetoftaxattributabletononcontrollinginterest": 10000000,
        "comprehensiveincomelossnetoftaxattributabletocommonstockholders": -122000000,
        "othercomprehensiveincomeforeigncurrencytranslationgainlossarisingduringperiodtax": -1000000
    },
    {
        "date": "2022-12-30",
        "symbol": "EXPE",
        "period": "Q4",
        "revenuefromcontractwithcustomerexcludingassessedtax": 2440000000,
        "costofgoodsandserviceexcludingdepreciationdepletionandamortization": 412000000,
        "sellingandmarketingexpense": 1376000000,
        "technologyandcontentexpense": 317000000,
        "generalandadministrativeexpense": 186000000,
        "depreciationdepletionandamortization": 199000000,
        "operatingincomeloss": -266000000,
        "investmentincomeinterest": 27000000,
        "interestexpense": 60000000,
        "othernonoperatingincomeexpense": 82000000,
        "nonoperatingincomeexpense": 55000000,
        "incomelossfromcontinuingoperationsbeforeincometaxesextraordinaryitemsnoncontrollinginterest": 183000000,
        "incometaxexpensebenefit": 8000000,
        "profitloss": 175000000,
        "netincomeloss": 177000000,
        "netincomelossavailabletocommonstockholdersbasic": 177000000,
        "netincomelossavailabletocommonstockholdersdiluted": 177000000,
        "earningspersharebasic": 1.13,
        "earningspersharediluted": 1.0899999999999999,
        "weightedaveragenumberofsharesoutstandingbasic": -428000,
        "weightedaveragenumberofdilutedsharesoutstanding": -744000,
        "allocatedsharebasedcompensationexpense": 236000000,
        "othercomprehensiveincomeforeigncurrencytransactionandtranslationgainlossarisingduringperiodnetoftax": 106000000,
        "comprehensiveincomenetoftaxincludingportionattributabletononcontrollinginterest": 281000000,
        "comprehensiveincomenetoftaxattributabletononcontrollinginterest": 21000000,
        "comprehensiveincomelossnetoftaxattributabletocommonstockholders": 260000000
    },
    {
        "date": "2022-09-29",
        "symbol": "EXPE",
        "period": "Q3",
        "revenuefromcontractwithcustomerexcludingassessedtax": 416000000,
        "costofgoodsandserviceexcludingdepreciationdepletionandamortization": 455000000,
        "sellingandmarketingexpense": 1669000000,
        "technologyandcontentexpense": 310000000,
        "generalandadministrativeexpense": 187000000,
        "depreciationdepletionandamortization": 199000000,
        "legalreservesoccupancytaxandother": 0,
        "operatingincomeloss": -317000000,
        "investmentincomeinterest": 20000000,
        "interestexpense": 63000000,
        "othernonoperatingincomeexpense": -87000000,
        "nonoperatingincomeexpense": -57000000,
        "incomelossfromcontinuingoperationsbeforeincometaxesextraordinaryitemsnoncontrollinginterest": 690000000,
        "incometaxexpensebenefit": 214000000,
        "profitloss": 476000000,
        "netincomeloss": 482000000,
        "netincomelossavailabletocommonstockholdersbasic": 482000000,
        "netincomelossavailabletocommonstockholdersdiluted": 482000000,
        "earningspersharebasic": 3.0700000000000003,
        "earningspersharediluted": 3.04,
        "weightedaveragenumberofsharesoutstandingbasic": 269000,
        "weightedaveragenumberofdilutedsharesoutstanding": 5664000,
        "allocatedsharebasedcompensationexpense": 47000000,
        "othercomprehensiveincomeforeigncurrencytransactionandtranslationgainlossarisingduringperiodnetoftax": -96000000,
        "comprehensiveincomenetoftaxincludingportionattributabletononcontrollinginterest": 380000000,
        "comprehensiveincomenetoftaxattributabletononcontrollinginterest": -25000000,
        "comprehensiveincomelossnetoftaxattributabletocommonstockholders": 405000000,
        "othercomprehensiveincomeforeigncurrencytranslationgainlossarisingduringperiodtax": 4000000
    },
    {
        "date": "2022-06-29",
        "symbol": "EXPE",
        "period": "Q2",
        "revenuefromcontractwithcustomerexcludingassessedtax": 473000000,
        "costofgoodsandserviceexcludingdepreciationdepletionandamortization": 419000000,
        "sellingandmarketingexpense": 1716000000,
        "technologyandcontentexpense": 284000000,
        "generalandadministrativeexpense": 189000000,
        "depreciationdepletionandamortization": 197000000,
        "legalreservesoccupancytaxandother": 2000000,
        "operatingincomeloss": -294000000,
        "investmentincomeinterest": 10000000,
        "interestexpense": 73000000,
        "othernonoperatingincomeexpense": -385000000,
        "nonoperatingincomeexpense": -472000000,
        "incomelossfromcontinuingoperationsbeforeincometaxesextraordinaryitemsnoncontrollinginterest": -127000000,
        "incometaxexpensebenefit": 58000000,
        "profitloss": -185000000,
        "netincomelossattributabletononcontrollinginterest": 0,
        "netincomeloss": -185000000,
        "netincomelossavailabletocommonstockholdersbasic": -185000000,
        "netincomelossavailabletocommonstockholdersdiluted": -185000000,
        "earningspersharebasic": -1.18,
        "earningspersharediluted": -1.18,
        "weightedaveragenumberofsharesoutstandingbasic": 495000,
        "weightedaveragenumberofdilutedsharesoutstanding": 465000,
        "allocatedsharebasedcompensationexpense": 46000000,
        "othercomprehensiveincomeforeigncurrencytransactionandtranslationgainlossarisingduringperiodnetoftax": -99000000,
        "comprehensiveincomenetoftaxincludingportionattributabletononcontrollinginterest": -284000000,
        "comprehensiveincomenetoftaxattributabletononcontrollinginterest": -20000000,
        "comprehensiveincomelossnetoftaxattributabletocommonstockholders": -264000000,
        "othercomprehensiveincomeforeigncurrencytranslationgainlossarisingduringperiodtax": 6000000
    },
    {
        "date": "2022-03-30",
        "symbol": "EXPE",
        "period": "Q1",
        "revenuefromcontractwithcustomerexcludingassessedtax": 399000000,
        "costofgoodsandserviceexcludingdepreciationdepletionandamortization": 371000000,
        "sellingandmarketingexpense": 1339000000,
        "technologyandcontentexpense": 270000000,
        "generalandadministrativeexpense": 186000000,
        "depreciationdepletionandamortization": 197000000,
        "legalreservesoccupancytaxandother": 21000000,
        "operatingincomeloss": -278000000,
        "investmentincomeinterest": 3000000,
        "interestexpense": 81000000,
        "othernonoperatingincomeexpense": 5000000,
        "nonoperatingincomeexpense": -73000000,
        "incomelossfromcontinuingoperationsbeforeincometaxesextraordinaryitemsnoncontrollinginterest": -208000000,
        "incometaxexpensebenefit": -85000000,
        "profitloss": -123000000,
        "netincomelossattributabletononcontrollinginterest": -1000000,
        "netincomeloss": -122000000,
        "netincomelossavailabletocommonstockholdersbasic": -122000000,
        "netincomelossavailabletocommonstockholdersdiluted": -122000000,
        "earningspersharebasic": -0.78,
        "earningspersharediluted": -0.78,
        "weightedaveragenumberofsharesoutstandingbasic": 156336000,
        "weightedaveragenumberofdilutedsharesoutstanding": 156366000,
        "allocatedsharebasedcompensationexpense": 45000000,
        "othercomprehensiveincomeforeigncurrencytransactionandtranslationgainlossarisingduringperiodnetoftax": -17000000,
        "comprehensiveincomenetoftaxincludingportionattributabletononcontrollinginterest": -140000000,
        "comprehensiveincomenetoftaxattributabletononcontrollinginterest": -6000000,
        "comprehensiveincomelossnetoftaxattributabletocommonstockholders": -134000000,
        "othercomprehensiveincomeforeigncurrencytranslationgainlossarisingduringperiodtax": 3000000
    },
    {
        "date": "2021-12-30",
        "symbol": "EXPE",
        "period": "Q4",
        "revenuefromcontractwithcustomerexcludingassessedtax": 1086000000,
        "costofgoodsandserviceexcludingdepreciationdepletionandamortization": 395000000,
        "sellingandmarketingexpense": 1044000000,
        "technologyandcontentexpense": 274000000,
        "generalandadministrativeexpense": 183000000,
        "depreciationdepletionandamortization": 199000000,
        "legalreservesoccupancytaxandother": 0,
        "restructuringcharges": 1000000,
        "operatingincomeloss": -336000000,
        "investmentincomeinterest": 4000000,
        "interestexpense": 84000000,
        "othernonoperatingincomeexpense": -68000000,
        "nonoperatingincomeexpense": 308000000,
        "incomelossfromcontinuingoperationsbeforeincometaxesextraordinaryitemsnoncontrollinginterest": 471000000,
        "incometaxexpensebenefit": 76000000,
        "profitloss": 383000000,
        "netincomelossattributabletononcontrollinginterest": 9000000,
        "netincomeloss": 386000000,
        "preferredstockdividendsincomestatementimpact": 3000000,
        "netincomelossavailabletocommonstockholdersbasic": 276000000,
        "earningspersharebasic": 1.87,
        "earningspersharediluted": 1.87,
        "weightedaveragenumberofsharesoutstandingbasic": 1281000,
        "weightedaveragenumberofdilutedsharesoutstanding": 1281000,
        "allocatedsharebasedcompensationexpense": 285000000,
        "othercomprehensiveincomeforeigncurrencytransactionandtranslationgainlossarisingduringperiodnetoftax": -10000000,
        "comprehensiveincomenetoftaxincludingportionattributabletononcontrollinginterest": 459000000,
        "comprehensiveincomenetoftaxattributabletononcontrollinginterest": 1000000,
        "preferredstockdividendsandotheradjustments": 3000000,
        "comprehensiveincomelossnetoftaxattributabletocommonstockholders": 348000000
    },
    {
        "date": "2021-09-29",
        "symbol": "EXPE",
        "period": "Q3",
        "revenuefromcontractwithcustomerexcludingassessedtax": 399000000,
        "costofgoodsandserviceexcludingdepreciationdepletionandamortization": 442000000,
        "sellingandmarketingexpense": 1314000000,
        "technologyandcontentexpense": 277000000,
        "generalandadministrativeexpense": 182000000,
        "depreciationdepletionandamortization": 201000000,
        "legalreservesoccupancytaxandother": 10000000,
        "restructuringcharges": 12000000,
        "operatingincomeloss": -280000000,
        "investmentincomeinterest": 2000000,
        "interestexpense": 86000000,
        "othernonoperatingincomeexpense": 25000000,
        "nonoperatingincomeexpense": -59000000,
        "incomelossfromcontinuingoperationsbeforeincometaxesextraordinaryitemsnoncontrollinginterest": 465000000,
        "incometaxexpensebenefit": 87000000,
        "profitloss": 378000000,
        "netincomelossattributabletononcontrollinginterest": 2000000,
        "netincomeloss": 376000000,
        "preferredstockdividendsincomestatementimpact": 14000000,
        "netincomelossavailabletocommonstockholdersbasic": 362000000,
        "earningspersharebasic": 2.49,
        "earningspersharediluted": 2.49,
        "weightedaveragenumberofsharesoutstandingbasic": 1305000,
        "weightedaveragenumberofdilutedsharesoutstanding": 1305000,
        "allocatedsharebasedcompensationexpense": 49000000,
        "othercomprehensiveincomeforeigncurrencytransactionandtranslationgainlossarisingduringperiodnetoftax": -44000000,
        "comprehensiveincomenetoftaxincludingportionattributabletononcontrollinginterest": 334000000,
        "comprehensiveincomenetoftaxattributabletononcontrollinginterest": -7000000,
        "preferredstockdividendsandotheradjustments": 14000000,
        "comprehensiveincomelossnetoftaxattributabletocommonstockholders": 327000000,
        "othercomprehensiveincomeforeigncurrencytranslationgainlossarisingduringperiodtax": 5000000
    },
    {
        "date": "2021-06-29",
        "symbol": "EXPE",
        "period": "Q2",
        "revenuefromcontractwithcustomerexcludingassessedtax": 2111000000,
        "costofgoodsandserviceexcludingdepreciationdepletionandamortization": 374000000,
        "sellingandmarketingexpense": 1199000000,
        "technologyandcontentexpense": 276000000,
        "generalandadministrativeexpense": 184000000,
        "depreciationdepletionandamortization": 205000000,
        "legalreservesoccupancytaxandother": -8000000,
        "restructuringcharges": 13000000,
        "operatingincomeloss": -132000000,
        "investmentincomeinterest": 1000000,
        "interestexpense": 83000000,
        "gainslossesonextinguishmentofdebt": 0,
        "othernonoperatingincomeexpense": -10000000,
        "nonoperatingincomeexpense": -92000000,
        "incomelossfromcontinuingoperationsbeforeincometaxesextraordinaryitemsnoncontrollinginterest": -224000000,
        "incometaxexpensebenefit": -47000000,
        "profitloss": -177000000,
        "netincomelossattributabletononcontrollinginterest": -5000000,
        "netincomeloss": -172000000,
        "preferredstockdividendsincomestatementimpact": 22000000,
        "netincomelossavailabletocommonstockholdersbasic": -301000000,
        "earningspersharebasic": -1.9900000000000002,
        "earningspersharediluted": -1.9900000000000002,
        "weightedaveragenumberofsharesoutstandingbasic": 1967000,
        "weightedaveragenumberofdilutedsharesoutstanding": 1967000,
        "allocatedsharebasedcompensationexpense": 6000000,
        "othercomprehensiveincomeforeigncurrencytransactionandtranslationgainlossarisingduringperiodnetoftax": 19000000,
        "comprehensiveincomenetoftaxincludingportionattributabletononcontrollinginterest": -158000000,
        "comprehensiveincomenetoftaxattributabletononcontrollinginterest": 1000000,
        "preferredstockdividendsandotheradjustments": 22000000,
        "comprehensiveincomelossnetoftaxattributabletocommonstockholders": -288000000,
        "othercomprehensiveincomeforeigncurrencytranslationgainlossarisingduringperiodtax": -3000000
    },
    {
        "date": "2021-03-30",
        "symbol": "EXPE",
        "period": "Q1",
        "revenuefromcontractwithcustomerexcludingassessedtax": 1246000000,
        "costofgoodsandserviceexcludingdepreciationdepletionandamortization": 311000000,
        "sellingandmarketingexpense": 664000000,
        "technologyandcontentexpense": 247000000,
        "generalandadministrativeexpense": 156000000,
        "depreciationdepletionandamortization": 209000000,
        "legalreservesoccupancytaxandother": -1000000,
        "restructuringcharges": 29000000,
        "operatingincomeloss": -369000000,
        "investmentincomeinterest": 2000000,
        "interestexpense": 98000000,
        "gainslossesonextinguishmentofdebt": -280000000,
        "othernonoperatingincomeexpense": -5000000,
        "nonoperatingincomeexpense": -381000000,
        "incomelossfromcontinuingoperationsbeforeincometaxesextraordinaryitemsnoncontrollinginterest": -750000000,
        "incometaxexpensebenefit": -169000000,
        "profitloss": -581000000,
        "netincomelossattributabletononcontrollinginterest": -3000000,
        "netincomeloss": -578000000,
        "preferredstockdividendsincomestatementimpact": 28000000,
        "netincomelossavailabletocommonstockholdersbasic": -606000000,
        "earningspersharebasic": -4.17,
        "earningspersharediluted": -4.17,
        "weightedaveragenumberofsharesoutstandingbasic": 145181000,
        "weightedaveragenumberofdilutedsharesoutstanding": 145181000,
        "allocatedsharebasedcompensationexpense": 5000000,
        "othercomprehensiveincomeforeigncurrencytransactionandtranslationgainlossarisingduringperiodnetoftax": -37000000,
        "comprehensiveincomenetoftaxincludingportionattributabletononcontrollinginterest": -618000000,
        "comprehensiveincomenetoftaxattributabletononcontrollinginterest": -19000000,
        "preferredstockdividendsandotheradjustments": 28000000,
        "comprehensiveincomelossnetoftaxattributabletocommonstockholders": -627000000,
        "othercomprehensiveincomeforeigncurrencytranslationgainlossarisingduringperiodtax": 9000000
    },
    {
        "date": "2020-12-30",
        "symbol": "EXPE",
        "period": "Q4",
        "revenuefromcontractwithcustomerexcludingassessedtax": -3874000000,
        "costofgoodsandserviceexcludingdepreciationdepletionandamortization": 287000000,
        "sellingandmarketingexpense": 511000000,
        "technologyandcontentexpense": 223000000,
        "generalandadministrativeexpense": 124000000,
        "depreciationdepletionandamortization": 212000000,
        "goodwillimpairmentloss": 0,
        "impairmentofintangibleassetsexcludinggoodwill": 3000000,
        "legalreservesoccupancytaxandother": -2000000,
        "restructuringcharges": 25000000,
        "operatingincomeloss": -463000000,
        "investmentincomeinterest": 2000000,
        "interestexpense": 102000000,
        "othernonoperatingincomeexpense": 68000000,
        "nonoperatingincomeexpense": -32000000,
        "incomelossfromcontinuingoperationsbeforeincometaxesextraordinaryitemsnoncontrollinginterest": -495000000,
        "incometaxexpensebenefit": -104000000,
        "profitloss": -391000000,
        "netincomelossattributabletononcontrollinginterest": -8000000,
        "netincomeloss": -383000000,
        "earningspersharebasic": -2.860000000000001,
        "earningspersharediluted": -2.860000000000001,
        "weightedaveragenumberofsharesoutstandingbasic": -281787000,
        "weightedaveragenumberofdilutedsharesoutstanding": -281787000,
        "allocatedsharebasedcompensationexpense": 3000000,
        "othercomprehensiveincomeforeigncurrencytransactionandtranslationgainlossarisingduringperiodnetoftax": 75000000,
        "comprehensiveincomenetoftaxincludingportionattributabletononcontrollinginterest": -316000000,
        "comprehensiveincomenetoftaxattributabletononcontrollinginterest": 6000000
    },
    {
        "date": "2020-09-29",
        "symbol": "EXPE",
        "period": "Q3",
        "revenuefromcontractwithcustomerexcludingassessedtax": 1504000000,
        "costofgoodsandserviceexcludingdepreciationdepletionandamortization": 375000000,
        "sellingandmarketingexpense": 529000000,
        "technologyandcontentexpense": 224000000,
        "generalandadministrativeexpense": 134000000,
        "depreciationdepletionandamortization": 220000000,
        "goodwillimpairmentloss": 14000000,
        "impairmentofintangibleassetsexcludinggoodwill": 41000000,
        "legalreservesoccupancytaxandother": 2000000,
        "restructuringcharges": 78000000,
        "operatingincomeloss": -113000000,
        "investmentincomeinterest": 3000000,
        "interestexpense": 113000000,
        "othernonoperatingincomeexpense": -1000000,
        "nonoperatingincomeexpense": -111000000,
        "incomelossfromcontinuingoperationsbeforeincometaxesextraordinaryitemsnoncontrollinginterest": -224000000,
        "incometaxexpensebenefit": -24000000,
        "profitloss": -200000000,
        "netincomelossattributabletononcontrollinginterest": -8000000,
        "netincomeloss": -192000000,
        "preferredstockdividendsincomestatementimpact": 29000000,
        "netincomelossavailabletocommonstockholdersbasic": -221000000,
        "earningspersharebasic": -1.56,
        "earningspersharediluted": -1.56,
        "weightedaveragenumberofsharesoutstandingbasic": 141306000,
        "weightedaveragenumberofdilutedsharesoutstanding": 141306000,
        "allocatedsharebasedcompensationexpense": 3000000,
        "othercomprehensiveincomeforeigncurrencytransactionandtranslationgainlossarisingduringperiodnetoftax": 48000000,
        "comprehensiveincomenetoftaxincludingportionattributabletononcontrollinginterest": -152000000,
        "comprehensiveincomenetoftaxattributabletononcontrollinginterest": 6000000,
        "preferredstockdividendsandotheradjustments": 29000000,
        "comprehensiveincomelossnetoftaxattributabletocommonstockholders": -187000000,
        "othercomprehensiveincomeforeigncurrencytranslationgainlossarisingduringperiodtax": -7000000
    },
    {
        "date": "2020-06-29",
        "symbol": "EXPE",
        "period": "Q2",
        "profitloss": -740000000,
        "othercomprehensiveincomeforeigncurrencytransactionandtranslationgainlossarisingduringperiodnetoftax": 34000000,
        "comprehensiveincomenetoftaxincludingportionattributabletononcontrollinginterest": -706000000,
        "comprehensiveincomenetoftaxattributabletononcontrollinginterest": 2000000,
        "preferredstockdividendsandotheradjustments": 17000000,
        "comprehensiveincomelossnetoftaxattributabletocommonstockholders": -725000000,
        "othercomprehensiveincomeforeigncurrencytranslationgainlossarisingduringperiodtax": -3000000,
        "revenuefromcontractwithcustomerexcludingassessedtax": 566000000,
        "costofgoodsandserviceexcludingdepreciationdepletionandamortization": 389000000,
        "sellingandmarketingexpense": 296000000,
        "technologyandcontentexpense": 255000000,
        "generalandadministrativeexpense": 152000000,
        "depreciationdepletionandamortization": 232000000,
        "goodwillimpairmentloss": 20000000,
        "impairmentofintangibleassetsexcludinggoodwill": 10000000,
        "legalreservesoccupancytaxandother": 8000000,
        "restructuringcharges": 53000000,
        "operatingincomeloss": -849000000,
        "investmentincomeinterest": 3000000,
        "interestexpense": 95000000,
        "othernonoperatingincomeexpense": -12000000,
        "nonoperatingincomeexpense": -104000000,
        "incomelossfromcontinuingoperationsbeforeincometaxesextraordinaryitemsnoncontrollinginterest": -953000000,
        "incometaxexpensebenefit": -213000000,
        "netincomelossattributabletononcontrollinginterest": -4000000,
        "netincomeloss": -736000000,
        "preferredstockdividendsincomestatementimpact": 17000000,
        "netincomelossavailabletocommonstockholdersbasic": -753000000,
        "earningspersharebasic": -5.34,
        "earningspersharediluted": -5.34,
        "weightedaveragenumberofsharesoutstandingbasic": 141072000,
        "weightedaveragenumberofdilutedsharesoutstanding": 141072000,
        "allocatedsharebasedcompensationexpense": 3000000
    },
    {
        "date": "2020-03-30",
        "symbol": "EXPE",
        "period": "Q1",
        "profitloss": -1397000000,
        "othercomprehensiveincomeforeigncurrencytransactionandtranslationgainlossarisingduringperiodnetoftax": -90000000,
        "comprehensiveincomenetoftaxincludingportionattributabletononcontrollinginterest": -1487000000,
        "comprehensiveincomenetoftaxattributabletononcontrollinginterest": -102000000,
        "comprehensiveincomenetoftax": -1385000000,
        "othercomprehensiveincomeforeigncurrencytranslationgainlossarisingduringperiodtax": 2000000,
        "revenuefromcontractwithcustomerexcludingassessedtax": 2209000000,
        "costofgoodsandserviceexcludingdepreciationdepletionandamortization": 629000000,
        "sellingandmarketingexpense": 1210000000,
        "technologyandcontentexpense": 308000000,
        "generalandadministrativeexpense": 187000000,
        "depreciationdepletionandamortization": 229000000,
        "goodwillimpairmentloss": 765000000,
        "impairmentofintangibleassetsexcludinggoodwill": 121000000,
        "legalreservesoccupancytaxandother": -21000000,
        "restructuringcharges": 75000000,
        "operatingincomeloss": -1294000000,
        "investmentincomeinterest": 10000000,
        "interestexpense": 50000000,
        "othernonoperatingincomeexpense": -145000000,
        "nonoperatingincomeexpense": -185000000,
        "incomelossfromcontinuingoperationsbeforeincometaxesextraordinaryitemsnoncontrollinginterest": -1479000000,
        "incometaxexpensebenefit": -82000000,
        "netincomelossattributabletononcontrollinginterest": -96000000,
        "netincomeloss": -1301000000,
        "earningspersharebasic": -9.24,
        "earningspersharediluted": -9.24,
        "weightedaveragenumberofsharesoutstandingbasic": 140823000,
        "weightedaveragenumberofdilutedsharesoutstanding": 140823000,
        "allocatedsharebasedcompensationexpense": 3000000
    },
    {
        "date": "2019-12-30",
        "symbol": "EXPE",
        "period": "Q4",
        "profitloss": 78000000,
        "othercomprehensiveincomeforeigncurrencytransactionandtranslationgainlossarisingduringperiodnetoftax": 51000000,
        "comprehensiveincomenetoftaxincludingportionattributabletononcontrollinginterest": 129000000,
        "comprehensiveincomenetoftaxattributabletononcontrollinginterest": 12000000,
        "comprehensiveincomenetoftax": 117000000,
        "costofrevenue": 559000000,
        "sellingandmarketingexpense": 1283000000,
        "technologyandcontentexpense": 459000000,
        "generalandadministrativeexpense": 225000000,
        "amortizationofintangibleassets": 44000000,
        "legalreservesoccupancytaxandother": 9000000,
        "restructuringcharges": 8000000,
        "operatingincomeloss": 160000000,
        "investmentincomeinterest": 14000000,
        "interestexpense": 53000000,
        "othernonoperatingincomeexpense": -1000000,
        "nonoperatingincomeexpense": -40000000,
        "incomelossfromcontinuingoperationsbeforeincometaxesextraordinaryitemsnoncontrollinginterest": 120000000,
        "incometaxexpensebenefit": 42000000,
        "netincomelossattributabletononcontrollinginterest": 2000000,
        "netincomeloss": 76000000,
        "earningspersharebasic": 0.5299999999999998,
        "earningspersharediluted": 0.54,
        "weightedaveragenumberofsharesoutstandingbasic": -296969000,
        "weightedaveragenumberofdilutedsharesoutstanding": -300194000,
        "allocatedsharebasedcompensationexpense": -5000000
    },
    {
        "date": "2019-09-29",
        "symbol": "EXPE",
        "period": "Q3",
        "profitloss": 407000000,
        "othercomprehensiveincomeforeigncurrencytransactionandtranslationgainlossarisingduringperiodnetoftax": -58000000,
        "comprehensiveincomenetoftaxincludingportionattributabletononcontrollinginterest": 349000000,
        "comprehensiveincomenetoftaxattributabletononcontrollinginterest": -18000000,
        "comprehensiveincomenetoftax": 367000000,
        "othercomprehensiveincomeforeigncurrencytranslationgainlossarisingduringperiodtax": 7000000,
        "revenuefromcontractwithcustomerexcludingassessedtax": 3558000000,
        "costofrevenue": 569000000,
        "sellingandmarketingexpense": 1660000000,
        "technologyandcontentexpense": 440000000,
        "generalandadministrativeexpense": 217000000,
        "amortizationofintangibleassets": 50000000,
        "legalreservesoccupancytaxandother": 11000000,
        "restructuringcharges": 2000000,
        "operatingincomeloss": 609000000,
        "investmentincomeinterest": 17000000,
        "interestexpense": 40000000,
        "othernonoperatingincomeexpense": -25000000,
        "nonoperatingincomeexpense": -48000000,
        "incomelossfromcontinuingoperationsbeforeincometaxesextraordinaryitemsnoncontrollinginterest": 561000000,
        "incometaxexpensebenefit": 154000000,
        "netincomelossattributabletononcontrollinginterest": -2000000,
        "netincomeloss": 409000000,
        "earningspersharebasic": 2.77,
        "earningspersharediluted": 2.71,
        "weightedaveragenumberofsharesoutstandingbasic": 147232000,
        "weightedaveragenumberofdilutedsharesoutstanding": 150635000,
        "allocatedsharebasedcompensationexpense": 3000000
    },
    {
        "date": "2019-06-29",
        "symbol": "EXPE",
        "period": "Q2",
        "profitloss": 187000000,
        "othercomprehensiveincomeforeigncurrencytransactionandtranslationgainlossarisingduringperiodnetoftax": 7000000,
        "comprehensiveincomenetoftaxincludingportionattributabletononcontrollinginterest": 194000000,
        "comprehensiveincomenetoftaxattributabletononcontrollinginterest": 10000000,
        "comprehensiveincomenetoftax": 184000000,
        "othercomprehensiveincomeforeigncurrencytranslationgainlossarisingduringperiodtax": -2000000,
        "revenuefromcontractwithcustomerincludingassessedtax": 3153000000,
        "costofrevenue": 522000000,
        "sellingandmarketingexpense": 1657000000,
        "technologyandcontentexpense": 435000000,
        "generalandadministrativeexpense": 214000000,
        "amortizationofintangibleassets": 52000000,
        "legalreservesoccupancytaxandother": 4000000,
        "restructuringcharges": 4000000,
        "operatingincomeloss": 265000000,
        "investmentincomeinterest": 17000000,
        "interestexpense": 39000000,
        "othernonoperatingincomeexpense": -8000000,
        "nonoperatingincomeexpense": -30000000,
        "incomelossfromcontinuingoperationsbeforeincometaxesextraordinaryitemsnoncontrollinginterest": 235000000,
        "incometaxexpensebenefit": 48000000,
        "netincomelossattributabletononcontrollinginterest": 4000000,
        "netincomeloss": 183000000,
        "earningspersharebasic": 1.23,
        "earningspersharediluted": 1.21,
        "weightedaveragenumberofsharesoutstandingbasic": 149049000,
        "weightedaveragenumberofdilutedsharesoutstanding": 151561000,
        "allocatedsharebasedcompensationexpense": 3000000
    },
    {
        "date": "2019-03-30",
        "symbol": "EXPE",
        "period": "Q1",
        "profitloss": -100000000,
        "othercomprehensiveincomeforeigncurrencytransactionandtranslationgainlossarisingduringperiodnetoftax": -5000000,
        "comprehensiveincomenetoftaxincludingportionattributabletononcontrollinginterest": -105000000,
        "comprehensiveincomenetoftaxattributabletononcontrollinginterest": -5000000,
        "comprehensiveincomenetoftax": -100000000,
        "othercomprehensiveincomeforeigncurrencytranslationgainlossarisingduringperiodtax": 3000000,
        "revenuefromcontractwithcustomerincludingassessedtax": 2609000000,
        "costofrevenue": 513000000,
        "sellingandmarketingexpense": 1535000000,
        "technologyandcontentexpense": 429000000,
        "generalandadministrativeexpense": 191000000,
        "amortizationofintangibleassets": 52000000,
        "legalreservesoccupancytaxandother": 10000000,
        "restructuringcharges": 10000000,
        "operatingincomeloss": -131000000,
        "investmentincomeinterest": 11000000,
        "interestexpense": 41000000,
        "othernonoperatingincomeexpense": 20000000,
        "nonoperatingincomeexpense": -10000000,
        "incomelossfromcontinuingoperationsbeforeincometaxesextraordinaryitemsnoncontrollinginterest": -141000000,
        "incometaxexpensebenefit": -41000000,
        "netincomelossattributabletononcontrollinginterest": 3000000,
        "netincomeloss": -103000000,
        "earningspersharebasic": -0.69,
        "earningspersharediluted": -0.69,
        "weightedaveragenumberofsharesoutstandingbasic": 147882000,
        "weightedaveragenumberofdilutedsharesoutstanding": 147882000,
        "allocatedsharebasedcompensationexpense": 11000000
    },
    {
        "date": "2018-09-29",
        "symbol": "EXPE",
        "period": "Q3",
        "profitloss": -502000000,
        "othercomprehensiveincomeforeigncurrencytransactionandtranslationgainlossarisingduringperiodnetoftax": -14000000,
        "comprehensiveincomenetoftaxincludingportionattributabletononcontrollinginterest": 517000000,
        "comprehensiveincomenetoftaxattributabletononcontrollinginterest": 3000000,
        "comprehensiveincomenetoftax": -594000000,
        "othercomprehensiveincomeforeigncurrencytranslationgainlossarisingduringperiodtax": -9000000,
        "costofrevenue": -497000000,
        "sellingandmarketingexpense": -1726000000,
        "technologyandcontentexpense": -163000000,
        "generalandadministrativeexpense": -45000000,
        "amortizationofintangibleassets": 71000000,
        "legalreservesoccupancytaxandother": -78000000,
        "operatingincomeloss": 161000000,
        "investmentincomeinterest": 34000000,
        "interestexpense": 47000000,
        "othernonoperatingincomeexpense": -47000000,
        "nonoperatingincomeexpense": -647000000,
        "incomelossfromcontinuingoperationsbeforeincometaxesextraordinaryitemsnoncontrollinginterest": -482000000,
        "incometaxexpensebenefit": -3000000,
        "netincomelossattributabletononcontrollinginterest": 8000000,
        "netincomeloss": -514000000,
        "earningspersharebasic": 3.49,
        "earningspersharediluted": 3.4400000000000004,
        "weightedaveragenumberofsharesoutstandingbasic": -151443000,
        "weightedaveragenumberofdilutedsharesoutstanding": -151030000,
        "commonstockdividendspersharedeclared": -0.3,
        "allocatedsharebasedcompensationexpense": 11000000
    },
    {
        "date": "2018-06-29",
        "symbol": "EXPE",
        "period": "Q2",
        "profitloss": -73000000,
        "othercomprehensiveincomeforeigncurrencytransactionandtranslationgainlossarisingduringperiodnetoftax": -87000000,
        "comprehensiveincomenetoftaxincludingportionattributabletononcontrollinginterest": -96000000,
        "comprehensiveincomenetoftaxattributabletononcontrollinginterest": -31000000,
        "comprehensiveincomenetoftax": 122000000,
        "othercomprehensiveincomeforeigncurrencytranslationgainlossarisingduringperiodtax": 10000000,
        "revenuefromcontractwithcustomerincludingassessedtax": 174000000,
        "costofrevenue": -5000000,
        "sellingandmarketingexpense": -102000000,
        "technologyandcontentexpense": 120000000,
        "generalandadministrativeexpense": 68000000,
        "amortizationofintangibleassets": 72000000,
        "goodwillimpairmentloss": 61000000,
        "legalreservesoccupancytaxandother": 1000000,
        "operatingincomeloss": -24000000,
        "investmentincomeinterest": 16000000,
        "interestexpense": 51000000,
        "othernonoperatingincomeexpense": -90000000,
        "nonoperatingincomeexpense": -73000000,
        "incomelossfromcontinuingoperationsbeforeincometaxesextraordinaryitemsnoncontrollinginterest": -73000000,
        "incometaxexpensebenefit": -11000000,
        "netincomelossattributabletononcontrollinginterest": -10000000,
        "netincomeloss": -73000000,
        "earningspersharebasic": 0.01,
        "earningspersharediluted": 0.01,
        "weightedaveragenumberofsharesoutstandingbasic": 150076000,
        "weightedaveragenumberofdilutedsharesoutstanding": 152617000,
        "commonstockdividendspersharedeclared": 0.3,
        "allocatedsharebasedcompensationexpense": 12000000
    },
    {
        "date": "2018-03-30",
        "symbol": "EXPE",
        "period": "Q1",
        "profitloss": -149000000,
        "othercomprehensiveincomeforeigncurrencytransactionandtranslationgainlossarisingduringperiodnetoftax": 38000000,
        "comprehensiveincomenetoftaxincludingportionattributabletononcontrollinginterest": -111000000,
        "comprehensiveincomenetoftaxattributabletononcontrollinginterest": -1000000,
        "comprehensiveincomenetoftax": -110000000,
        "othercomprehensiveincomeforeigncurrencytranslationgainlossarisingduringperiodtax": 5000000,
        "salesrevenuenet": 2508000000,
        "costofrevenue": 487000000,
        "sellingandmarketingexpense": 1516000000,
        "technologyandcontentexpense": 396000000,
        "generalandadministrativeexpense": 199000000,
        "amortizationofintangibleassets": 72000000,
        "legalreservesoccupancytaxandother": 3000000,
        "operatingincomeloss": -165000000,
        "investmentincomeinterest": 11000000,
        "interestexpense": 51000000,
        "othernonoperatingincomeexpense": 36000000,
        "nonoperatingincomeexpense": -4000000,
        "incomelossfromcontinuingoperationsbeforeincometaxesextraordinaryitemsnoncontrollinginterest": -169000000,
        "incometaxexpensebenefit": -20000000,
        "netincomelossattributabletononcontrollinginterest": -12000000,
        "netincomeloss": -137000000,
        "earningspersharebasic": -0.91,
        "earningspersharediluted": -0.91,
        "weightedaveragenumberofsharesoutstandingbasic": 151817000,
        "weightedaveragenumberofdilutedsharesoutstanding": 151817000,
        "commonstockdividendspersharedeclared": 0.3,
        "allocatedsharebasedcompensationexpense": 11000000
    },
    {
        "date": "2017-12-30",
        "symbol": "EXPE",
        "period": "Q4",
        "profitloss": -2722000,
        "othercomprehensiveincomeforeigncurrencytransactionandtranslationgainlossarisingduringperiodnetoftax": 8957000,
        "othercomprehensiveincomelossavailableforsalesecuritiesadjustmentnetoftax": -27358000,
        "othercomprehensiveincomelossnetoftax": -18401000,
        "comprehensiveincomenetoftaxincludingportionattributabletononcontrollinginterest": 34474000,
        "comprehensiveincomenetoftaxattributabletononcontrollinginterest": 4275000,
        "comprehensiveincomenetoftax": -93672000,
        "salesrevenuenet": 1897259000,
        "costofrevenue": -429892000,
        "sellingandmarketingexpense": -1451723000,
        "technologyandcontentexpense": -514574000,
        "generalandadministrativeexpense": -158122000,
        "amortizationofintangibleassets": 71479000,
        "legalreservesoccupancytaxandother": 2456000,
        "restructuringcharges": -3813000,
        "operatingincomeloss": 79982000,
        "investmentincomeinterest": 9287000,
        "interestexpense": 52073000,
        "othernonoperatingincomeexpense": 5217000,
        "nonoperatingincomeexpense": -28839000,
        "incomelossfromcontinuingoperationsbeforeincometaxesextraordinaryitemsnoncontrollinginterest": 43994000,
        "incometaxexpensebenefit": 14257000,
        "netincomelossattributabletononcontrollinginterest": -1438000,
        "netincomeloss": -1139000,
        "earningspersharebasic": 0.37000000000000033,
        "earningspersharediluted": 0.3999999999999999,
        "weightedaveragenumberofsharesoutstandingbasic": -302582000,
        "weightedaveragenumberofdilutedsharesoutstanding": -308939000,
        "commonstockdividendspersharedeclared": 0.2999999999999998
    },
    {
        "date": "2017-09-29",
        "symbol": "EXPE",
        "period": "Q3",
        "profitloss": -541721000,
        "othercomprehensiveincomeforeigncurrencytransactionandtranslationgainlossarisingduringperiodnetoftax": 56495000,
        "othercomprehensiveincomelossavailableforsalesecuritiesadjustmentnetoftax": 20656000,
        "othercomprehensiveincomelossnetoftax": 77151000,
        "comprehensiveincomenetoftaxincludingportionattributabletononcontrollinginterest": 426504000,
        "comprehensiveincomenetoftaxattributabletononcontrollinginterest": 9899000,
        "comprehensiveincomenetoftax": -722878000,
        "othercomprehensiveincomeforeigncurrencytranslationgainlossarisingduringperiodtax": -9000000,
        "othercomprehensiveincomelossavailableforsalesecuritiesbeforereclassificationadjustmentstax": 14000000,
        "salesrevenuenet": 221143000,
        "costofrevenue": -4639000,
        "sellingandmarketingexpense": -113132000,
        "technologyandcontentexpense": 99601000,
        "generalandadministrativeexpense": 15000,
        "amortizationofintangibleassets": 71011000,
        "legalreservesoccupancytaxandother": -1499000,
        "restructuringcharges": 2717000,
        "operatingincomeloss": -10603000,
        "investmentincomeinterest": 9329000,
        "interestexpense": 44001000,
        "othernonoperatingincomeexpense": -31625000,
        "nonoperatingincomeexpense": -541721000,
        "incomelossfromcontinuingoperationsbeforeincometaxesextraordinaryitemsnoncontrollinginterest": -541721000,
        "incometaxexpensebenefit": -16054000,
        "netincomelossattributabletononcontrollinginterest": -2885000,
        "netincomeloss": -541721000,
        "earningspersharebasic": 2.32,
        "earningspersharediluted": 2.23,
        "weightedaveragenumberofsharesoutstandingbasic": 152088000,
        "weightedaveragenumberofdilutedsharesoutstanding": 157760000,
        "commonstockdividendspersharedeclared": 0.3,
        "allocatedsharebasedcompensationexpense": 9543000
    },
    {
        "date": "2017-06-29",
        "symbol": "EXPE",
        "period": "Q2",
        "profitloss": -200331000,
        "othercomprehensiveincomeforeigncurrencytransactionandtranslationgainlossarisingduringperiodnetoftax": 89452000,
        "othercomprehensiveincomelossavailableforsalesecuritiesadjustmentnetoftax": -7000,
        "othercomprehensiveincomelossnetoftax": 89445000,
        "comprehensiveincomenetoftaxincludingportionattributabletononcontrollinginterest": 143115000,
        "comprehensiveincomenetoftaxattributabletononcontrollinginterest": 23353000,
        "comprehensiveincomenetoftax": -388398000,
        "othercomprehensiveincomeforeigncurrencytranslationgainlossarisingduringperiodtax": 18000000,
        "salesrevenuenet": 218240000,
        "costofrevenue": -4134000,
        "sellingandmarketingexpense": -107624000,
        "technologyandcontentexpense": 92925000,
        "generalandadministrativeexpense": 15000,
        "amortizationofintangibleassets": 66279000,
        "legalreservesoccupancytaxandother": 3401000,
        "restructuringcharges": 7555000,
        "operatingincomeloss": -289000,
        "investmentincomeinterest": 9262000,
        "interestexpense": 42661000,
        "othernonoperatingincomeexpense": -12687000,
        "nonoperatingincomeexpense": -200331000,
        "incomelossfromcontinuingoperationsbeforeincometaxesextraordinaryitemsnoncontrollinginterest": -200331000,
        "incometaxexpensebenefit": -15979000,
        "netincomelossattributabletononcontrollinginterest": -3019000,
        "netincomeloss": -200331000,
        "earningspersharebasic": 0.37,
        "earningspersharediluted": 0.36,
        "weightedaveragenumberofsharesoutstandingbasic": 151582000,
        "weightedaveragenumberofdilutedsharesoutstanding": 157033000,
        "commonstockdividendspersharedeclared": 0.28,
        "sharebasedcompensation": 10363000
    },
    {
        "date": "2017-03-30",
        "symbol": "EXPE",
        "period": "Q1",
        "profitloss": -84539000,
        "othercomprehensiveincomeforeigncurrencytransactionandtranslationgainlossarisingduringperiodnetoftax": 34676000,
        "othercomprehensiveincomelossavailableforsalesecuritiesadjustmentnetoftax": 4000,
        "othercomprehensiveincomelossnetoftax": 34680000,
        "comprehensiveincomenetoftaxincludingportionattributabletononcontrollinginterest": -49859000,
        "comprehensiveincomenetoftaxattributabletononcontrollinginterest": 7277000,
        "comprehensiveincomenetoftax": -57136000,
        "othercomprehensiveincomeforeigncurrencytranslationgainlossarisingduringperiodtax": 4000000,
        "salesrevenuenet": 2188736000,
        "costofrevenue": 421687000,
        "sellingandmarketingexpense": 1270060000,
        "technologyandcontentexpense": 322040000,
        "generalandadministrativeexpense": 158153000,
        "amortizationofintangibleassets": 66676000,
        "legalreservesoccupancytaxandother": 21054000,
        "restructuringcharges": 1899000,
        "operatingincomeloss": -72833000,
        "investmentincomeinterest": 6259000,
        "interestexpense": 42977000,
        "othernonoperatingincomeexpense": -21704000,
        "nonoperatingincomeexpense": -58422000,
        "incomelossfromcontinuingoperationsbeforeincometaxesextraordinaryitemsnoncontrollinginterest": -131255000,
        "incometaxexpensebenefit": -46716000,
        "netincomelossattributabletononcontrollinginterest": 1583000,
        "netincomeloss": -86122000,
        "earningspersharebasic": -0.57,
        "earningspersharediluted": -0.57,
        "weightedaveragenumberofsharesoutstandingbasic": 150531000,
        "weightedaveragenumberofdilutedsharesoutstanding": 150531000,
        "commonstockdividendspersharedeclared": 0.28,
        "sharebasedcompensation": 47211000
    },
    {
        "date": "2016-09-29",
        "symbol": "EXPE",
        "period": "Q3",
        "profitloss": -420668000,
        "othercomprehensiveincomeforeigncurrencytransactionandtranslationgainlossarisingduringperiodnetoftax": -4964000,
        "othercomprehensiveincomelossavailableforsalesecuritiesadjustmentnetoftax": -153000,
        "othercomprehensiveincomelossnetoftax": -5117000,
        "comprehensiveincomenetoftaxincludingportionattributabletononcontrollinginterest": 273811000,
        "comprehensiveincomenetoftaxattributabletononcontrollinginterest": 2026000,
        "comprehensiveincomenetoftax": -413227000,
        "othercomprehensiveincomeforeigncurrencytranslationgainlossarisingduringperiodtax": -2000000,
        "salesrevenuenet": 175953000,
        "costofrevenue": -3574000,
        "sellingandmarketingexpense": -101968000,
        "technologyandcontentexpense": 70000,
        "generalandadministrativeexpense": 13000,
        "amortizationofintangibleassets": 77080000,
        "legalreservesoccupancytaxandother": 22332000,
        "restructuringcharges": 2280000,
        "operatingincomeloss": 3103000,
        "investmentincomeinterest": 5827000,
        "interestexpense": 43374000,
        "othernonoperatingincomeexpense": -9050000,
        "nonoperatingincomeexpense": -420668000,
        "incomelossfromcontinuingoperationsbeforeincometaxesextraordinaryitemsnoncontrollinginterest": -420668000,
        "incometaxexpensebenefit": -15223000,
        "netincomelossattributabletononcontrollinginterest": -403000,
        "netincomeloss": -420668000,
        "earningspersharebasic": 1.86,
        "earningspersharediluted": 1.81,
        "weightedaveragenumberofsharesoutstandingbasic": 150239000,
        "weightedaveragenumberofdilutedsharesoutstanding": 154236000,
        "commonstockdividendspersharedeclared": 0.26,
        "sharebasedcompensation": 4876000
    },
    {
        "date": "2016-06-29",
        "symbol": "EXPE",
        "period": "Q2",
        "salesrevenuenet": 565245000,
        "costofrevenue": 87411000,
        "sellingandmarketingexpense": 426742000,
        "technologyandcontentexpense": 97273000,
        "generalandadministrativeexpense": 85252000,
        "amortizationofintangibleassets": 24191000,
        "legalreservesoccupancytaxandother": 4344000,
        "restructuringcharges": 6315000,
        "operatingincomeloss": 30745000,
        "investmentincomeinterest": 4955000,
        "interestexpense": 42939000,
        "othernonoperatingincomeexpense": 127000,
        "nonoperatingincomeexpense": -6041000,
        "incomelossfromcontinuingoperationsbeforeincometaxesextraordinaryitemsnoncontrollinginterest": 24704000,
        "incometaxexpensebenefit": 4940000,
        "profitloss": 19764000,
        "netincomelossattributabletononcontrollinginterest": -25642000,
        "netincomeloss": 45406000,
        "earningspersharebasic": 0.21,
        "earningspersharediluted": 0.21,
        "weightedaveragenumberofsharesoutstandingbasic": 149552000,
        "weightedaveragenumberofdilutedsharesoutstanding": 153532000,
        "commonstockdividendspersharedeclared": 0.24,
        "sharebasedcompensation": 28820000,
        "othercomprehensiveincomeforeigncurrencytransactionandtranslationgainlossarisingduringperiodnetoftax": -15959000,
        "othercomprehensiveincomelossavailableforsalesecuritiesadjustmentnetoftax": 26000,
        "othercomprehensiveincomelossnetoftax": -15933000,
        "comprehensiveincomenetoftaxincludingportionattributabletononcontrollinginterest": -9926000,
        "comprehensiveincomenetoftaxattributabletononcontrollinginterest": -29376000,
        "comprehensiveincomenetoftax": 24949000,
        "othercomprehensiveincomeforeigncurrencytranslationgainlossarisingduringperiodtax": 5000000
    },
    {
        "date": "2016-03-30",
        "symbol": "EXPE",
        "period": "Q1",
        "salesrevenuenet": -62230000,
        "costofrevenue": -3103000,
        "sellingandmarketingexpense": -59212000,
        "technologyandcontentexpense": 71000,
        "generalandadministrativeexpense": 14000,
        "amortizationofintangibleassets": 89999000,
        "legalreservesoccupancytaxandother": 1974000,
        "restructuringcharges": 9544000,
        "operatingincomeloss": -355899000,
        "investmentincomeinterest": 3567000,
        "interestexpense": 43960000,
        "othernonoperatingincomeexpense": -28195000,
        "nonoperatingincomeexpense": 50759000,
        "incomelossfromcontinuingoperationsbeforeincometaxesextraordinaryitemsnoncontrollinginterest": 50759000,
        "incometaxexpensebenefit": 10678000,
        "profitloss": 50759000,
        "netincomelossattributabletononcontrollinginterest": 57000,
        "netincomeloss": 50759000,
        "earningspersharebasic": -0.81,
        "earningspersharediluted": -0.81,
        "weightedaveragenumberofsharesoutstandingbasic": 151052000,
        "weightedaveragenumberofdilutedsharesoutstanding": 151052000,
        "commonstockdividendspersharedeclared": 0.24,
        "sharebasedcompensation": 53965000,
        "othercomprehensiveincomeforeigncurrencytransactionandtranslationgainlossarisingduringperiodnetoftax": 6654000,
        "othercomprehensiveincomelossavailableforsalesecuritiesadjustmentnetoftax": 474000,
        "othercomprehensiveincomelossnetoftax": 7128000,
        "comprehensiveincomenetoftaxincludingportionattributabletononcontrollinginterest": -114676000,
        "comprehensiveincomenetoftaxattributabletononcontrollinginterest": 9658000,
        "comprehensiveincomenetoftax": 50759000,
        "translationadjustmentfornetinvestmenthedgenetoftax": 11000000
    },
    {
        "date": "2015-09-29",
        "symbol": "EXPE",
        "period": "Q3",
        "salesrevenuenet": -461439000,
        "costofrevenue": -86749000,
        "sellingandmarketingexpense": -394490000,
        "technologyandcontentexpense": -60426000,
        "generalandadministrativeexpense": -45802000,
        "amortizationofintangibleassets": 33081000,
        "legalreservesoccupancytaxandother": -114550000,
        "restructuringcharges": 1753000,
        "operatingincomeloss": -386055000,
        "investmentincomeinterest": 4165000,
        "interestexpense": 33259000,
        "othernonoperatingincomeexpense": 26283000,
        "nonoperatingincomeexpense": -698598000,
        "incomelossfromcontinuingoperationsbeforeincometaxesextraordinaryitemsnoncontrollinginterest": -708455000,
        "incometaxexpensebenefit": -42871000,
        "profitloss": -694681000,
        "netincomelossattributabletononcontrollinginterest": -6979000,
        "netincomeloss": -706263000,
        "earningspersharebasic": 2.19,
        "earningspersharediluted": 2.1400000000000006,
        "weightedaveragenumberofsharesoutstandingbasic": -127628000,
        "weightedaveragenumberofdilutedsharesoutstanding": -131760000,
        "commonstockdividendspersharedeclared": 0.24,
        "sharebasedcompensation": 86070000,
        "othercomprehensiveincomeforeigncurrencytransactionandtranslationgainlossarisingduringperiodnetoftax": -27579000,
        "othercomprehensiveincomelossavailableforsalesecuritiesadjustmentnetoftax": 31000,
        "othercomprehensiveincomelossnetoftax": -27548000,
        "comprehensiveincomenetoftaxincludingportionattributabletononcontrollinginterest": 248689000,
        "comprehensiveincomenetoftaxattributabletononcontrollinginterest": -6972000,
        "comprehensiveincomenetoftax": -605380000
    },
    {
        "date": "2015-06-29",
        "symbol": "EXPE",
        "period": "Q2",
        "salesrevenuenet": -51060000,
        "costofrevenue": -2519000,
        "sellingandmarketingexpense": -48741000,
        "technologyandcontentexpense": 32000,
        "generalandadministrativeexpense": 168000,
        "amortizationofintangibleassets": 26880000,
        "legalreservesoccupancytaxandother": 5510000,
        "restructuringcharges": 5646000,
        "operatingincomeloss": -223284000,
        "investmentincomeinterest": 4693000,
        "interestexpense": 28515000,
        "gainlossonsaleofbusiness": 508810000,
        "othernonoperatingincomeexpense": -17023000,
        "nonoperatingincomeexpense": -996621000,
        "incomelossfromcontinuingoperationsbeforeincometaxesextraordinaryitemsnoncontrollinginterest": -996621000,
        "incometaxexpensebenefit": 84155000,
        "profitloss": -996621000,
        "netincomelossattributabletononcontrollinginterest": -22808000,
        "netincomeloss": -996621000,
        "earningspersharebasic": 3.49,
        "earningspersharediluted": 3.38,
        "weightedaveragenumberofsharesoutstandingbasic": 128887000,
        "weightedaveragenumberofdilutedsharesoutstanding": 132960000,
        "commonstockdividendspersharedeclared": 0.18,
        "sharebasedcompensation": 41494000,
        "othercomprehensiveincomeforeigncurrencytransactionandtranslationgainlossarisingduringperiodnetoftax": -52562000,
        "othercomprehensiveincomelossforeigncurrencytransactionandtranslationreclassificationadjustmentfromaocirealizeduponsaleorliquidationnetoftax": -43183000,
        "othercomprehensiveincomelossavailableforsalesecuritiesadjustmentnetoftax": -275000,
        "othercomprehensiveincomelossnetoftax": -9654000,
        "comprehensiveincomenetoftaxincludingportionattributabletononcontrollinginterest": 417182000,
        "comprehensiveincomenetoftaxattributabletononcontrollinginterest": -15250000,
        "comprehensiveincomenetoftax": -996621000,
        "othercomprehensiveincomeforeigncurrencytranslationfornetinvestmenthedgearisingduringperiodtax": 7000000
    },
    {
        "date": "2015-03-30",
        "symbol": "EXPE",
        "period": "Q1",
        "salesrevenuenet": 349223000,
        "costofrevenue": 82700000,
        "sellingandmarketingexpense": 285980000,
        "technologyandcontentexpense": 60515000,
        "generalandadministrativeexpense": 46056000,
        "amortizationofintangibleassets": 23361000,
        "legalreservesoccupancytaxandother": 2529000,
        "restructuringcharges": 3772000,
        "operatingincomeloss": 9857000,
        "investmentincomeinterest": 5545000,
        "interestexpense": 27994000,
        "othernonoperatingincomeexpense": 105101000,
        "nonoperatingincomeexpense": 57214000,
        "incomelossfromcontinuingoperationsbeforeincometaxesextraordinaryitemsnoncontrollinginterest": 67071000,
        "incometaxexpensebenefit": 13774000,
        "profitloss": 53297000,
        "netincomelossattributabletononcontrollinginterest": -11582000,
        "netincomeloss": 64879000,
        "earningspersharebasic": 0.35,
        "earningspersharediluted": 0.34,
        "weightedaveragenumberofsharesoutstandingbasic": 127563000,
        "weightedaveragenumberofdilutedsharesoutstanding": 131402000,
        "commonstockdividendspersharedeclared": 0.18,
        "sharebasedcompensation": 6472000,
        "othercomprehensiveincomeforeigncurrencytransactionandtranslationgainlossarisingduringperiodnetoftax": -133851000,
        "othercomprehensiveincomelossavailableforsalesecuritiesadjustmentnetoftax": 475000,
        "othercomprehensiveincomelossnetoftax": -133376000,
        "comprehensiveincomenetoftaxincludingportionattributabletononcontrollinginterest": -100815000,
        "comprehensiveincomenetoftaxattributabletononcontrollinginterest": -44252000,
        "comprehensiveincomenetoftax": -36004000
    },
    {
        "date": "2014-09-29",
        "symbol": "EXPE",
        "period": "Q3",
        "salesrevenuenet": 429197000,
        "costofrevenue": 68283000,
        "sellingandmarketingexpense": 304832000,
        "technologyandcontentexpense": 54693000,
        "generalandadministrativeexpense": 40722000,
        "amortizationofintangibleassets": 18064000,
        "legalreservesoccupancytaxandother": 3888000,
        "operatingincomeloss": 144865000,
        "investmentincomeinterest": 8075000,
        "interestexpense": 25558000,
        "othernonoperatingincomeexpense": 10172000,
        "nonoperatingincomeexpense": -28272000,
        "incomelossfromcontinuingoperationsbeforeincometaxesminorityinterestandincomelossfromequitymethodinvestments": 116593000,
        "incometaxexpensebenefit": -33265000,
        "profitloss": 149858000,
        "netincomelossattributabletononcontrollinginterest": -6438000,
        "netincomeloss": 156296000,
        "earningspersharebasic": 2.01,
        "earningspersharediluted": 1.94,
        "weightedaveragenumberofsharesoutstandingbasic": 127911000,
        "weightedaveragenumberofdilutedsharesoutstanding": 132274000,
        "commonstockdividendspersharedeclared": 0.18,
        "sharebasedcompensation": 3643000,
        "othercomprehensiveincomeforeigncurrencytransactionandtranslationgainlossarisingduringperiodnetoftax": -77800000,
        "othercomprehensiveincomelossavailableforsalesecuritiesadjustmentnetoftax": -356000,
        "othercomprehensiveincomelossnetoftax": -78156000,
        "comprehensiveincomenetoftaxincludingportionattributabletononcontrollinginterest": 172465000,
        "comprehensiveincomenetoftaxattributabletononcontrollinginterest": -27754000,
        "comprehensiveincomenetoftax": 99616000
    },
    {
        "date": "2014-06-29",
        "symbol": "EXPE",
        "period": "Q2",
        "salesrevenuenet": -29825000,
        "costofrevenue": 1264000,
        "sellingandmarketingexpense": -31033000,
        "technologyandcontentexpense": -222000,
        "generalandadministrativeexpense": 166000,
        "amortizationofintangibleassets": 18264000,
        "legalreservesoccupancytaxandother": 31416000,
        "operatingincomeloss": -198691000,
        "investmentincomeinterest": 6883000,
        "interestexpense": 22321000,
        "othernonoperatingincomeexpense": -7177000,
        "nonoperatingincomeexpense": -195069000,
        "incomelossfromcontinuingoperationsbeforeincometaxesminorityinterestandincomelossfromequitymethodinvestments": -195069000,
        "incometaxexpensebenefit": -7646000,
        "profitloss": -195069000,
        "netincomelossattributabletononcontrollinginterest": -3519000,
        "netincomeloss": -195069000,
        "earningspersharebasic": 0.69,
        "earningspersharediluted": 0.67,
        "weightedaveragenumberofsharesoutstandingbasic": 129538000,
        "weightedaveragenumberofdilutedsharesoutstanding": 133668000,
        "commonstockdividendspersharedeclared": 0.15,
        "allocatedsharebasedcompensationexpense": 4960000,
        "othercomprehensiveincomeforeigncurrencytransactionandtranslationgainlossarisingduringperiodnetoftax": -5076000,
        "othercomprehensiveincomelossavailableforsalesecuritiesadjustmentnetoftax": 144000,
        "othercomprehensiveincomelossnetoftax": -4932000,
        "comprehensiveincomenetoftaxincludingportionattributabletononcontrollinginterest": 80922000,
        "comprehensiveincomenetoftaxattributabletononcontrollinginterest": -5964000,
        "comprehensiveincomenetoftax": -195069000
    },
    {
        "date": "2014-03-30",
        "symbol": "EXPE",
        "period": "Q1",
        "salesrevenuenet": 100238000,
        "costofrevenue": 231981000,
        "sellingandmarketingexpense": 424135000,
        "technologyandcontentexpense": 114925000,
        "generalandadministrativeexpense": 33477000,
        "amortizationofintangibleassets": 18492000,
        "legalreservesoccupancytaxandother": 3539000,
        "operatingincomeloss": -164854000,
        "investmentincomeinterest": 5798000,
        "interestexpense": 21804000,
        "othernonoperatingincomeexpense": -481000,
        "nonoperatingincomeexpense": -21945000,
        "incomelossfromcontinuingoperationsbeforeincometaxesminorityinterestandincomelossfromequitymethodinvestments": -21945000,
        "incometaxexpensebenefit": -7641000,
        "profitloss": -14304000,
        "netincomelossattributabletononcontrollinginterest": -5500000,
        "netincomeloss": -14304000,
        "earningspersharebasic": -0.11,
        "earningspersharediluted": -0.11,
        "weightedaveragenumberofsharesoutstandingbasic": 130559000,
        "weightedaveragenumberofdilutedsharesoutstanding": 130559000,
        "commonstockdividendspersharedeclared": 0.15,
        "allocatedsharebasedcompensationexpense": 5558000,
        "othercomprehensiveincomeforeigncurrencytransactionandtranslationgainlossarisingduringperiodnetoftax": 25213000,
        "othercomprehensiveincomelossavailableforsalesecuritiesadjustmentnetoftax": 168000,
        "othercomprehensiveincomelossnetoftax": 25381000,
        "comprehensiveincomenetoftaxincludingportionattributabletononcontrollinginterest": 5577000,
        "comprehensiveincomenetoftaxattributabletononcontrollinginterest": 9786000,
        "comprehensiveincomenetoftax": -14304000
    },
    {
        "date": "2013-09-29",
        "symbol": "EXPE",
        "period": "Q3",
        "salesrevenuenet": 85377000,
        "costofrevenue": 213432000,
        "sellingandmarketingexpense": 408946000,
        "technologyandcontentexpense": 99450000,
        "generalandadministrativeexpense": 55772000,
        "amortizationofintangibleassets": 18514000,
        "legalreservesoccupancytaxandother": 6874000,
        "acquisitionrelatedandother": 0,
        "operatingincomeloss": 7839000,
        "investmentincomeinterest": 6642000,
        "interestexpense": 21966000,
        "othernonoperatingincomeexpense": -11287000,
        "nonoperatingincomeexpense": 163336000,
        "incomelossfromcontinuingoperationsbeforeincometaxesminorityinterestandincomelossfromequitymethodinvestments": 163336000,
        "incometaxexpensebenefit": -7523000,
        "incomelossfromcontinuingoperationsincludingportionattributabletononcontrollinginterest": 166724000,
        "profitloss": 170859000,
        "netincomelossattributabletononcontrollinginterest": -4135000,
        "netincomeloss": 170859000,
        "incomelossfromcontinuingoperations": 170859000,
        "incomelossfromcontinuingoperationsperbasicshare": 1.25,
        "incomelossfromcontinuingoperationsperdilutedshare": 1.22,
        "earningspersharebasic": 1.25,
        "earningspersharediluted": 1.22,
        "weightedaveragenumberofsharesoutstandingbasic": 383000,
        "weightedaveragenumberofdilutedsharesoutstanding": 5204000,
        "commonstockdividendspersharedeclared": 0.14999999999999997,
        "allocatedsharebasedcompensationexpense": 887000,
        "relatedpartysellingandmarketingexpense": 56162000,
        "othercomprehensiveincomeforeigncurrencytransactionandtranslationgainlossarisingduringperiodnetoftax": 25874000,
        "othercomprehensiveincomelossavailableforsalesecuritiesadjustmentnetoftax": 349000,
        "othercomprehensiveincomelossnetoftax": 26223000,
        "comprehensiveincomenetoftaxincludingportionattributabletononcontrollinginterest": 192947000,
        "comprehensiveincomenetoftaxattributabletononcontrollinginterest": -3715000,
        "comprehensiveincomenetoftax": 170859000
    },
    {
        "date": "2013-06-29",
        "symbol": "EXPE",
        "period": "Q2",
        "salesrevenuenet": -740021000,
        "costofrevenue": 205011000,
        "sellingandmarketingexpense": 392961000,
        "technologyandcontentexpense": 94046000,
        "generalandadministrativeexpense": 47198000,
        "amortizationofintangibleassets": 18837000,
        "legalreservesoccupancytaxandother": 6246000,
        "acquisitionrelatedandother": 472000,
        "operatingincomeloss": -129524000,
        "investmentincomeinterest": 7278000,
        "interestexpense": 21629000,
        "othernonoperatingincomeexpense": 7488000,
        "nonoperatingincomeexpense": -14985000,
        "incomelossfromcontinuingoperationsbeforeincometaxesminorityinterestandincomelossfromequitymethodinvestments": 68269000,
        "incometaxexpensebenefit": 9085000,
        "incomelossfromcontinuingoperationsincludingportionattributabletononcontrollinginterest": 63015000,
        "profitloss": 59184000,
        "netincomelossattributabletononcontrollinginterest": -8485000,
        "netincomeloss": 59184000,
        "incomelossfromcontinuingoperations": 71500000,
        "incomelossfromcontinuingoperationsperbasicshare": 0.53,
        "incomelossfromcontinuingoperationsperdilutedshare": 0.53,
        "earningspersharebasic": 0.53,
        "earningspersharediluted": 0.53,
        "weightedaveragenumberofsharesoutstandingbasic": 357000,
        "weightedaveragenumberofdilutedsharesoutstanding": 357000,
        "commonstockdividendspersharedeclared": 0.13,
        "allocatedsharebasedcompensationexpense": 764000,
        "relatedpartysellingandmarketingexpense": 54053000,
        "othercomprehensiveincomeforeigncurrencytransactionandtranslationgainlossarisingduringperiodnetoftax": 4970000,
        "othercomprehensiveincomelossavailableforsalesecuritiesadjustmentnetoftax": -1282000,
        "othercomprehensiveincomelossnetoftax": 3688000,
        "comprehensiveincomenetoftaxincludingportionattributabletononcontrollinginterest": 66703000,
        "comprehensiveincomenetoftaxattributabletononcontrollinginterest": -12225000,
        "comprehensiveincomenetoftax": 59400000
    },
    {
        "date": "2013-03-30",
        "symbol": "EXPE",
        "period": "Q1",
        "salesrevenuenet": 923848000,
        "costofrevenue": 195480000,
        "sellingandmarketingexpense": 355966000,
        "technologyandcontentexpense": 98963000,
        "generalandadministrativeexpense": 57629000,
        "amortizationofintangibleassets": 12570000,
        "legalreservesoccupancytaxandother": 61558000,
        "acquisitionrelatedandother": 66000000,
        "operatingincomeloss": 152182000,
        "investmentincomeinterest": 5917000,
        "interestexpense": 21748000,
        "othernonoperatingincomeexpense": 2188000,
        "nonoperatingincomeexpense": -35361000,
        "incomelossfromcontinuingoperationsbeforeincometaxesminorityinterestandincomelossfromequitymethodinvestments": -118615000,
        "incometaxexpensebenefit": -26705000,
        "incomelossfromcontinuingoperationsincludingportionattributabletononcontrollinginterest": -107368000,
        "profitloss": -91910000,
        "netincomelossattributabletononcontrollinginterest": -3142000,
        "netincomeloss": -91910000,
        "incomelossfromcontinuingoperations": -104226000,
        "incomelossfromcontinuingoperationsperbasicshare": -0.77,
        "incomelossfromcontinuingoperationsperdilutedshare": -0.77,
        "earningspersharebasic": -0.77,
        "earningspersharediluted": -0.77,
        "weightedaveragenumberofsharesoutstandingbasic": 135641000,
        "weightedaveragenumberofdilutedsharesoutstanding": 135641000,
        "commonstockdividendspersharedeclared": 0.13,
        "relatedpartysellingandmarketingexpense": 61071000,
        "allocatedsharebasedcompensationexpense": 1061000,
        "othercomprehensiveincomeforeigncurrencytransactionandtranslationgainlossarisingduringperiodnetoftax": -18001000,
        "othercomprehensiveincomelossavailableforsalesecuritiesadjustmentnetoftax": -291000,
        "othercomprehensiveincomelossnetoftax": -18292000,
        "comprehensiveincomenetoftaxincludingportionattributabletononcontrollinginterest": -125660000,
        "comprehensiveincomenetoftaxattributabletononcontrollinginterest": 2630000,
        "comprehensiveincomenetoftax": -92126000
    },
    {
        "date": "2012-09-29",
        "symbol": "EXPE",
        "period": "Q3",
        "salesrevenuenet": 1121267000,
        "costofrevenue": 194103000,
        "sellingandmarketingexpense": 374409000,
        "technologyandcontentexpense": 90427000,
        "generalandadministrativeexpense": 55112000,
        "amortizationofintangibleassets": 9474000,
        "legalreservesoccupancytaxandother": 2310000,
        "operatingincomeloss": 341219000,
        "investmentincomeinterest": 7759000,
        "interestexpense": 22101000,
        "othernonoperatingincomeexpense": -8410000,
        "nonoperatingincomeexpense": 108929000,
        "incomelossfromcontinuingoperationsbeforeincometaxesminorityinterestandincomelossfromequitymethodinvestments": 223242000,
        "incometaxexpensebenefit": 38609000,
        "incomelossfromcontinuingoperationsincludingportionattributabletononcontrollinginterest": 184633000,
        "incomelossfromdiscontinuedoperationsnetoftax": 1543000,
        "profitloss": 184633000,
        "netincomelossattributabletononcontrollinginterest": -1746000,
        "netincomeloss": 184633000,
        "incomelossfromcontinuingoperations": 169934000,
        "incomelossfromdiscontinuedoperationsnetoftaxattributabletoreportingentity": 1543000,
        "incomelossfromcontinuingoperationsperbasicshare": 1.25,
        "incomelossfromcontinuingoperationsperdilutedshare": 1.2,
        "earningspersharebasic": 1.26,
        "earningspersharediluted": 1.21,
        "weightedaveragenumberofsharesoutstandingbasic": 135968000,
        "weightedaveragenumberofdilutedsharesoutstanding": 141423000,
        "commonstockdividendspersharedeclared": 0.13,
        "sharebasedcompensationcostofrevenue": 781000,
        "sharebasedcompensationsellingandmarketingexpense": 2881000,
        "sharebasedcompensationtechnologyandcontentexpense": 3957000,
        "sharebasedcompensationgeneralandadministrativeexpense": 7719000,
        "relatedpartysellingandmarketingexpense": 57258000,
        "othercomprehensiveincomeforeigncurrencytransactionandtranslationgainlossarisingduringperiodnetoftax": 14910000,
        "othercomprehensiveincomelossavailableforsalesecuritiesadjustmentnetoftax": 465000,
        "othercomprehensiveincomelossnetoftax": 15375000,
        "comprehensiveincomenetoftaxincludingportionattributabletononcontrollinginterest": 185106000,
        "comprehensiveincomenetoftaxattributabletononcontrollinginterest": -548000,
        "comprehensiveincomenetoftax": 184921000
    },
    {
        "date": "2012-06-29",
        "symbol": "EXPE",
        "period": "Q2",
        "salesrevenuenet": 1633393000,
        "costofrevenue": 155928000,
        "sellingandmarketingexpense": 239046000,
        "technologyandcontentexpense": 60893000,
        "generalandadministrativeexpense": 27880000,
        "amortizationofintangibleassets": 10391000,
        "legalreservesoccupancytaxandother": 3350000,
        "operatingincomeloss": 367105000,
        "investmentincomeinterest": 7072000,
        "interestexpense": 21989000,
        "othernonoperatingincomeexpense": -4660000,
        "nonoperatingincomeexpense": 91379000,
        "incomelossfromcontinuingoperationsbeforeincometaxesminorityinterestandincomelossfromequitymethodinvestments": 146640000,
        "incometaxexpensebenefit": 16075000,
        "incomelossfromcontinuingoperationsincludingportionattributabletononcontrollinginterest": 130565000,
        "incomelossfromdiscontinuedoperationsnetoftax": 0,
        "profitloss": 154454000,
        "netincomelossattributabletononcontrollinginterest": 868000,
        "netincomeloss": 154454000,
        "incomelossfromcontinuingoperations": 105241000,
        "incomelossfromdiscontinuedoperationsnetoftaxattributabletoreportingentity": 0,
        "incomelossfromcontinuingoperationsperbasicshare": 0.7999999999999999,
        "incomelossfromcontinuingoperationsperdilutedshare": 0.76,
        "earningspersharebasic": 0.79,
        "earningspersharediluted": 0.75,
        "weightedaveragenumberofsharesoutstandingbasic": -325000,
        "weightedaveragenumberofdilutedsharesoutstanding": -559000,
        "commonstockdividendspersharedeclared": 0.09,
        "sharebasedcompensationcostofrevenue": 803000,
        "sharebasedcompensationsellingandmarketingexpense": 3248000,
        "sharebasedcompensationtechnologyandcontentexpense": 3874000,
        "sharebasedcompensationgeneralandadministrativeexpense": 8696000,
        "relatedpartysellingandmarketingexpense": 55720000,
        "othercomprehensiveincomeforeigncurrencytransactionandtranslationgainlossarisingduringperiodnetoftax": -24326000,
        "othercomprehensiveincomeunrealizedholdinggainlossonsecuritiesarisingduringperiodnetoftax": -313000,
        "comprehensiveincomenetoftaxincludingportionattributabletononcontrollinginterest": 81470000,
        "comprehensiveincomenetoftaxattributabletononcontrollinginterest": -18000,
        "comprehensiveincomenetoftax": 154940000
    },
    {
        "date": "2012-03-30",
        "symbol": "EXPE",
        "period": "Q1",
        "salesrevenuenet": 94672000,
        "costofrevenue": 200098000,
        "sellingandmarketingexpense": 377072000,
        "technologyandcontentexpense": 108911000,
        "generalandadministrativeexpense": 78578000,
        "amortizationofintangibleassets": 1662000,
        "legalreservesoccupancytaxandother": -276000,
        "operatingincomeloss": 53997000,
        "investmentincomeinterest": 5743000,
        "interestexpense": 21392000,
        "othernonoperatingincomeexpense": -6207000,
        "nonoperatingincomeexpense": 11538000,
        "incomelossfromcontinuingoperationsbeforeincometaxesminorityinterestandincomelossfromequitymethodinvestments": 11538000,
        "incometaxexpensebenefit": -9070000,
        "incomelossfromcontinuingoperationsincludingportionattributabletononcontrollinginterest": 20608000,
        "incomelossfromdiscontinuedoperationsnetoftax": -23889000,
        "profitloss": -3281000,
        "netincomelossattributabletononcontrollinginterest": 979000,
        "netincomeloss": -3281000,
        "incomelossfromcontinuingoperations": 20608000,
        "incomelossfromdiscontinuedoperationsnetoftaxattributabletoreportingentity": -23889000,
        "incomelossfromcontinuingoperationsperbasicshare": 0.15,
        "incomelossfromcontinuingoperationsperdilutedshare": 0.15,
        "earningspersharebasic": -0.02,
        "earningspersharediluted": -0.02,
        "weightedaveragenumberofsharesoutstandingbasic": 133202000,
        "weightedaveragenumberofdilutedsharesoutstanding": 139306000,
        "commonstockdividendspersharedeclared": 0.09,
        "relatedpartysellingandmarketingexpense": 51361000,
        "sharebasedcompensationcostofrevenue": 919000,
        "sharebasedcompensationsellingandmarketingexpense": 4445000,
        "sharebasedcompensationtechnologyandcontentexpense": 4284000,
        "sharebasedcompensationgeneralandadministrativeexpense": 7303000,
        "othercomprehensiveincomeforeigncurrencytransactionandtranslationgainlossarisingduringperiodnetoftax": 12951000,
        "othercomprehensiveincomeunrealizedholdinggainlossonsecuritiesarisingduringperiodnetoftax": 1402000,
        "othercomprehensiveincomelossnetoftaxperiodincreasedecrease": 14353000,
        "comprehensiveincomenetoftaxincludingportionattributabletononcontrollinginterest": 12051000,
        "comprehensiveincomenetoftaxattributabletononcontrollinginterest": 990000,
        "comprehensiveincomenetoftax": -3281000
    },
    {
        "date": "2011-09-29",
        "symbol": "EXPE",
        "period": "Q3",
        "salesrevenuenet": 170016000,
        "costofrevenue": 209677000,
        "sellingandmarketingexpense": 408102000,
        "technologyandcontentexpense": 116877000,
        "generalandadministrativeexpense": 28535000,
        "amortizationofintangibleassets": 6104000,
        "spinoffcosts": 4430000,
        "legalreservesandoccupancytaxassessments": 692000,
        "operatingincomeloss": 159617000,
        "investmentincomeinterest": 5893000,
        "interestexpense": 32049000,
        "othernonoperatingincomeexpense": 7988000,
        "nonoperatingincomeexpense": 194425000,
        "incomelossfromcontinuingoperationsbeforeincometaxesminorityinterestandincomelossfromequitymethodinvestments": 194425000,
        "incometaxexpensebenefit": -15109000,
        "profitloss": 209534000,
        "netincomelossattributabletononcontrollinginterest": 872000,
        "netincomeloss": 209534000,
        "earningspersharebasic": 0.77,
        "earningspersharediluted": 0.75,
        "weightedaveragenumberofsharesoutstandingbasic": 272352000,
        "weightedaveragenumberofdilutedsharesoutstanding": 279368000,
        "commonstockdividendspersharedeclared": 0.07,
        "sharebasedcompensationcostofrevenue": 584000,
        "sharebasedcompensationsellingandmarketingexpense": 2991000,
        "sharebasedcompensationtechnologyandcontentexpense": 3732000,
        "sharebasedcompensationgeneralandadministrativeexpense": 7752000
    },
    {
        "date": "2011-06-29",
        "symbol": "EXPE",
        "period": "Q2",
        "salesrevenuenet": -560554000,
        "costofrevenue": 198544000,
        "sellingandmarketingexpense": 393969000,
        "technologyandcontentexpense": 110161000,
        "generalandadministrativeexpense": 84837000,
        "amortizationofintangibleassets": 3169000,
        "operatingincomeloss": 128020000,
        "investmentincomeinterest": 5536000,
        "interestexpense": 31218000,
        "othernonoperatingincomeexpense": -4947000,
        "nonoperatingincomeexpense": 202320000,
        "incomelossfromcontinuingoperationsbeforeincometaxesminorityinterestandincomelossfromequitymethodinvestments": 94079000,
        "incometaxexpensebenefit": -46144000,
        "profitloss": 140223000,
        "netincomelossattributabletononcontrollinginterest": 497000,
        "netincomeloss": 140393000,
        "earningspersharebasic": 0.51,
        "earningspersharediluted": 0.49999999999999994,
        "weightedaveragenumberofsharesoutstandingbasic": -135000,
        "weightedaveragenumberofdilutedsharesoutstanding": -31000,
        "commonstockdividendspersharedeclared": 0.07,
        "sharebasedcompensationcostofrevenue": 581000,
        "sharebasedcompensationsellingandmarketingexpense": 2868000,
        "sharebasedcompensationtechnologyandcontentexpense": 3329000,
        "sharebasedcompensationgeneralandadministrativeexpense": 6703000,
        "sharebasedcompensation": 13481000
    },
    {
        "date": "2011-03-30",
        "symbol": "EXPE",
        "period": "Q1",
        "salesrevenuenet": 822177000,
        "costofrevenue": 177842000,
        "sellingandmarketingexpense": 341158000,
        "technologyandcontentexpense": 103184000,
        "generalandadministrativeexpense": 82701000,
        "amortizationofintangibleassets": 7951000,
        "occupancytaxassessmentsandlegalreserves": 1100000,
        "operatingincomeloss": 108241000,
        "investmentincomeinterest": 3426000,
        "interestexpense": 31265000,
        "othernonoperatingincomeexpense": -6217000,
        "nonoperatingincomeexpense": -34056000,
        "incomelossfromcontinuingoperationsbeforeincometaxesminorityinterestandincomelossfromequitymethodinvestments": 74185000,
        "incometaxexpensebenefit": 21976000,
        "profitloss": 52209000,
        "netincomelossattributabletononcontrollinginterest": 170000,
        "netincomeloss": 52039000,
        "earningspersharebasic": 0.19,
        "earningspersharediluted": 0.19,
        "weightedaveragenumberofsharesoutstandingbasic": 273860000,
        "weightedaveragenumberofdilutedsharesoutstanding": 278167000,
        "commonstockdividendspersharedeclared": 0.07,
        "sharebasedcompensationcostofrevenue": 810000,
        "sharebasedcompensationsellingandmarketingexpense": 4314000,
        "sharebasedcompensationtechnologyandcontentexpense": 4751000,
        "sharebasedcompensationgeneralandadministrativeexpense": 7397000,
        "sharebasedcompensation": 17272000
    },
    {
        "date": "2010-09-29",
        "symbol": "EXPE",
        "period": "Q3",
        "salesrevenuenet": 987860000,
        "costofrevenue": 190033000,
        "sellingandmarketingexpense": 344019000,
        "technologyandcontentexpense": 93297000,
        "generalandadministrativeexpense": 75581000,
        "amortizationofintangibleassets": 8126000,
        "operatingincomeloss": 276804000,
        "investmentincomeinterest": 2454000,
        "interestexpense": 26993000,
        "othernonoperatingincomeexpense": -13657000,
        "nonoperatingincomeexpense": -38196000,
        "incomelossfromcontinuingoperationsbeforeincometaxesminorityinterestandincomelossfromequitymethodinvestments": 238608000,
        "incometaxexpensebenefit": 60584000,
        "profitloss": 178024000,
        "netincomelossattributabletononcontrollinginterest": 1474000,
        "netincomeloss": 176550000,
        "earningspersharebasic": 0.63,
        "earningspersharediluted": 0.62,
        "weightedaveragenumberofsharesoutstandingbasic": 281215000,
        "weightedaveragenumberofdilutedsharesoutstanding": 286284000,
        "commonstockdividendspersharedeclared": 0.07,
        "sharebasedcompensationcostofrevenue": 549000,
        "sharebasedcompensationsellingandmarketingexpense": 3027000,
        "sharebasedcompensationtechnologyandcontentexpense": 3210000,
        "sharebasedcompensationgeneralandadministrativeexpense": 6235000,
        "sharebasedcompensation": 13021000
    },
    {
        "date": "2010-06-29",
        "symbol": "EXPE",
        "period": "Q2",
        "salesrevenuenet": 833960000,
        "costofrevenue": 168571000,
        "sellingandmarketingexpense": 296830000,
        "technologyandcontentexpense": 87420000,
        "generalandadministrativeexpense": 79105000,
        "amortizationofintangibleassets": 8344000,
        "operatingincomeloss": 193690000,
        "investmentincomeinterest": 1221000,
        "interestexpense": 20209000,
        "othernonoperatingincomeexpense": 817000,
        "nonoperatingincomeexpense": -18171000,
        "incomelossfromcontinuingoperationsbeforeincometaxesminorityinterestandincomelossfromequitymethodinvestments": 175519000,
        "incometaxexpensebenefit": 60166000,
        "profitloss": 115353000,
        "netincomelossattributabletononcontrollinginterest": 1091000,
        "netincomeloss": 114262000,
        "earningspersharebasic": 0.4,
        "earningspersharediluted": 0.4,
        "weightedaveragenumberofsharesoutstandingbasic": 284088000,
        "weightedaveragenumberofdilutedsharesoutstanding": 288975000,
        "commonstockdividendspersharedeclared": 0.07,
        "sharebasedcompensationcostofrevenue": 487000,
        "sharebasedcompensationsellingandmarketingexpense": 3118000,
        "sharebasedcompensationtechnologyandcontentexpense": 3249000,
        "sharebasedcompensationgeneralandadministrativeexpense": 7797000
    }
]