[
    {
        "date": "2024-09-29",
        "symbol": "PEG",
        "period": "Q3",
        "revenues": 2642000000,
        "costofgoodsandserviceexcludingdepreciationdepletionandamortization": 839000000,
        "utilitiesoperatingexpensemaintenanceandoperations": 157000000,
        "costofgoodsandservicessolddepreciationandamortization": 254000000,
        "costsandexpenses": 1557000000,
        "operatingincomeloss": 582000000,
        "incomelossfromequitymethodinvestments": 1000000,
        "gainlossoninvestments": 1000000,
        "othernonoperatingincomeexpense": 37000000,
        "netperiodicdefinedbenefitsexpensereversalofexpenseexcludingservicecostcomponent": -20000000,
        "interestexpense": 151000000,
        "incomelossfromcontinuingoperationsbeforeincometaxesextraordinaryitemsnoncontrollinginterest": 469000000,
        "incometaxexpensebenefit": 90000000,
        "netincomeloss": 520000000,
        "weightedaveragenumberofsharesoutstandingbasic": 498000000,
        "weightedaveragenumberofdilutedsharesoutstanding": 500000000,
        "earningspersharebasic": 1.04,
        "earningspersharediluted": 1.04,
        "othercomprehensiveincomelossavailableforsalesecuritiesadjustmentnetoftax": 1000000,
        "othercomprehensiveincomelosscashflowhedgegainlossafterreclassificationandtax": -8000000,
        "othercomprehensiveincomelosspensionandotherpostretirementbenefitplansadjustmentnetoftax": -2000000,
        "othercomprehensiveincomelossnetoftax": 31000000,
        "comprehensiveincomenetoftaxincludingportionattributabletononcontrollinginterest": 380000000,
        "othercomprehensiveincomelossavailableforsalesecuritiestax": 24000000,
        "othercomprehensiveincomelosscashflowhedgegainlossafterreclassificationtax": -3000000,
        "othercomprehensiveincomelosspensionandotherpostretirementbenefitplanstax": 1000000
    },
    {
        "date": "2024-06-29",
        "symbol": "PEG",
        "period": "Q2",
        "revenues": 2423000000,
        "costofgoodsandserviceexcludingdepreciationdepletionandamortization": 732000000,
        "utilitiesoperatingexpensemaintenanceandoperations": 824000000,
        "costofgoodsandservicessolddepreciationandamortization": 285000000,
        "costsandexpenses": 1841000000,
        "operatingincomeloss": 582000000,
        "gainlossoninvestments": 7000000,
        "othernonoperatingincomeexpense": 47000000,
        "netperiodicdefinedbenefitsexpensereversalofexpenseexcludingservicecostcomponent": -18000000,
        "interestexpense": 218000000,
        "incomelossfromcontinuingoperationsbeforeincometaxesextraordinaryitemsnoncontrollinginterest": 437000000,
        "incometaxexpensebenefit": 3000000,
        "netincomeloss": 434000000,
        "weightedaveragenumberofsharesoutstandingbasic": 498000000,
        "weightedaveragenumberofdilutedsharesoutstanding": 500000000,
        "earningspersharebasic": 0.8699999999999999,
        "earningspersharediluted": 0.8699999999999999,
        "othercomprehensiveincomelossavailableforsalesecuritiesadjustmentnetoftax": -5000000,
        "othercomprehensiveincomelosscashflowhedgegainlossafterreclassificationandtax": -1000000,
        "othercomprehensiveincomelosspensionandotherpostretirementbenefitplansadjustmentnetoftax": -2000000,
        "othercomprehensiveincomelossnetoftax": -4000000,
        "comprehensiveincomenetoftaxincludingportionattributabletononcontrollinginterest": 430000000,
        "othercomprehensiveincomelossavailableforsalesecuritiestax": -4000000,
        "othercomprehensiveincomelosscashflowhedgegainlossafterreclassificationtax": 0,
        "othercomprehensiveincomelosspensionandotherpostretirementbenefitplanstax": 0
    },
    {
        "date": "2024-03-30",
        "symbol": "PEG",
        "period": "Q1",
        "revenues": 2760000000,
        "costofgoodsandserviceexcludingdepreciationdepletionandamortization": 997000000,
        "utilitiesoperatingexpensemaintenanceandoperations": 783000000,
        "costofgoodsandservicessolddepreciationandamortization": 295000000,
        "costsandexpenses": 2075000000,
        "operatingincomeloss": 685000000,
        "gainlossoninvestments": 95000000,
        "othernonoperatingincomeexpense": 35000000,
        "netperiodicdefinedbenefitsexpensereversalofexpenseexcludingservicecostcomponent": -19000000,
        "interestexpense": 205000000,
        "incomelossfromcontinuingoperationsbeforeincometaxesextraordinaryitemsnoncontrollinginterest": 629000000,
        "incometaxexpensebenefit": 97000000,
        "netincomeloss": 532000000,
        "weightedaveragenumberofsharesoutstandingbasic": 499000000,
        "weightedaveragenumberofdilutedsharesoutstanding": 500000000,
        "earningspersharebasic": 1.07,
        "earningspersharediluted": 1.06,
        "othercomprehensiveincomelossavailableforsalesecuritiesadjustmentnetoftax": -10000000,
        "othercomprehensiveincomelosscashflowhedgegainlossafterreclassificationandtax": 18000000,
        "othercomprehensiveincomelosspensionandotherpostretirementbenefitplansadjustmentnetoftax": -2000000,
        "othercomprehensiveincomelossnetoftax": 10000000,
        "comprehensiveincomenetoftaxincludingportionattributabletononcontrollinginterest": 542000000,
        "othercomprehensiveincomelossavailableforsalesecuritiestax": -6000000,
        "othercomprehensiveincomelosscashflowhedgegainlossafterreclassificationtax": 7000000,
        "othercomprehensiveincomelosspensionandotherpostretirementbenefitplanstax": 1000000
    },
    {
        "date": "2023-06-29",
        "symbol": "PEG",
        "period": "Q2",
        "revenues": 2421000000,
        "costofgoodsandserviceexcludingdepreciationdepletionandamortization": 604000000,
        "utilitiesoperatingexpensemaintenanceandoperations": 744000000,
        "costofgoodsandservicessolddepreciationandamortization": 279000000,
        "costsandexpenses": 1627000000,
        "operatingincomeloss": 794000000,
        "incomelossfromequitymethodinvestments": 0,
        "gainlossoninvestments": 57000000,
        "othernonoperatingincomeexpense": 49000000,
        "netperiodicdefinedbenefitsexpensereversalofexpenseexcludingservicecostcomponent": -29000000,
        "interestexpense": 185000000,
        "incomelossfromcontinuingoperationsbeforeincometaxesextraordinaryitemsnoncontrollinginterest": 744000000,
        "incometaxexpensebenefit": 153000000,
        "netincomeloss": 591000000,
        "weightedaveragenumberofsharesoutstandingbasic": 0,
        "weightedaveragenumberofdilutedsharesoutstanding": 0,
        "earningspersharebasic": 1.19,
        "earningspersharediluted": 1.1799999999999997,
        "othercomprehensiveincomelossavailableforsalesecuritiesadjustmentnetoftax": -8000000,
        "othercomprehensiveincomelosscashflowhedgegainlossafterreclassificationandtax": 11000000,
        "othercomprehensiveincomelosspensionandotherpostretirementbenefitplansadjustmentnetoftax": -4000000,
        "othercomprehensiveincomelossnetoftax": 7000000,
        "comprehensiveincomenetoftaxincludingportionattributabletononcontrollinginterest": 598000000,
        "othercomprehensiveincomelossavailableforsalesecuritiestax": -6000000,
        "othercomprehensiveincomelosscashflowhedgegainlossafterreclassificationtax": 5000000,
        "othercomprehensiveincomelosspensionandotherpostretirementbenefitplanstax": 1000000
    },
    {
        "date": "2023-03-30",
        "symbol": "PEG",
        "period": "Q1",
        "revenues": 3755000000,
        "costofgoodsandserviceexcludingdepreciationdepletionandamortization": 1082000000,
        "utilitiesoperatingexpensemaintenanceandoperations": 743000000,
        "costofgoodsandservicessolddepreciationandamortization": 282000000,
        "costsandexpenses": 2107000000,
        "operatingincomeloss": 1648000000,
        "incomelossfromequitymethodinvestments": 1000000,
        "gainlossoninvestments": 46000000,
        "othernonoperatingincomeexpense": 42000000,
        "netperiodicdefinedbenefitsexpensereversalofexpenseexcludingservicecostcomponent": -28000000,
        "interestexpense": 180000000,
        "incomelossfromcontinuingoperationsbeforeincometaxesextraordinaryitemsnoncontrollinginterest": 1585000000,
        "incometaxexpensebenefit": 298000000,
        "netincomeloss": 1287000000,
        "weightedaveragenumberofsharesoutstandingbasic": 497000000,
        "weightedaveragenumberofdilutedsharesoutstanding": 500000000,
        "earningspersharebasic": 2.59,
        "earningspersharediluted": 2.58,
        "othercomprehensiveincomelossavailableforsalesecuritiesadjustmentnetoftax": 26000000,
        "othercomprehensiveincomelosscashflowhedgegainlossafterreclassificationandtax": -1000000,
        "othercomprehensiveincomelosspensionandotherpostretirementbenefitplansadjustmentnetoftax": -3000000,
        "othercomprehensiveincomelossnetoftax": 28000000,
        "comprehensiveincomenetoftaxincludingportionattributabletononcontrollinginterest": 1315000000,
        "othercomprehensiveincomelossavailableforsalesecuritiestax": 17000000,
        "othercomprehensiveincomelosscashflowhedgegainlossafterreclassificationtax": -1000000,
        "othercomprehensiveincomelosspensionandotherpostretirementbenefitplanstax": 2000000
    },
    {
        "date": "2022-09-29",
        "symbol": "PEG",
        "period": "Q3",
        "revenues": 2272000000,
        "costofgoodsandserviceexcludingdepreciationdepletionandamortization": 1012000000,
        "utilitiesoperatingexpensemaintenanceandoperations": 765000000,
        "costofgoodsandservicessolddepreciationandamortization": 270000000,
        "gainlossondispositionofassets1": -52000000,
        "costsandexpenses": 2099000000,
        "operatingincomeloss": 173000000,
        "incomelossfromequitymethodinvestments": 5000000,
        "gainlossoninvestments": -97000000,
        "othernonoperatingincomeexpense": 43000000,
        "netperiodicdefinedbenefitsexpensereversalofexpenseexcludingservicecostcomponent": -94000000,
        "interestexpense": 163000000,
        "incomelossfromcontinuingoperationsbeforeincometaxesextraordinaryitemsnoncontrollinginterest": 55000000,
        "incometaxexpensebenefit": -59000000,
        "netincomeloss": 114000000,
        "weightedaveragenumberofsharesoutstandingbasic": -1000000,
        "weightedaveragenumberofdilutedsharesoutstanding": -1000000,
        "othercomprehensiveincomelossavailableforsalesecuritiesadjustmentnetoftax": -39000000,
        "othercomprehensiveincomelossnetoftax": -38000000,
        "comprehensiveincomenetoftaxincludingportionattributabletononcontrollinginterest": 76000000,
        "othercomprehensiveincomelossavailableforsalesecuritiestax": -24000000
    },
    {
        "date": "2022-06-29",
        "symbol": "PEG",
        "period": "Q2",
        "revenues": 2076000000,
        "costofgoodsandserviceexcludingdepreciationdepletionandamortization": 765000000,
        "utilitiesoperatingexpensemaintenanceandoperations": 751000000,
        "costofgoodsandservicessolddepreciationandamortization": 269000000,
        "gainlossondispositionofassets1": 5000000,
        "costsandexpenses": 1780000000,
        "operatingincomeloss": 296000000,
        "incomelossfromequitymethodinvestments": 7000000,
        "gainlossoninvestments": -187000000,
        "othernonoperatingincomeexpense": 38000000,
        "netperiodicdefinedbenefitsexpensereversalofexpenseexcludingservicecostcomponent": -94000000,
        "interestexpense": 150000000,
        "incomelossfromcontinuingoperationsbeforeincometaxesextraordinaryitemsnoncontrollinginterest": 98000000,
        "incometaxexpensebenefit": -33000000,
        "netincomeloss": 131000000,
        "weightedaveragenumberofsharesoutstandingbasic": -2000000,
        "weightedaveragenumberofdilutedsharesoutstanding": 1000000,
        "othercomprehensiveincomelossavailableforsalesecuritiesadjustmentnetoftax": -46000000,
        "othercomprehensiveincomelosscashflowhedgegainlossafterreclassificationandtax": 0,
        "othercomprehensiveincomelossnetoftax": -45000000,
        "comprehensiveincomenetoftaxincludingportionattributabletononcontrollinginterest": 86000000,
        "othercomprehensiveincomelossavailableforsalesecuritiestax": -30000000
    },
    {
        "date": "2022-03-30",
        "symbol": "PEG",
        "period": "Q1",
        "revenues": 2313000000,
        "costofgoodsandserviceexcludingdepreciationdepletionandamortization": 1245000000,
        "utilitiesoperatingexpensemaintenanceandoperations": 794000000,
        "costofgoodsandservicessolddepreciationandamortization": 283000000,
        "gainlossondispositionofassets1": -43000000,
        "costsandexpenses": 2365000000,
        "operatingincomeloss": -52000000,
        "incomelossfromequitymethodinvestments": 4000000,
        "gainlossoninvestments": -68000000,
        "othernonoperatingincomeexpense": 5000000,
        "netperiodicdefinedbenefitsexpensereversalofexpenseexcludingservicecostcomponent": -94000000,
        "interestexpense": 137000000,
        "incomelossfromcontinuingoperationsbeforeincometaxesextraordinaryitemsnoncontrollinginterest": -154000000,
        "incometaxexpensebenefit": -152000000,
        "netincomeloss": -2000000,
        "weightedaveragenumberofsharesoutstandingbasic": 501000000,
        "weightedaveragenumberofdilutedsharesoutstanding": 501000000,
        "othercomprehensiveincomelossavailableforsalesecuritiesadjustmentnetoftax": -61000000,
        "othercomprehensiveincomelosscashflowhedgegainlossafterreclassificationandtax": 1000000,
        "othercomprehensiveincomelossnetoftax": -60000000,
        "comprehensiveincomenetoftaxincludingportionattributabletononcontrollinginterest": -62000000,
        "othercomprehensiveincomelossavailableforsalesecuritiestax": -39000000
    },
    {
        "date": "2021-09-29",
        "symbol": "PEG",
        "period": "Q3",
        "revenues": 1903000000,
        "utilitiesoperatingexpensemaintenanceandoperations": 807000000,
        "costofgoodsandservicessolddepreciationandamortization": 283000000,
        "costsandexpenses": 4108000000,
        "operatingincomeloss": -2205000000,
        "incomelossfromequitymethodinvestments": 3000000,
        "gainlossoninvestments": -17000000,
        "othernonoperatingincomeexpense": 35000000,
        "netperiodicdefinedbenefitsexpensereversalofexpenseexcludingservicecostcomponent": -82000000,
        "interestexpense": 144000000,
        "incomelossfromcontinuingoperationsbeforeincometaxesextraordinaryitemsnoncontrollinginterest": -2246000000,
        "incometaxexpensebenefit": -682000000,
        "netincomeloss": -1564000000,
        "earningspersharebasic": -3.11,
        "earningspersharediluted": -3.0999999999999996,
        "othercomprehensiveincomelossavailableforsalesecuritiesadjustmentnetoftax": -7000000,
        "othercomprehensiveincomelosspensionandotherpostretirementbenefitplansadjustmentnetoftax": -4000000,
        "othercomprehensiveincomelossnetoftax": -2000000,
        "comprehensiveincomenetoftaxincludingportionattributabletononcontrollinginterest": -1566000000,
        "othercomprehensiveincomelossavailableforsalesecuritiestax": -5000000,
        "othercomprehensiveincomelosspensionandotherpostretirementbenefitplanstax": 1000000
    },
    {
        "date": "2021-06-29",
        "symbol": "PEG",
        "period": "Q2",
        "revenues": 1874000000,
        "costofgoodsandservicessold": 606000000,
        "utilitiesoperatingexpensemaintenanceandoperations": 783000000,
        "costofgoodsandservicessolddepreciationandamortization": 322000000,
        "costsandexpenses": 2168000000,
        "operatingincomeloss": -294000000,
        "incomelossfromequitymethodinvestments": 6000000,
        "gainlossoninvestments": 81000000,
        "othernonoperatingincomeexpense": 33000000,
        "netperiodicdefinedbenefitsexpensereversalofexpenseexcludingservicecostcomponent": -82000000,
        "interestexpense": 147000000,
        "incomelossfromcontinuingoperationsbeforeincometaxesextraordinaryitemsnoncontrollinginterest": -239000000,
        "incometaxexpensebenefit": -62000000,
        "netincomeloss": -177000000,
        "weightedaveragenumberofsharesoutstandingbasic": 0,
        "weightedaveragenumberofdilutedsharesoutstanding": 0,
        "earningspersharebasic": -0.3500000000000001,
        "earningspersharediluted": -0.35,
        "othercomprehensiveincomelossavailableforsalesecuritiesadjustmentnetoftax": 16000000,
        "othercomprehensiveincomelossderivativesqualifyingashedgesnetoftax": 0,
        "othercomprehensiveincomelosspensionandotherpostretirementbenefitplansadjustmentnetoftax": -4000000,
        "othercomprehensiveincomelossnetoftax": 20000000,
        "comprehensiveincomenetoftaxincludingportionattributabletononcontrollinginterest": -157000000,
        "othercomprehensiveincomelossavailableforsalesecuritiestax": 10000000,
        "othercomprehensiveincomelosspensionandotherpostretirementbenefitplanstax": 1000000
    },
    {
        "date": "2021-03-30",
        "symbol": "PEG",
        "period": "Q1",
        "revenues": 2889000000,
        "costofgoodsandservicessold": 1029000000,
        "utilitiesoperatingexpensemaintenanceandoperations": 778000000,
        "costofgoodsandservicessolddepreciationandamortization": 341000000,
        "costsandexpenses": 2148000000,
        "operatingincomeloss": 741000000,
        "incomelossfromequitymethodinvestments": 3000000,
        "gainlossoninvestments": 60000000,
        "othernonoperatingincomeexpense": 25000000,
        "netperiodicdefinedbenefitsexpensereversalofexpenseexcludingservicecostcomponent": -82000000,
        "interestexpense": 146000000,
        "incomelossfromcontinuingoperationsbeforeincometaxesextraordinaryitemsnoncontrollinginterest": 765000000,
        "incometaxexpensebenefit": 117000000,
        "netincomeloss": 648000000,
        "weightedaveragenumberofsharesoutstandingbasic": 504000000,
        "weightedaveragenumberofdilutedsharesoutstanding": 507000000,
        "earningspersharebasic": 1.29,
        "earningspersharediluted": 1.28,
        "othercomprehensiveincomelossavailableforsalesecuritiesadjustmentnetoftax": -42000000,
        "othercomprehensiveincomelossderivativesqualifyingashedgesnetoftax": 1000000,
        "othercomprehensiveincomelosspensionandotherpostretirementbenefitplansadjustmentnetoftax": -3000000,
        "othercomprehensiveincomelossnetoftax": -38000000,
        "comprehensiveincomenetoftaxincludingportionattributabletononcontrollinginterest": 610000000,
        "othercomprehensiveincomelossavailableforsalesecuritiestax": -26000000,
        "othercomprehensiveincomelosspensionandotherpostretirementbenefitplanstax": 2000000
    },
    {
        "date": "2020-12-30",
        "symbol": "PEG",
        "period": "Q4",
        "revenues": 6981000000,
        "costofgoodsandservicessold": 780000000,
        "utilitiesoperatingexpensemaintenanceandoperations": 861000000,
        "costofgoodsandservicessolddepreciationandamortization": 329000000,
        "operatingincomeloss": 433000000,
        "incomelossfromequitymethodinvestments": 4000000,
        "gainlossoninvestments": 166000000,
        "othernonoperatingincomeexpense": 34000000,
        "netperiodicdefinedbenefitsexpensereversalofexpenseexcludingservicecostcomponent": -63000000,
        "interestexpense": 147000000,
        "incomelossfromcontinuingoperationsbeforeincometaxesextraordinaryitemsnoncontrollinginterest": 553000000,
        "incometaxexpensebenefit": 122000000,
        "netincomeloss": 431000000,
        "weightedaveragenumberofsharesoutstandingbasic": -1008000000,
        "weightedaveragenumberofdilutedsharesoutstanding": -1014000000,
        "earningspersharebasic": 0.8499999999999998,
        "earningspersharediluted": 0.85,
        "othercomprehensiveincomelossavailableforsalesecuritiesadjustmentnetoftax": 1000000,
        "othercomprehensiveincomelossderivativesqualifyingashedgesnetoftax": 2000000,
        "othercomprehensiveincomelosspensionandotherpostretirementbenefitplansadjustmentnetoftax": 55000000,
        "othercomprehensiveincomelossnetoftax": -52000000,
        "comprehensiveincomenetoftaxincludingportionattributabletononcontrollinginterest": 379000000,
        "othercomprehensiveincomelossavailableforsalesecuritiestax": 1000000,
        "othercomprehensiveincomeunrealizedgainlossonderivativesarisingduringperiodtax": 1000000,
        "othercomprehensiveincomelosspensionandotherpostretirementbenefitplanstax": -21000000
    },
    {
        "date": "2020-09-29",
        "symbol": "PEG",
        "period": "Q3",
        "revenues": 2370000000,
        "costofgoodsandservicessold": 775000000,
        "utilitiesoperatingexpensemaintenanceandoperations": 767000000,
        "costofgoodsandservicessolddepreciationandamortization": 317000000,
        "gainlossondispositionofassets1": 122000000,
        "costsandexpenses": 1737000000,
        "operatingincomeloss": 633000000,
        "incomelossfromequitymethodinvestments": 4000000,
        "gainlossoninvestments": 107000000,
        "othernonoperatingincomeexpense": 39000000,
        "netperiodicdefinedbenefitsexpensereversalofexpenseexcludingservicecostcomponent": -62000000,
        "interestexpense": 149000000,
        "incomelossfromcontinuingoperationsbeforeincometaxesextraordinaryitemsnoncontrollinginterest": 696000000,
        "incometaxexpensebenefit": 121000000,
        "netincomeloss": 575000000,
        "weightedaveragenumberofsharesoutstandingbasic": 504000000,
        "weightedaveragenumberofdilutedsharesoutstanding": 507000000,
        "earningspersharebasic": 1.15,
        "earningspersharediluted": 1.14,
        "othercomprehensiveincomelossavailableforsalesecuritiesadjustmentnetoftax": -4000000,
        "othercomprehensiveincomelossderivativesqualifyingashedgesnetoftax": 4000000,
        "othercomprehensiveincomelosspensionandotherpostretirementbenefitplansadjustmentnetoftax": -3000000,
        "othercomprehensiveincomelossnetoftax": 3000000,
        "comprehensiveincomenetoftaxincludingportionattributabletononcontrollinginterest": 578000000,
        "othercomprehensiveincomelossavailableforsalesecuritiestax": -3000000,
        "othercomprehensiveincomeunrealizedgainlossonderivativesarisingduringperiodtax": 1000000,
        "othercomprehensiveincomelosspensionandotherpostretirementbenefitplanstax": 1000000
    },
    {
        "date": "2020-06-29",
        "symbol": "PEG",
        "period": "Q2",
        "netincomeloss": 451000000,
        "othercomprehensiveincomelossavailableforsalesecuritiesadjustmentnetoftax": 20000000,
        "othercomprehensiveincomelossderivativesqualifyingashedgesnetoftax": 3000000,
        "othercomprehensiveincomelosspensionandotherpostretirementbenefitplansadjustmentnetoftax": -3000000,
        "othercomprehensiveincomelossnetoftax": 26000000,
        "comprehensiveincomenetoftaxincludingportionattributabletononcontrollinginterest": 477000000,
        "othercomprehensiveincomelossavailableforsalesecuritiestax": 12000000,
        "othercomprehensiveincomeunrealizedgainlossonderivativesarisingduringperiodtax": 1000000,
        "othercomprehensiveincomelosspensionandotherpostretirementbenefitplanstax": 1000000,
        "revenues": 125000000,
        "costofgoodsandservicessold": 595000000,
        "utilitiesoperatingexpensemaintenanceandoperations": 733000000,
        "costofgoodsandservicessolddepreciationandamortization": 315000000,
        "costsandexpenses": 1643000000,
        "operatingincomeloss": 407000000,
        "incomelossfromequitymethodinvestments": 3000000,
        "gainlossoninvestments": 201000000,
        "othernonoperatingincomeexpense": 38000000,
        "netperiodicdefinedbenefitsexpensereversalofexpenseexcludingservicecostcomponent": -62000000,
        "interestexpense": 151000000,
        "incomelossfromcontinuingoperationsbeforeincometaxesextraordinaryitemsnoncontrollinginterest": 560000000,
        "incometaxexpensebenefit": 109000000,
        "weightedaveragenumberofsharesoutstandingbasic": 504000000,
        "weightedaveragenumberofdilutedsharesoutstanding": 507000000,
        "earningspersharebasic": 0.89,
        "earningspersharediluted": 0.89
    },
    {
        "date": "2020-03-30",
        "symbol": "PEG",
        "period": "Q1",
        "netincomeloss": 448000000,
        "othercomprehensiveincomelossavailableforsalesecuritiesadjustmentnetoftax": 8000000,
        "othercomprehensiveincomelossderivativesqualifyingashedgesnetoftax": -3000000,
        "othercomprehensiveincomelosspensionandotherpostretirementbenefitplansadjustmentnetoftax": -3000000,
        "othercomprehensiveincomelossnetoftax": 8000000,
        "comprehensiveincomenetoftaxincludingportionattributabletononcontrollinginterest": 456000000,
        "othercomprehensiveincomelossavailableforsalesecuritiestax": 6000000,
        "othercomprehensiveincomeunrealizedgainlossonderivativesarisingduringperiodtax": -1000000,
        "othercomprehensiveincomelosspensionandotherpostretirementbenefitplanstax": 1000000,
        "revenues": 127000000,
        "costofgoodsandservicessold": 906000000,
        "utilitiesoperatingexpensemaintenanceandoperations": 754000000,
        "costofgoodsandservicessolddepreciationandamortization": 324000000,
        "costsandexpenses": 1984000000,
        "operatingincomeloss": 797000000,
        "incomelossfromequitymethodinvestments": 3000000,
        "gainlossoninvestments": -221000000,
        "othernonoperatingincomeexpense": 4000000,
        "netperiodicdefinedbenefitsexpensereversalofexpenseexcludingservicecostcomponent": -62000000,
        "interestexpense": 153000000,
        "incomelossfromcontinuingoperationsbeforeincometaxesextraordinaryitemsnoncontrollinginterest": 492000000,
        "incometaxexpensebenefit": 44000000,
        "weightedaveragenumberofsharesoutstandingbasic": 504000000,
        "weightedaveragenumberofdilutedsharesoutstanding": 507000000,
        "earningspersharebasic": 0.89,
        "earningspersharediluted": 0.88
    },
    {
        "date": "2019-09-29",
        "symbol": "PEG",
        "period": "Q3",
        "netincomeloss": 403000000,
        "othercomprehensiveincomelossavailableforsalesecuritiesadjustmentnetoftax": 30000000,
        "othercomprehensiveincomelossderivativesqualifyingashedgesnetoftax": 1000000,
        "othercomprehensiveincomelossnetoftax": -6000000,
        "comprehensiveincomenetoftaxincludingportionattributabletononcontrollinginterest": 710000000,
        "othercomprehensiveincomelossavailableforsalesecuritiestax": 7000000,
        "othercomprehensiveincomeunrealizedgainlossonderivativesarisingduringperiodtax": 0,
        "othercomprehensiveincomelosspensionandotherpostretirementbenefitplanstax": -7000000,
        "revenues": 848000000,
        "costofgoodsandservicessold": 930000000,
        "utilitiesoperatingexpensemaintenanceandoperations": 1093000000,
        "costofgoodsandservicessolddepreciationandamortization": 409000000,
        "operatingexpenses": 4047000000,
        "operatingincomeloss": 1281000000,
        "incomelossfromequitymethodinvestments": 306000000,
        "gainlossoninvestments": 0,
        "othernonoperatingincomeexpense": 157000000,
        "interestexpense": 369000000,
        "incomelossfromcontinuingoperationsbeforeincometaxesextraordinaryitemsnoncontrollinginterest": 854000000,
        "incometaxexpensebenefit": 184000000,
        "weightedaveragenumberofsharesoutstandingbasic": -504000000,
        "weightedaveragenumberofdilutedsharesoutstanding": -507000000,
        "earningspersharebasic": 0.8000000000000005,
        "earningspersharediluted": 0.7900000000000005
    },
    {
        "date": "2019-06-29",
        "symbol": "PEG",
        "period": "Q2",
        "netincomeloss": 153000000,
        "othercomprehensiveincomelossavailableforsalesecuritiesadjustmentnetoftax": 18000000,
        "othercomprehensiveincomelossderivativesqualifyingashedgesnetoftax": -13000000,
        "othercomprehensiveincomelosspensionandotherpostretirementbenefitplansadjustmentnetoftax": -4000000,
        "othercomprehensiveincomelossnetoftax": 9000000,
        "comprehensiveincomenetoftaxincludingportionattributabletononcontrollinginterest": 162000000,
        "othercomprehensiveincomelossavailableforsalesecuritiestax": 12000000,
        "othercomprehensiveincomeunrealizedgainlossonderivativesarisingduringperiodtax": -5000000,
        "othercomprehensiveincomelosspensionandotherpostretirementbenefitplanstax": 2000000,
        "revenues": 118000000,
        "costofgoodsandservicessold": 704000000,
        "utilitiesoperatingexpensemaintenanceandoperations": 750000000,
        "costofgoodsandservicessolddepreciationandamortization": 307000000,
        "gainlossondispositionofassets1": -395000000,
        "operatingexpenses": 2156000000,
        "operatingincomeloss": 160000000,
        "incomelossfromequitymethodinvestments": 5000000,
        "gainlossoninvestments": 39000000,
        "othernonoperatingincomeexpense": 33000000,
        "netperiodicdefinedbenefitsexpensereversalofexpenseexcludingservicecostcomponent": -33000000,
        "interestexpense": 137000000,
        "incomelossfromcontinuingoperationsbeforeincometaxesextraordinaryitemsnoncontrollinginterest": 133000000,
        "incometaxexpensebenefit": -20000000,
        "weightedaveragenumberofsharesoutstandingbasic": 504000000,
        "weightedaveragenumberofdilutedsharesoutstanding": 507000000,
        "earningspersharebasic": 0.3,
        "earningspersharediluted": 0.3
    },
    {
        "date": "2019-03-30",
        "symbol": "PEG",
        "period": "Q1",
        "netincomeloss": 700000000,
        "othercomprehensiveincomelossavailableforsalesecuritiesadjustmentnetoftax": 1000000,
        "othercomprehensiveincomelossderivativesqualifyingashedgesnetoftax": -4000000,
        "othercomprehensiveincomelossnetoftax": 17000000,
        "comprehensiveincomenetoftaxincludingportionattributabletononcontrollinginterest": 404000000,
        "othercomprehensiveincomelossavailableforsalesecuritiestax": 11000000,
        "othercomprehensiveincomeunrealizedgainlossonderivativesarisingduringperiodtax": -1000000,
        "othercomprehensiveincomelosspensionandotherpostretirementbenefitplanstax": 4000000,
        "revenues": -609000000,
        "costofgoodsandservicessold": 947000000,
        "utilitiesoperatingexpensemaintenanceandoperations": 408000000,
        "costofgoodsandservicessolddepreciationandamortization": 212000000,
        "operatingexpenses": -41000000,
        "operatingincomeloss": -5000000,
        "incomelossfromequitymethodinvestments": -301000000,
        "gainlossoninvestments": 125000000,
        "othernonoperatingincomeexpense": -89000000,
        "nonoperatingpensionandotherpostretirementplancosts": -17000000,
        "interestexpense": -89000000,
        "incomelossfromcontinuingoperationsbeforeincometaxesextraordinaryitemsnoncontrollinginterest": 428000000,
        "incometaxexpensebenefit": -5000000,
        "weightedaveragenumberofsharesoutstandingbasic": 504000000,
        "weightedaveragenumberofdilutedsharesoutstanding": 507000000,
        "earningspersharebasic": 1.39,
        "earningspersharediluted": 1.38
    },
    {
        "date": "2018-12-30",
        "symbol": "PEG",
        "period": "Q4",
        "netincomeloss": 1427000000,
        "othercomprehensiveincomelossavailableforsalesecuritiesadjustmentnetoftax": 0,
        "othercomprehensiveincomelosspensionandotherpostretirementbenefitplansadjustmentnetoftax": -22000000,
        "othercomprehensiveincomelossnetoftax": 51000000,
        "comprehensiveincomenetoftaxincludingportionattributabletononcontrollinginterest": 239000000,
        "othercomprehensiveincomelossavailableforsalesecuritiestax": 12000000,
        "othercomprehensiveincomelosspensionandotherpostretirementbenefitplanstax": 8000000,
        "revenues": -435000000,
        "utilitiesoperatingexpensemaintenanceandoperations": 442000000,
        "operatingexpenses": 3655000000,
        "operatingincomeloss": 597000000,
        "incomelossfromequitymethodinvestments": 407000000,
        "gainlossoninvestments": -139000000,
        "othernonoperatingincomeexpense": 217000000,
        "nonoperatingpensionandotherpostretirementplancosts": -42000000,
        "interestexpense": 272000000,
        "incomelossfromcontinuingoperationsbeforeincometaxesextraordinaryitemsnoncontrollinginterest": -1107000000,
        "incometaxexpensebenefit": 74000000,
        "weightedaveragenumberofsharesoutstandingbasic": 0,
        "weightedaveragenumberofdilutedsharesoutstanding": 0,
        "earningspersharebasic": 0.3900000000000001,
        "earningspersharediluted": 0.39000000000000035
    },
    {
        "date": "2018-09-29",
        "symbol": "PEG",
        "period": "Q3",
        "netincomeloss": 9000000,
        "othercomprehensiveincomelossavailableforsalesecuritiesadjustmentnetoftax": -1000000,
        "othercomprehensiveincomelosspensionandotherpostretirementbenefitplansadjustmentnetoftax": -7000000,
        "othercomprehensiveincomelossnetoftax": -4000000,
        "comprehensiveincomenetoftaxincludingportionattributabletononcontrollinginterest": 277000000,
        "othercomprehensiveincomelossavailableforsalesecuritiestax": -2000000,
        "othercomprehensiveincomelosspensionandotherpostretirementbenefitplanstax": 3000000,
        "revenues": -220000000,
        "utilitiesoperatingexpensemaintenanceandoperations": 389000000,
        "operatingexpenses": -40000000,
        "operatingincomeloss": -2000000,
        "incomelossfromequitymethodinvestments": -110000000,
        "gainlossoninvestments": 13000000,
        "othernonoperatingincomeexpense": -71000000,
        "nonoperatingpensionandotherpostretirementplancosts": -123000000,
        "interestexpense": -71000000,
        "incomelossfromcontinuingoperationsbeforeincometaxesextraordinaryitemsnoncontrollinginterest": 373000000,
        "incometaxexpensebenefit": -4000000,
        "weightedaveragenumberofsharesoutstandingbasic": -504000000,
        "weightedaveragenumberofdilutedsharesoutstanding": -507000000,
        "earningspersharebasic": 0.8199999999999998,
        "earningspersharediluted": 0.8099999999999998,
        "commonstockdividendspersharecashpaid": 0.4500000000000001
    },
    {
        "date": "2018-06-29",
        "symbol": "PEG",
        "period": "Q2",
        "netincomeloss": -3000000,
        "othercomprehensiveincomelossavailableforsalesecuritiesadjustmentnetoftax": 1000000,
        "othercomprehensiveincomelossderivativesqualifyingashedgesnetoftax": -1000000,
        "othercomprehensiveincomelosspensionandotherpostretirementbenefitplansadjustmentnetoftax": -6000000,
        "othercomprehensiveincomelossnetoftax": -5000000,
        "comprehensiveincomenetoftaxincludingportionattributabletononcontrollinginterest": 232000000,
        "othercomprehensiveincomelossavailableforsalesecuritiestax": -3000000,
        "othercomprehensiveincomeunrealizedgainlossonderivativesarisingduringperiodtax": -1000000,
        "othercomprehensiveincomelosspensionandotherpostretirementbenefitplanstax": 2000000,
        "revenues": -260000000,
        "costofservicesenergyservices": 488000000,
        "utilitiesoperatingexpensemaintenanceandoperations": 353000000,
        "costofgoodssolddepreciationandamortization": 187000000,
        "operatingexpenses": -31000000,
        "operatingincomeloss": 2000000,
        "incomelossfromequitymethodinvestments": -51000000,
        "gainlossoninvestments": 8000000,
        "othernonoperatingincomeexpense": -68000000,
        "nonoperatingpensionandotherpostretirementplancosts": -42000000,
        "interestexpense": -68000000,
        "incomelossfromcontinuingoperationsbeforeincometaxesextraordinaryitemsnoncontrollinginterest": 311000000,
        "incometaxexpensebenefit": -2000000,
        "weightedaveragenumberofsharesoutstandingbasic": 504000000,
        "weightedaveragenumberofdilutedsharesoutstanding": 507000000,
        "earningspersharebasic": 0.53,
        "earningspersharediluted": 0.53,
        "commonstockdividendspersharecashpaid": 0.45
    },
    {
        "date": "2018-03-30",
        "symbol": "PEG",
        "period": "Q1",
        "netincomeloss": 5000000,
        "othercomprehensiveincomelossavailableforsalesecuritiesadjustmentnetoftax": -1000000,
        "othercomprehensiveincomelosspensionandotherpostretirementbenefitplansadjustmentnetoftax": -6000000,
        "othercomprehensiveincomelossnetoftax": -14000000,
        "comprehensiveincomenetoftaxincludingportionattributabletononcontrollinginterest": 318000000,
        "othercomprehensiveincomelossavailableforsalesecuritiestax": -8000000,
        "othercomprehensiveincomelosspensionandotherpostretirementbenefitplanstax": 3000000,
        "revenues": -577000000,
        "costofservicesenergyservices": 782000000,
        "utilitiesoperatingexpensemaintenanceandoperations": 391000000,
        "costofgoodssolddepreciationandamortization": 190000000,
        "operatingexpenses": -34000000,
        "operatingincomeloss": -1000000,
        "incomelossfromequitymethodinvestments": -231000000,
        "gainlossoninvestments": -22000000,
        "othernonoperatingincomeexpense": -57000000,
        "nonoperatingpensionandotherpostretirementplancosts": 41000000,
        "interestexpense": -57000000,
        "incomelossfromcontinuingoperationsbeforeincometaxesextraordinaryitemsnoncontrollinginterest": 436000000,
        "incometaxexpensebenefit": -2000000,
        "weightedaveragenumberofsharesoutstandingbasic": 504000000,
        "weightedaveragenumberofdilutedsharesoutstanding": 507000000,
        "earningspersharebasic": 1.11,
        "earningspersharediluted": 1.1,
        "commonstockdividendspersharecashpaid": 0.45
    },
    {
        "date": "2017-09-29",
        "symbol": "PEG",
        "period": "Q3",
        "netincomeloss": 13000000,
        "othercomprehensiveincomelossavailableforsalesecuritiesadjustmentnetoftax": 15000000,
        "othercomprehensiveincomelossderivativesqualifyingashedgesnetoftax": -1000000,
        "othercomprehensiveincomelosspensionandotherpostretirementbenefitplansadjustmentnetoftax": -5000000,
        "othercomprehensiveincomelossnetoftax": 17000000,
        "comprehensiveincomenetoftaxincludingportionattributabletononcontrollinginterest": 246000000,
        "othercomprehensiveincomelossavailableforsalesecuritiestax": 14000000,
        "othercomprehensiveincomelosspensionandotherpostretirementbenefitplanstax": -4000000,
        "revenues": 135000000,
        "costofservicesenergyservices": 535000000,
        "utilitiesoperatingexpensemaintenanceandoperations": 346000000,
        "costofgoodssolddepreciationandamortization": 169000000,
        "operatingexpenses": -29000000,
        "operatingincomeloss": 2000000,
        "incomelossfromequitymethodinvestments": -140000000,
        "othernonoperatingincome": -37000000,
        "othernonoperatingexpense": 8000000,
        "otherthantemporaryimpairmentlossesinvestmentsportionrecognizedinearningsnetavailableforsalesecurities": 5000000,
        "interestexpense": -37000000,
        "incomelossfromcontinuingoperationsbeforeincometaxes": 402000000,
        "incometaxexpensebenefit": -2000000,
        "weightedaveragenumberofsharesoutstandingbasic": 505000000,
        "weightedaveragenumberofdilutedsharesoutstanding": 507000000,
        "earningspersharebasic": 0.78,
        "earningspersharediluted": 0.78,
        "commonstockdividendspersharecashpaid": 0.43
    },
    {
        "date": "2017-06-29",
        "symbol": "PEG",
        "period": "Q2",
        "netincomeloss": -2000000,
        "othercomprehensiveincomelossavailableforsalesecuritiesadjustmentnetoftax": 10000000,
        "othercomprehensiveincomelosspensionandotherpostretirementbenefitplansadjustmentnetoftax": -5000000,
        "othercomprehensiveincomelossnetoftax": 10000000,
        "comprehensiveincomenetoftaxincludingportionattributabletononcontrollinginterest": 208000000,
        "othercomprehensiveincomelossavailableforsalesecuritiestax": 9000000,
        "othercomprehensiveincomelosspensionandotherpostretirementbenefitplanstax": -3000000,
        "revenues": 116000000,
        "costofservicesenergyservices": 472000000,
        "utilitiesoperatingexpensemaintenanceandoperations": 351000000,
        "costofgoodssolddepreciationandamortization": 166000000,
        "operatingexpenses": -28000000,
        "operatingincomeloss": 4000000,
        "incomelossfromequitymethodinvestments": 97000000,
        "othernonoperatingincome": -34000000,
        "othernonoperatingexpense": 7000000,
        "otherthantemporaryimpairmentlossesinvestmentsportionrecognizedinearningsnetavailableforsalesecurities": 3000000,
        "interestexpense": -34000000,
        "incomelossfromcontinuingoperationsbeforeincometaxes": 331000000,
        "incometaxexpensebenefit": 4000000,
        "weightedaveragenumberofsharesoutstandingbasic": 505000000,
        "weightedaveragenumberofdilutedsharesoutstanding": 507000000,
        "earningspersharebasic": 0.22,
        "earningspersharediluted": 0.22,
        "commonstockdividendspersharecashpaid": 0.43
    },
    {
        "date": "2017-03-30",
        "symbol": "PEG",
        "period": "Q1",
        "netincomeloss": -15000000,
        "othercomprehensiveincomelossavailableforsalesecuritiesadjustmentnetoftax": -1000000,
        "othercomprehensiveincomelosspensionandotherpostretirementbenefitplansadjustmentnetoftax": -5000000,
        "othercomprehensiveincomelossnetoftax": 15000000,
        "comprehensiveincomenetoftaxincludingportionattributabletononcontrollinginterest": 298000000,
        "othercomprehensiveincomelossavailableforsalesecuritiestax": -1000000,
        "othercomprehensiveincomelosspensionandotherpostretirementbenefitplanstax": -4000000,
        "revenues": 83000000,
        "costofservicesenergyservices": 753000000,
        "utilitiesoperatingexpensemaintenanceandoperations": 367000000,
        "costofgoodssolddepreciationandamortization": 171000000,
        "operatingexpenses": -38000000,
        "operatingincomeloss": -299000000,
        "incomelossfromequitymethodinvestments": 162000000,
        "othernonoperatingincome": -28000000,
        "othernonoperatingexpense": 6000000,
        "otherthantemporaryimpairmentlossesinvestmentsportionrecognizedinearningsnetavailableforsalesecurities": 1000000,
        "interestexpense": -28000000,
        "incomelossfromcontinuingoperationsbeforeincometaxes": 470000000,
        "incometaxexpensebenefit": -4000000,
        "weightedaveragenumberofsharesoutstandingbasic": 505000000,
        "weightedaveragenumberofdilutedsharesoutstanding": 508000000,
        "earningspersharebasic": 0.23,
        "earningspersharediluted": 0.22,
        "commonstockdividendspersharecashpaid": 0.43
    },
    {
        "date": "2016-12-30",
        "symbol": "PEG",
        "period": "Q4",
        "netincomeloss": 918000000,
        "othercomprehensiveincomelossderivativesqualifyingashedgesnetoftax": 0,
        "othercomprehensiveincomelosspensionandotherpostretirementbenefitplansadjustmentnetoftax": 34000000,
        "othercomprehensiveincomelossnetoftax": -18000000,
        "comprehensiveincomenetoftaxincludingportionattributabletononcontrollinginterest": 192000000,
        "othercomprehensiveincomelossavailableforsalesecuritiestax": -7000000,
        "othercomprehensiveincomelosspensionandotherpostretirementbenefitplanstax": 6000000,
        "revenues": 3767000000,
        "costofservicesenergyservices": 588000000,
        "utilitiesoperatingexpensemaintenanceandoperations": 365000000,
        "costofgoodssolddepreciationandamortization": -382000000,
        "operatingexpenses": 4100000000,
        "operatingincomeloss": 1000000,
        "incomelossfromequitymethodinvestments": 357000000,
        "othernonoperatingincome": 168000000,
        "othernonoperatingexpense": 26000000,
        "otherthantemporaryimpairmentlossesinvestmentsportionrecognizedinearningsnetavailableforsalesecurities": 3000000,
        "interestexpense": 150000000,
        "incomelossfromcontinuingoperationsbeforeincometaxes": 315000000,
        "incometaxexpensebenefit": -59000000,
        "earningspersharebasic": -0.19000000000000017,
        "earningspersharediluted": -0.18999999999999972
    },
    {
        "date": "2016-09-29",
        "symbol": "PEG",
        "period": "Q3",
        "netincomeloss": -212000000,
        "othercomprehensiveincomelossavailableforsalesecuritiesadjustmentnetoftax": 0,
        "othercomprehensiveincomelossderivativesqualifyingashedgesnetoftax": 1000000,
        "othercomprehensiveincomelosspensionandotherpostretirementbenefitplansadjustmentnetoftax": -7000000,
        "othercomprehensiveincomelossnetoftax": 24000000,
        "comprehensiveincomenetoftaxincludingportionattributabletononcontrollinginterest": 255000000,
        "othercomprehensiveincomelossavailableforsalesecuritiestax": 23000000,
        "othercomprehensiveincomelosspensionandotherpostretirementbenefitplanstax": -5000000,
        "revenues": -1771000000,
        "costofservicesenergyservices": 721000000,
        "utilitiesoperatingexpensemaintenanceandoperations": 376000000,
        "costofgoodssolddepreciationandamortization": 137000000,
        "operatingexpenses": -1786000000,
        "operatingincomeloss": -319000000,
        "incomelossfromequitymethodinvestments": -352000000,
        "othernonoperatingincome": -117000000,
        "othernonoperatingexpense": 4000000,
        "otherthantemporaryimpairmentlossesinvestmentsportionrecognizedinearningsnetavailableforsalesecurities": 5000000,
        "interestexpense": -108000000,
        "incomelossfromcontinuingoperationsbeforeincometaxes": 399000000,
        "incometaxexpensebenefit": -120000000,
        "earningspersharebasic": 0.65,
        "earningspersharediluted": 0.6399999999999998,
        "commonstockdividendspersharecashpaid": 0.4100000000000001
    },
    {
        "date": "2016-06-29",
        "symbol": "PEG",
        "period": "Q2",
        "netincomeloss": -11000000,
        "othercomprehensiveincomelossavailableforsalesecuritiesadjustmentnetoftax": -15000000,
        "othercomprehensiveincomelossderivativesqualifyingashedgesnetoftax": -1000000,
        "othercomprehensiveincomelosspensionandotherpostretirementbenefitplansadjustmentnetoftax": -7000000,
        "othercomprehensiveincomelossnetoftax": 10000000,
        "comprehensiveincomenetoftaxincludingportionattributabletononcontrollinginterest": 180000000,
        "othercomprehensiveincomelossavailableforsalesecuritiestax": 9000000,
        "othercomprehensiveincomelossderivativesqualifyingashedgestax": 0,
        "othercomprehensiveincomelosspensionandotherpostretirementbenefitplanstax": -5000000,
        "revenues": 714000000,
        "costofservicesenergyservices": 529000000,
        "utilitiesoperatingexpensemaintenanceandoperations": 352000000,
        "costofgoodssolddepreciationandamortization": 136000000,
        "operatingexpenses": 726000000,
        "operatingincomeloss": -12000000,
        "incomelossfromequitymethodinvestments": 4000000,
        "othernonoperatingincome": 25000000,
        "othernonoperatingexpense": 9000000,
        "otherthantemporaryimpairmentlossesinvestmentsportionrecognizedinearningsnetavailableforsalesecurities": 10000000,
        "interestexpense": 20000000,
        "incomelossfromcontinuingoperationsbeforeincometaxes": 277000000,
        "incometaxexpensebenefit": -11000000,
        "weightedaveragenumberofsharesoutstandingbasic": 0,
        "weightedaveragenumberofdilutedsharesoutstanding": 0,
        "earningspersharebasic": 0.37,
        "earningspersharediluted": 0.37,
        "commonstockdividendspersharecashpaid": 0.41
    },
    {
        "date": "2016-03-30",
        "symbol": "PEG",
        "period": "Q1",
        "netincomeloss": 192000000,
        "othercomprehensiveincomelossavailableforsalesecuritiesadjustmentnetoftax": 16000000,
        "othercomprehensiveincomelossderivativesqualifyingashedgesnetoftax": 2000000,
        "othercomprehensiveincomelosspensionandotherpostretirementbenefitplansadjustmentnetoftax": -7000000,
        "othercomprehensiveincomelossnetoftax": 16000000,
        "comprehensiveincomenetoftaxincludingportionattributabletononcontrollinginterest": 262000000,
        "othercomprehensiveincomelossavailableforsalesecuritiestax": 16000000,
        "othercomprehensiveincomelossderivativesqualifyingashedgestax": 1000000,
        "othercomprehensiveincomelosspensionandotherpostretirementbenefitplanstax": -5000000,
        "revenues": 1313000000,
        "costofservicesenergyservices": 729000000,
        "utilitiesoperatingexpensemaintenanceandoperations": 382000000,
        "costofgoodssolddepreciationandamortization": 139000000,
        "operatingexpenses": 970000000,
        "operatingincomeloss": 343000000,
        "incomelossfromequitymethodinvestments": 2000000,
        "othernonoperatingincome": 26000000,
        "othernonoperatingexpense": 18000000,
        "otherthantemporaryimpairmentlossesinvestmentsportionrecognizedinearningsnetavailableforsalesecurities": 10000000,
        "interestexpense": 22000000,
        "incomelossfromcontinuingoperationsbeforeincometaxes": 413000000,
        "incometaxexpensebenefit": 129000000,
        "weightedaveragenumberofsharesoutstandingbasic": 505000000,
        "weightedaveragenumberofdilutedsharesoutstanding": 508000000,
        "earningspersharebasic": 0.93,
        "earningspersharediluted": 0.93,
        "commonstockdividendspersharecashpaid": 0.41
    },
    {
        "date": "2015-12-30",
        "symbol": "PEG",
        "period": "Q4",
        "netincomeloss": 972000000,
        "othercomprehensiveincomelosspensionandotherpostretirementbenefitplansadjustmentnetoftax": -3000000,
        "othercomprehensiveincomelossnetoftax": 20000000,
        "comprehensiveincomenetoftaxincludingportionattributabletononcontrollinginterest": 156000000,
        "othercomprehensiveincomelossavailableforsalesecuritiestax": 1000000,
        "othercomprehensiveincomelosspensionandotherpostretirementbenefitplanstax": 31000000,
        "revenues": 1082000000,
        "costofservicesenergyservices": 546000000,
        "costofgoodssolddepreciationandamortization": -681000000,
        "operatingexpenses": 855000000,
        "operatingincomeloss": 227000000,
        "incomelossfromequitymethodinvestments": 3000000,
        "othernonoperatingincome": 60000000,
        "othernonoperatingexpense": 40000000,
        "otherthantemporaryimpairmentlossesinvestmentsportionrecognizedinearningsnetavailableforsalesecurities": 8000000,
        "interestexpense": 27000000,
        "incomelossfromcontinuingoperationsbeforeincometaxes": 228000000,
        "incometaxexpensebenefit": 66000000,
        "earningspersharebasic": 0.6100000000000001,
        "earningspersharediluted": 0.5999999999999996
    },
    {
        "date": "2015-09-29",
        "symbol": "PEG",
        "period": "Q3",
        "netincomeloss": 206000000,
        "othercomprehensiveincomelossavailableforsalesecuritiesadjustmentnetoftax": 0,
        "othercomprehensiveincomelosspensionandotherpostretirementbenefitplansadjustmentnetoftax": -7000000,
        "othercomprehensiveincomelossnetoftax": -31000000,
        "comprehensiveincomenetoftaxincludingportionattributabletononcontrollinginterest": 222000000,
        "othercomprehensiveincomelossavailableforsalesecuritiestax": -32000000,
        "othercomprehensiveincomelosspensionandotherpostretirementbenefitplanstax": -5000000,
        "revenues": 1096000000,
        "costofservicesenergyservices": 740000000,
        "utilitiesoperatingexpensemaintenanceandoperations": 0,
        "costofgoodssolddepreciationandamortization": 231000000,
        "operatingexpenses": 705000000,
        "operatingincomeloss": 391000000,
        "incomelossfromequitymethodinvestments": 3000000,
        "othernonoperatingincome": 25000000,
        "othernonoperatingexpense": 14000000,
        "otherthantemporaryimpairmentlossesinvestmentsportionrecognizedinearningsnetavailableforsalesecurities": 30000000,
        "interestexpense": 30000000,
        "incomelossfromcontinuingoperationsbeforeincometaxes": 359000000,
        "incometaxexpensebenefit": 139000000,
        "earningspersharebasic": 0.8699999999999999,
        "earningspersharediluted": 0.8700000000000001,
        "commonstockdividendspersharecashpaid": 0.3899999999999999
    },
    {
        "date": "2015-06-29",
        "symbol": "PEG",
        "period": "Q2",
        "netincomeloss": 492000000,
        "othercomprehensiveincomelossavailableforsalesecuritiesadjustmentnetoftax": -15000000,
        "othercomprehensiveincomelossderivativesqualifyingashedgesnetoftax": 0,
        "othercomprehensiveincomelosspensionandotherpostretirementbenefitplansadjustmentnetoftax": -7000000,
        "othercomprehensiveincomelossnetoftax": -15000000,
        "comprehensiveincomenetoftaxincludingportionattributabletononcontrollinginterest": 166000000,
        "othercomprehensiveincomelossavailableforsalesecuritiestax": -14000000,
        "othercomprehensiveincomelossderivativesqualifyingashedgestax": 0,
        "othercomprehensiveincomelosspensionandotherpostretirementbenefitplanstax": -5000000,
        "revenues": 3440000000,
        "costofservicesenergyservices": 544000000,
        "utilitiesoperatingexpensemaintenanceandoperations": 5000000,
        "costofgoodssolddepreciationandamortization": 234000000,
        "operatingexpenses": 797000000,
        "operatingincomeloss": 228000000,
        "incomelossfromequitymethodinvestments": 5000000,
        "othernonoperatingincome": 55000000,
        "othernonoperatingexpense": 7000000,
        "otherthantemporaryimpairmentlossesinvestmentsportionrecognizedinearningsnetavailableforsalesecurities": 10000000,
        "interestexpense": 33000000,
        "incomelossfromcontinuingoperationsbeforeincometaxes": 271000000,
        "incometaxexpensebenefit": 72000000,
        "weightedaveragenumberofsharesoutstandingbasic": 0,
        "weightedaveragenumberofdilutedsharesoutstanding": 0,
        "earningspersharebasic": 0.6800000000000002,
        "earningspersharediluted": 0.6800000000000002,
        "commonstockdividendspersharecashpaid": 0.39
    },
    {
        "date": "2015-03-30",
        "symbol": "PEG",
        "period": "Q1",
        "netincomeloss": 9000000,
        "othercomprehensiveincomelossavailableforsalesecuritiesadjustmentnetoftax": 14000000,
        "othercomprehensiveincomelossderivativesqualifyingashedgesnetoftax": -9000000,
        "othercomprehensiveincomelosspensionandotherpostretirementbenefitplansadjustmentnetoftax": -7000000,
        "othercomprehensiveincomelossnetoftax": 14000000,
        "comprehensiveincomenetoftaxincludingportionattributabletononcontrollinginterest": 242000000,
        "othercomprehensiveincomelossavailableforsalesecuritiestax": 13000000,
        "othercomprehensiveincomelossderivativesqualifyingashedgestax": -7000000,
        "othercomprehensiveincomelosspensionandotherpostretirementbenefitplanstax": -5000000,
        "revenues": -690000000,
        "costofservicesenergyservices": 892000000,
        "utilitiesoperatingexpensemaintenanceandoperations": -15000000,
        "costofgoodssolddepreciationandamortization": 247000000,
        "operatingexpenses": 1141000000,
        "operatingincomeloss": 584000000,
        "incomelossfromequitymethodinvestments": 3000000,
        "othernonoperatingincome": 29000000,
        "othernonoperatingexpense": 11000000,
        "otherthantemporaryimpairmentlossesinvestmentsportionrecognizedinearningsnetavailableforsalesecurities": 5000000,
        "interestexpense": 31000000,
        "incomelossfromcontinuingoperationsbeforeincometaxes": 399000000,
        "incometaxexpensebenefit": 234000000,
        "weightedaveragenumberofsharesoutstandingbasic": 506000000,
        "weightedaveragenumberofdilutedsharesoutstanding": 508000000,
        "earningspersharebasic": 1.16,
        "earningspersharediluted": 1.15,
        "commonstockdividendspersharecashpaid": 0.39
    },
    {
        "date": "2014-12-30",
        "symbol": "PEG",
        "period": "Q4",
        "netincomeloss": 1685000000,
        "othercomprehensiveincomelossavailableforsalesecuritiesadjustmentnetoftax": -11000000,
        "othercomprehensiveincomelossderivativesqualifyingashedgesnetoftax": 8000000,
        "othercomprehensiveincomelosspensionandotherpostretirementbenefitplansadjustmentnetoftax": 154000000,
        "othercomprehensiveincomelossnetoftax": -164000000,
        "comprehensiveincomenetoftaxincludingportionattributabletononcontrollinginterest": 160000000,
        "othercomprehensiveincomelossavailableforsalesecuritiestax": -5000000,
        "othercomprehensiveincomelosspensionandotherpostretirementbenefitplanstax": -97000000,
        "revenues": -4579000000,
        "costofservicesenergyservices": 631000000,
        "utilitiesoperatingexpensemaintenanceandoperations": 1535000000,
        "costofgoodssolddepreciationandamortization": -653000000,
        "operatingexpenses": 4149000000,
        "operatingincomeloss": -609000000,
        "incomelossfromequitymethodinvestments": 120000000,
        "othernonoperatingincome": 159000000,
        "othernonoperatingexpense": 37000000,
        "interestexpense": -60000000,
        "incomelossfromcontinuingoperationsbeforeincometaxes": 254000000,
        "incometaxexpensebenefit": -169000000,
        "weightedaveragenumberofsharesoutstandingbasic": -1011814000,
        "weightedaveragenumberofdilutedsharesoutstanding": -1015309000,
        "earningspersharebasic": 0.9400000000000002,
        "earningspersharediluted": 0.9400000000000002
    },
    {
        "date": "2014-09-29",
        "symbol": "PEG",
        "period": "Q3",
        "netincomeloss": -225000000,
        "othercomprehensiveincomelossavailableforsalesecuritiesadjustmentnetoftax": 1000000,
        "othercomprehensiveincomelossderivativesqualifyingashedgesnetoftax": 1000000,
        "othercomprehensiveincomelosspensionandotherpostretirementbenefitplansadjustmentnetoftax": -2000000,
        "othercomprehensiveincomelossnetoftax": -30000000,
        "comprehensiveincomenetoftaxincludingportionattributabletononcontrollinginterest": 201000000,
        "othercomprehensiveincomelossavailableforsalesecuritiestax": -34000000,
        "othercomprehensiveincomelossderivativesqualifyingashedgestax": 1000000,
        "othercomprehensiveincomelosspensionandotherpostretirementbenefitplanstax": -1000000,
        "revenues": 1138000000,
        "costofservicesenergyservices": 668000000,
        "utilitiesoperatingexpensemaintenanceandoperations": 4000000,
        "costofgoodssolddepreciationandamortization": 238000000,
        "operatingexpenses": 32000000,
        "operatingincomeloss": 353000000,
        "incomelossfromequitymethodinvestments": -1000000,
        "othernonoperatingincome": 9000000,
        "othernonoperatingexpense": 4000000,
        "impairmentofinvestments": 10000000,
        "interestexpense": 4000000,
        "incomelossfromcontinuingoperationsbeforeincometaxes": 326000000,
        "incometaxexpensebenefit": 144000000,
        "weightedaveragenumberofsharesoutstandingbasic": 505862000,
        "weightedaveragenumberofdilutedsharesoutstanding": 507422000,
        "earningspersharebasic": 0.88,
        "earningspersharediluted": 0.87,
        "commonstockdividendspersharecashpaid": 0.37
    },
    {
        "date": "2014-06-29",
        "symbol": "PEG",
        "period": "Q2",
        "netincomeloss": 54000000,
        "othercomprehensiveincomelossavailableforsalesecuritiesadjustmentnetoftax": 9000000,
        "othercomprehensiveincomelossderivativesqualifyingashedgesnetoftax": 2000000,
        "othercomprehensiveincomelosspensionandotherpostretirementbenefitplansadjustmentnetoftax": -2000000,
        "othercomprehensiveincomelossnetoftax": 2000000,
        "comprehensiveincomenetoftaxincludingportionattributabletononcontrollinginterest": 151000000,
        "othercomprehensiveincomelossavailableforsalesecuritiestax": 9000000,
        "othercomprehensiveincomelossderivativesqualifyingashedgestax": 1000000,
        "othercomprehensiveincomelosspensionandotherpostretirementbenefitplanstax": -1000000,
        "revenues": -28000000,
        "costofservicesenergyservices": 565000000,
        "utilitiesoperatingexpensemaintenanceandoperations": 10000000,
        "costofgoodssolddepreciationandamortization": 217000000,
        "operatingexpenses": 40000000,
        "operatingincomeloss": -5000000,
        "incomelossfromequitymethodinvestments": 57000000,
        "othernonoperatingincome": 46000000,
        "othernonoperatingexpense": 1000000,
        "impairmentofinvestments": 2000000,
        "interestexpense": 6000000,
        "incomelossfromcontinuingoperationsbeforeincometaxes": 237000000,
        "incometaxexpensebenefit": 22000000,
        "weightedaveragenumberofsharesoutstandingbasic": 505875000,
        "weightedaveragenumberofdilutedsharesoutstanding": 508056000,
        "earningspersharebasic": 0.42,
        "earningspersharediluted": 0.42,
        "commonstockdividendspersharecashpaid": 0.37
    },
    {
        "date": "2014-03-30",
        "symbol": "PEG",
        "period": "Q1",
        "netincomeloss": 4000000,
        "othercomprehensiveincomelossavailableforsalesecuritiesadjustmentnetoftax": 2000000,
        "othercomprehensiveincomelossderivativesqualifyingashedgesnetoftax": 1000000,
        "othercomprehensiveincomelosspensionandotherpostretirementbenefitplansadjustmentnetoftax": -3000000,
        "othercomprehensiveincomelossnetoftax": 4000000,
        "comprehensiveincomenetoftaxincludingportionattributabletononcontrollinginterest": 214000000,
        "othercomprehensiveincomelossavailableforsalesecuritiestax": 2000000,
        "othercomprehensiveincomelossderivativesqualifyingashedgestax": 1000000,
        "othercomprehensiveincomelosspensionandotherpostretirementbenefitplanstax": -2000000,
        "revenues": 1700000000,
        "costofservicesenergyservices": 1045000000,
        "utilitiesoperatingexpensemaintenanceandoperations": 9000000,
        "costofgoodssolddepreciationandamortization": 227000000,
        "operatingexpenses": 4000000,
        "operatingincomeloss": 282000000,
        "incomelossfromequitymethodinvestments": -177000000,
        "othernonoperatingincome": 8000000,
        "othernonoperatingexpense": 10000000,
        "impairmentofinvestments": 2000000,
        "interestexpense": 28000000,
        "incomelossfromcontinuingoperationsbeforeincometaxes": 357000000,
        "incometaxexpensebenefit": 1000000,
        "weightedaveragenumberofsharesoutstandingbasic": 506077000,
        "weightedaveragenumberofdilutedsharesoutstanding": 507831000,
        "earningspersharebasic": 0.76,
        "earningspersharediluted": 0.76,
        "commonstockdividendspersharecashpaid": 0.37
    },
    {
        "date": "2013-09-29",
        "symbol": "PEG",
        "period": "Q3",
        "netincomeloss": 221000000,
        "othercomprehensiveincomelossavailableforsalesecuritiesadjustmentnetoftax": 17000000,
        "othercomprehensiveincomelossderivativesqualifyingashedgesnetoftax": -1000000,
        "othercomprehensiveincomelosspensionandotherpostretirementbenefitplansadjustmentnetoftax": -8000000,
        "othercomprehensiveincomelossnetoftax": 17000000,
        "comprehensiveincomenetoftaxincludingportionattributabletononcontrollinginterest": 168000000,
        "othercomprehensiveincomelossavailableforsalesecuritiestax": 18000000,
        "othercomprehensiveincomelossderivativesqualifyingashedgestax": -1000000,
        "othercomprehensiveincomelosspensionandotherpostretirementbenefitplanstax": -6000000,
        "revenues": -408000000,
        "costofservicesenergyservices": 661000000,
        "utilitiesoperatingexpensemaintenanceandoperations": 17000000,
        "costofgoodssolddepreciationandamortization": 236000000,
        "exciseandsalestaxes": 15000000,
        "operatingexpenses": 2000000,
        "operatingincomeloss": 366000000,
        "incomelossfromequitymethodinvestments": 226000000,
        "othernonoperatingincome": 47000000,
        "othernonoperatingexpense": 11000000,
        "impairmentofinvestments": 3000000,
        "interestexpense": 26000000,
        "incomelossfromcontinuingoperationsbeforeincometaxes": 12000000,
        "incometaxexpensebenefit": 160000000,
        "weightedaveragenumberofsharesoutstandingbasic": 505858000,
        "weightedaveragenumberofdilutedsharesoutstanding": 507694000,
        "incomelossfromcontinuingoperationsperbasicshare": 0.77,
        "earningspersharebasic": 0.77,
        "incomelossfromcontinuingoperationsperdilutedshare": 0.77,
        "earningspersharediluted": 0.77,
        "commonstockdividendspersharecashpaid": 0.36
    },
    {
        "date": "2013-06-29",
        "symbol": "PEG",
        "period": "Q2",
        "netincomeloss": 204000000,
        "othercomprehensiveincomelossavailableforsalesecuritiesadjustmentnetoftax": -1000000,
        "othercomprehensiveincomelossreclassificationadjustmentonderivativesincludedinnetincomenetoftax": -1000000,
        "othercomprehensiveincomelosspensionandotherpostretirementbenefitplansadjustmentnetoftax": -8000000,
        "othercomprehensiveincomelossnetoftax": 8000000,
        "comprehensiveincomenetoftaxincludingportionattributabletononcontrollinginterest": 120000000,
        "othercomprehensiveincomelossavailableforsalesecuritiestax": -16000000,
        "othercomprehensiveincomelossreclassificationadjustmentonderivativesincludedinnetincometax": -1000000,
        "othercomprehensiveincomelosspensionandotherpostretirementbenefitplanstax": -6000000,
        "revenues": -379000000,
        "costofservicesenergyservices": 580000000,
        "utilitiesoperatingexpensemaintenanceandoperations": 22000000,
        "costofgoodssolddepreciationandamortization": 207000000,
        "exciseandsalestaxes": 14000000,
        "operatingexpenses": 2000000,
        "operatingincomeloss": 348000000,
        "incomelossfromequitymethodinvestments": 213000000,
        "othernonoperatingincome": 35000000,
        "othernonoperatingexpense": 9000000,
        "impairmentofinvestments": 2000000,
        "interestexpense": 29000000,
        "incomelossfromcontinuingoperationsbeforeincometaxes": -15000000,
        "incometaxexpensebenefit": 151000000,
        "weightedaveragenumberofsharesoutstandingbasic": 505900000,
        "weightedaveragenumberofdilutedsharesoutstanding": 507381000,
        "incomelossfromcontinuingoperationsperbasicshare": 0.66,
        "earningspersharebasic": 0.66,
        "incomelossfromcontinuingoperationsperdilutedshare": 0.66,
        "earningspersharediluted": 0.66,
        "commonstockdividendspersharecashpaid": 0.36
    },
    {
        "date": "2013-03-30",
        "symbol": "PEG",
        "period": "Q1",
        "netincomeloss": 137000000,
        "othercomprehensiveincomelossavailableforsalesecuritiesadjustmentnetoftax": 27000000,
        "othercomprehensiveincomelossreclassificationadjustmentonderivativesincludedinnetincomenetoftax": -4000000,
        "othercomprehensiveincomelosspensionandotherpostretirementbenefitplansadjustmentnetoftax": -9000000,
        "othercomprehensiveincomelossnetoftax": 33000000,
        "comprehensiveincomenetoftaxincludingportionattributabletononcontrollinginterest": 179000000,
        "othercomprehensiveincomelossavailableforsalesecuritiestax": 27000000,
        "othercomprehensiveincomelossreclassificationadjustmentonderivativesincludedinnetincometax": -2000000,
        "othercomprehensiveincomelosspensionandotherpostretirementbenefitplanstax": -5000000,
        "revenues": 1803000000,
        "costofservicesenergyservices": 967000000,
        "utilitiesoperatingexpensemaintenanceandoperations": 28000000,
        "costofgoodssolddepreciationandamortization": 215000000,
        "exciseandsalestaxes": 21000000,
        "operatingexpenses": -388000000,
        "operatingincomeloss": -1000000,
        "incomelossfromequitymethodinvestments": 149000000,
        "othernonoperatingincome": -10000000,
        "othernonoperatingexpense": 28000000,
        "impairmentofinvestments": 2000000,
        "interestexpense": 30000000,
        "incomelossfromcontinuingoperationsbeforeincometaxes": -11000000,
        "incometaxexpensebenefit": -1000000,
        "weightedaveragenumberofsharesoutstandingbasic": 505942000,
        "weightedaveragenumberofdilutedsharesoutstanding": 507220000,
        "incomelossfromcontinuingoperationsperbasicshare": 0.63,
        "earningspersharebasic": 0.63,
        "incomelossfromcontinuingoperationsperdilutedshare": 0.63,
        "earningspersharediluted": 0.63,
        "commonstockdividendspersharecashpaid": 0.36
    },
    {
        "date": "2012-12-30",
        "symbol": "PEG",
        "period": "Q4",
        "netincomeloss": 461000000,
        "othercomprehensiveincomeunrealizedgainlossonderivativesarisingduringperiodnetoftax": 4000000,
        "comprehensiveincomenetoftaxincludingportionattributabletononcontrollinginterest": 90000000,
        "othercomprehensiveincomeunrealizedgainlossonderivativesarisingduringperiodtax": 1000000,
        "revenues": 3736000000,
        "costofservicesenergyservices": 954000000,
        "utilitiesoperatingexpensemaintenanceandoperations": -986000000,
        "costofgoodssolddepreciationandamortization": 314000000,
        "exciseandsalestaxes": 25000000,
        "operatingexpenses": -965000000,
        "operatingincomeloss": 419000000,
        "incomelossfromequitymethodinvestments": 384000000,
        "othernonoperatingincome": 97000000,
        "othernonoperatingexpense": 2000000,
        "impairmentofinvestments": 4000000,
        "interestexpense": 92000000,
        "incomelossfromcontinuingoperationsbeforeincometaxes": 121000000,
        "incometaxexpensebenefit": 554000000,
        "incomelossfromcontinuingoperationsincludingportionattributabletononcontrollinginterest": 737000000,
        "weightedaveragenumberofsharesoutstandingbasic": -1011894000,
        "weightedaveragenumberofdilutedsharesoutstanding": -1014023000,
        "incomelossfromcontinuingoperationsperbasicshare": 0.44000000000000017,
        "earningspersharebasic": 0.44000000000000017,
        "incomelossfromcontinuingoperationsperdilutedshare": 0.4399999999999997,
        "earningspersharediluted": 0.4399999999999997,
        "commonstockdividendspersharecashpaid": 0.355
    },
    {
        "date": "2012-09-29",
        "symbol": "PEG",
        "period": "Q3",
        "netincomeloss": 181000000,
        "othercomprehensiveincomelossavailableforsalesecuritiesadjustmentnetoftax": 1000000,
        "othercomprehensiveincomeunrealizedgainlossonderivativesarisingduringperiodnetoftax": -2000000,
        "othercomprehensiveincomelossreclassificationadjustmentonderivativesincludedinnetincomenetoftax": -9000000,
        "othercomprehensiveincomelosspensionandotherpostretirementbenefitplansadjustmentnetoftax": -7000000,
        "othercomprehensiveincomelossnetoftax": -15000000,
        "comprehensiveincomenetoftaxincludingportionattributabletononcontrollinginterest": 156000000,
        "othercomprehensiveincomelossavailableforsalesecuritiestax": 1000000,
        "othercomprehensiveincomeunrealizedgainlossonderivativesarisingduringperiodtax": -1000000,
        "othercomprehensiveincomelossreclassificationadjustmentonderivativesincludedinnetincometax": -7000000,
        "othercomprehensiveincomelosspensionandotherpostretirementbenefitplanstax": -4000000,
        "revenues": -356000000,
        "costofservicesenergyservices": 756000000,
        "utilitiesoperatingexpensemaintenanceandoperations": 366000000,
        "costofgoodssolddepreciationandamortization": 216000000,
        "exciseandsalestaxes": 24000000,
        "operatingexpenses": -355000000,
        "operatingincomeloss": 263000000,
        "incomelossfromequitymethodinvestments": 191000000,
        "othernonoperatingincome": 104000000,
        "othernonoperatingexpense": 20000000,
        "impairmentofinvestments": 2000000,
        "interestexpense": 5000000,
        "incomelossfromcontinuingoperationsbeforeincometaxes": 258000000,
        "incometaxexpensebenefit": 142000000,
        "incomelossfromcontinuingoperationsincludingportionattributabletononcontrollinginterest": 181000000,
        "weightedaveragenumberofsharesoutstandingbasic": 505914000,
        "weightedaveragenumberofdilutedsharesoutstanding": 507111000,
        "incomelossfromcontinuingoperationsperbasicshare": 0.69,
        "earningspersharebasic": 0.69,
        "incomelossfromcontinuingoperationsperdilutedshare": 0.68,
        "earningspersharediluted": 0.68,
        "commonstockdividendspersharecashpaid": 0.355
    },
    {
        "date": "2012-06-29",
        "symbol": "PEG",
        "period": "Q2",
        "revenues": 985000000,
        "costofservicesenergyservices": 447000000,
        "utilitiesoperatingexpensemaintenanceandoperations": 284000000,
        "costofgoodssolddepreciationandamortization": 58000000,
        "exciseandsalestaxes": 20000000,
        "operatingexpenses": 2000000,
        "operatingincomeloss": -2000000,
        "incomelossfromequitymethodinvestments": 116000000,
        "othernonoperatingincome": 2000000,
        "othernonoperatingexpense": 1000000,
        "impairmentofinvestments": 7000000,
        "interestexpense": 31000000,
        "incomelossfromcontinuingoperationsbeforeincometaxes": 177000000,
        "incometaxexpensebenefit": -10000000,
        "incomelossfromcontinuingoperationsincludingportionattributabletononcontrollinginterest": 104000000,
        "netincomeloss": 2000000,
        "weightedaveragenumberofsharesoutstandingbasic": 505903000,
        "weightedaveragenumberofdilutedsharesoutstanding": 506969000,
        "incomelossfromcontinuingoperationsperbasicshare": 0.42,
        "earningspersharebasic": 0.42,
        "incomelossfromcontinuingoperationsperdilutedshare": 0.42,
        "earningspersharediluted": 0.42,
        "commonstockdividendspersharecashpaid": 0.355,
        "othercomprehensiveincomelossavailableforsalesecuritiesadjustmentnetoftax": -15000000,
        "othercomprehensiveincomeunrealizedgainlossonderivativesarisingduringperiodnetoftax": -5000000,
        "othercomprehensiveincomelossreclassificationadjustmentonderivativesincludedinnetincomenetoftax": -5000000,
        "othercomprehensiveincomelosspensionandotherpostretirementbenefitplansadjustmentnetoftax": -7000000,
        "othercomprehensiveincomelossnetoftax": -18000000,
        "comprehensiveincomenetoftaxincludingportionattributabletononcontrollinginterest": 86000000,
        "othercomprehensiveincomelossavailableforsalesecuritiestax": -17000000,
        "othercomprehensiveincomeunrealizedgainlossonderivativesarisingduringperiodtax": -3000000,
        "othercomprehensiveincomelossreclassificationadjustmentonderivativesincludedinnetincometax": -2000000,
        "othercomprehensiveincomelosspensionandotherpostretirementbenefitplanstax": 5000000
    },
    {
        "date": "2012-03-30",
        "symbol": "PEG",
        "period": "Q1",
        "revenues": 1873000000,
        "costofservicesenergyservices": 1002000000,
        "utilitiesoperatingexpensemaintenanceandoperations": 376000000,
        "costofgoodssolddepreciationandamortization": 190000000,
        "exciseandsalestaxes": 29000000,
        "operatingexpenses": 1433000000,
        "operatingincomeloss": 440000000,
        "incomelossfromequitymethodinvestments": -3000000,
        "othernonoperatingincome": 3000000,
        "othernonoperatingexpense": 8000000,
        "impairmentofinvestments": 5000000,
        "interestexpense": -10000000,
        "incomelossfromcontinuingoperationsbeforeincometaxes": 279000000,
        "incometaxexpensebenefit": -185000000,
        "incomelossfromcontinuingoperationsincludingportionattributabletononcontrollinginterest": 253000000,
        "netincomeloss": 3000000,
        "weightedaveragenumberofsharesoutstandingbasic": 506010000,
        "weightedaveragenumberofdilutedsharesoutstanding": 507029000,
        "incomelossfromcontinuingoperationsperbasicshare": 0.97,
        "earningspersharebasic": 0.97,
        "incomelossfromcontinuingoperationsperdilutedshare": 0.97,
        "earningspersharediluted": 0.97,
        "commonstockdividendspersharecashpaid": 0.355,
        "othercomprehensiveincomeavailableforsalesecuritiesadjustmentnetoftaxperiodincreasedecrease": -1000000,
        "othercomprehensiveincomeunrealizedgainlossonderivativesarisingduringperiodnetoftax": 20000000,
        "othercomprehensiveincomereclassificationadjustmentonderivativesincludedinnetincomenetoftax": -20000000,
        "othercomprehensiveincomedefinedbenefitplansadjustmentnetoftaxperiodincreasedecrease": 7000000,
        "othercomprehensiveincomelossnetoftaxperiodincreasedecrease": 44000000,
        "comprehensiveincomenetoftaxincludingportionattributabletononcontrollinginterest": 196000000,
        "othercomprehensiveincomeavailableforsalesecuritiestax": -1000000,
        "othercomprehensiveincomeunrealizedgainlossonderivativesarisingduringperiodtax": 14000000,
        "othercomprehensiveincomereclassificationadjustmentonderivativesincludedinnetincometax": -15000000,
        "othercomprehensiveincomedefinedbenefitplanstax": 5000000
    },
    {
        "date": "2011-09-29",
        "symbol": "PEG",
        "period": "Q3",
        "revenues": 1841000000,
        "costofservicesenergyservices": 943000000,
        "utilitiesoperatingexpensemaintenanceandoperations": 342000000,
        "costofgoodssolddepreciationandamortization": 197000000,
        "exciseandsalestaxes": 31000000,
        "operatingexpenses": 1513000000,
        "operatingincomeloss": 328000000,
        "incomelossfromequitymethodinvestments": 1000000,
        "othernonoperatingincome": 1000000,
        "othernonoperatingexpense": 1000000,
        "impairmentofinvestments": 8000000,
        "interestexpense": 77000000,
        "incomelossfromcontinuingoperationsbeforeincometaxes": 257000000,
        "incometaxexpensebenefit": 103000000,
        "incomelossfromcontinuingoperationsincludingportionattributabletononcontrollinginterest": 273000000,
        "incomelossfromdiscontinuedoperationsnetoftax": 4000000,
        "netincomeloss": -162000000,
        "netincomelossavailabletocommonstockholdersbasic": 154000000,
        "weightedaveragenumberofsharesoutstandingbasic": 505909000,
        "weightedaveragenumberofdilutedsharesoutstanding": 506999000,
        "incomelossfromcontinuingoperationsperbasicshare": 0.52,
        "earningspersharebasic": 0.58,
        "incomelossfromcontinuingoperationsperdilutedshare": 0.52,
        "earningspersharediluted": 0.58,
        "commonstockdividendspersharecashpaid": 0.3425,
        "discontinuedoperationtaxeffectofdiscontinuedoperation": 15000000
    },
    {
        "date": "2011-03-30",
        "symbol": "PEG",
        "period": "Q1",
        "revenues": 3354000000,
        "costofservicesenergyservices": 1563000000,
        "utilitiesoperatingexpensemaintenanceandoperations": 651000000,
        "costofgoodssolddepreciationandamortization": 241000000,
        "exciseandsalestaxes": 43000000,
        "operatingexpenses": 2498000000,
        "operatingincomeloss": 856000000,
        "incomelossfromequitymethodinvestments": 3000000,
        "othernonoperatingincome": 1000000,
        "othernonoperatingexpense": 1000000,
        "impairmentofinvestments": 4000000,
        "interestexpense": 127000000,
        "incomelossfromcontinuingoperationsbeforeincometaxes": 791000000,
        "incometaxexpensebenefit": 329000000,
        "incomelossfromcontinuingoperationsincludingportionattributabletononcontrollinginterest": 462000000,
        "incomelossfromdiscontinuedoperationsnetoftax": 11000000,
        "netincomeloss": 1000000,
        "weightedaveragenumberofsharesoutstandingbasic": 505979000,
        "weightedaveragenumberofdilutedsharesoutstanding": 507132000,
        "incomelossfromcontinuingoperationsperbasicshare": 0.91,
        "earningspersharebasic": 1.04,
        "incomelossfromcontinuingoperationsperdilutedshare": 0.91,
        "earningspersharediluted": 1.04,
        "commonstockdividendspersharecashpaid": 0.3425,
        "discontinuedoperationtaxeffectofdiscontinuedoperation": -36000000
    },
    {
        "date": "2010-09-29",
        "symbol": "PEG",
        "period": "Q3",
        "revenues": 3254000000,
        "costofservicesenergyservices": 1355000000,
        "utilitiesoperatingexpensemaintenanceandoperations": 601000000,
        "costofgoodssolddepreciationandamortization": 265000000,
        "exciseandsalestaxes": 31000000,
        "operatingexpenses": 2252000000,
        "operatingincomeloss": 1002000000,
        "incomelossfromequitymethodinvestments": 4000000,
        "othernonoperatingincome": 17000000,
        "othernonoperatingexpense": -1000000,
        "impairmentofinvestments": 3000000,
        "interestexpense": 120000000,
        "incomelossfromcontinuingoperationsbeforeincometaxes": 949000000,
        "incometaxexpensebenefit": 382000000,
        "netincomeloss": 28000000,
        "weightedaveragenumberofsharesoutstandingbasic": 505945000,
        "weightedaveragenumberofdilutedsharesoutstanding": 506968000,
        "earningspersharebasic": 1.12,
        "earningspersharediluted": 1.12,
        "commonstockdividendspersharecashpaid": 0.3425
    },
    {
        "date": "2010-03-30",
        "symbol": "PEG",
        "period": "Q1",
        "revenues": 3680000000,
        "costofservicesenergyservices": 1768000000,
        "utilitiesoperatingexpensemaintenanceandoperations": 704000000,
        "costofgoodssolddepreciationandamortization": 232000000,
        "exciseandsalestaxes": 42000000,
        "operatingexpenses": 2746000000,
        "operatingincomeloss": 934000000,
        "incomelossfromequitymethodinvestments": 3000000,
        "othernonoperatingincome": 43000000,
        "othernonoperatingexpense": 16000000,
        "impairmentofinvestments": 1000000,
        "interestexpense": 116000000,
        "incomelossfromcontinuingoperationsbeforeincometaxes": 847000000,
        "incometaxexpensebenefit": 356000000,
        "netincomeloss": 491000000,
        "weightedaveragenumberofsharesoutstandingbasic": 505950000,
        "weightedaveragenumberofdilutedsharesoutstanding": 507147000,
        "earningspersharebasic": 0.97,
        "earningspersharediluted": 0.97,
        "commonstockdividendspersharecashpaid": 0.3425
    },
    {
        "date": "2009-06-29",
        "symbol": "PEG",
        "period": "Q2",
        "revenues": 2561000000,
        "costofservicesenergyservices": 1067000000,
        "sellinggeneralandadministrativeexpense": 628000000,
        "costofgoodssolddepreciationandamortization": 203000000,
        "exciseandsalestaxes": 26000000,
        "operatingexpenses": 1924000000,
        "operatingincomeloss": 637000000,
        "incomelossfromequitymethodinvestments": 9000000,
        "gainlossonsaleofstockinsubsidiaryorequitymethodinvestee": -8000000,
        "othernonoperatingincome": 91000000,
        "othernonoperatingexpense": 44000000,
        "impairmentofinvestments": 1000000,
        "interestexpense": 133000000,
        "incomefromcontinuingoperationsbeforeincometaxes": 551000000,
        "incometaxexpensebenefit": 240000000,
        "incomelossfromcontinuingoperationsincludingportionattributabletononcontrollinginterest": 311000000,
        "netincomeloss": 311000000,
        "weightedaveragenumberofsharesoutstandingbasic": 505990000,
        "weightedaveragenumberofdilutedsharesoutstanding": 506936000,
        "incomelossfromcontinuingoperationsperbasicshare": 0.61,
        "earningspersharebasic": 0.61,
        "incomelossfromcontinuingoperationsperdilutedshare": 0.61,
        "earningspersharediluted": 0.61,
        "commonstockdividendspersharecashpaid": 0.3325
    }
]