[
    {
        "date": "2024-09-29",
        "symbol": "CLX",
        "period": "Q1",
        "revenuefromcontractwithcustomerexcludingassessedtax": 1762000000,
        "costofgoodsandservicessold": 955000000,
        "grossprofit": 807000000,
        "sellinggeneralandadministrativeexpense": 281000000,
        "advertisingexpense": 201000000,
        "researchanddevelopmentexpense": 31000000,
        "disposalgroupnotdiscontinuedoperationgainlossondisposal": -118000000,
        "interestexpense": 21000000,
        "otherexpenseincomenet": -22000000,
        "incomelossfromcontinuingoperationsbeforeincometaxesextraordinaryitemsnoncontrollinginterest": 177000000,
        "incometaxexpensebenefit": 74000000,
        "profitloss": 103000000,
        "netincomelossattributabletononcontrollinginterest": 4000000,
        "netincomeloss": 99000000,
        "earningspersharebasic": 0.8,
        "earningspersharediluted": 0.8,
        "weightedaveragenumberofsharesoutstandingbasic": 123795000,
        "weightedaveragenumberofdilutedsharesoutstanding": 124677000,
        "comprehensiveincomenetoftaxincludingportionattributabletononcontrollinginterest": 111000000,
        "comprehensiveincomenetoftaxattributabletononcontrollinginterest": 4000000,
        "comprehensiveincomenetoftax": 107000000
    },
    {
        "date": "2024-03-30",
        "symbol": "CLX",
        "period": "Q3",
        "revenuefromcontractwithcustomerexcludingassessedtax": 1814000000,
        "costofgoodsandservicessold": 1048000000,
        "grossprofit": 766000000,
        "sellinggeneralandadministrativeexpense": 301000000,
        "advertisingexpense": 215000000,
        "researchanddevelopmentexpense": 32000000,
        "disposalgroupnotdiscontinuedoperationgainlossondisposal": -240000000,
        "definedbenefitplanrecognizednetgainlossduetosettlementsandcurtailments1": -171000000,
        "interestexpense": 22000000,
        "otherexpenseincomenet": -2000000,
        "incomelossfromcontinuingoperationsbeforeincometaxesextraordinaryitemsnoncontrollinginterest": -42000000,
        "incometaxexpensebenefit": 8000000,
        "profitloss": -50000000,
        "netincomelossattributabletononcontrollinginterest": 1000000,
        "netincomeloss": -51000000,
        "earningspersharebasic": -0.41,
        "earningspersharediluted": -0.41,
        "weightedaveragenumberofsharesoutstandingbasic": 124249000,
        "weightedaveragenumberofdilutedsharesoutstanding": 124249000,
        "comprehensiveincomenetoftaxincludingportionattributabletononcontrollinginterest": 154000000,
        "comprehensiveincomenetoftaxattributabletononcontrollinginterest": 1000000,
        "comprehensiveincomenetoftax": 153000000
    },
    {
        "date": "2023-12-30",
        "symbol": "CLX",
        "period": "Q2",
        "revenuefromcontractwithcustomerexcludingassessedtax": 1990000000,
        "costofgoodsandservicessold": 1124000000,
        "grossprofit": 866000000,
        "sellinggeneralandadministrativeexpense": 322000000,
        "advertisingexpense": 186000000,
        "researchanddevelopmentexpense": 32000000,
        "definedbenefitplanrecognizednetgainlossduetosettlementsandcurtailments1": -171000000,
        "interestexpense": 26000000,
        "otherexpenseincomenet": -7000000,
        "incomelossfromcontinuingoperationsbeforeincometaxesextraordinaryitemsnoncontrollinginterest": 136000000,
        "incometaxexpensebenefit": 40000000,
        "profitloss": 96000000,
        "netincomelossattributabletononcontrollinginterest": 3000000,
        "netincomeloss": 93000000,
        "earningspersharebasic": 0.75,
        "earningspersharediluted": 0.75,
        "weightedaveragenumberofsharesoutstandingbasic": 124176000,
        "weightedaveragenumberofdilutedsharesoutstanding": 124620000,
        "comprehensiveincomenetoftaxincludingportionattributabletononcontrollinginterest": 231000000,
        "comprehensiveincomenetoftaxattributabletononcontrollinginterest": 3000000,
        "comprehensiveincomenetoftax": 228000000
    },
    {
        "date": "2023-09-29",
        "symbol": "CLX",
        "period": "Q1",
        "revenuefromcontractwithcustomerexcludingassessedtax": 1386000000,
        "costofgoodsandservicessold": 854000000,
        "grossprofit": 532000000,
        "sellinggeneralandadministrativeexpense": 276000000,
        "advertisingexpense": 165000000,
        "researchanddevelopmentexpense": 29000000,
        "interestexpense": 21000000,
        "otherexpenseincomenet": 12000000,
        "incomelossfromcontinuingoperationsbeforeincometaxesextraordinaryitemsnoncontrollinginterest": 29000000,
        "incometaxexpensebenefit": 4000000,
        "profitloss": 25000000,
        "netincomelossattributabletononcontrollinginterest": 3000000,
        "netincomeloss": 22000000,
        "earningspersharebasic": 0.17,
        "earningspersharediluted": 0.17,
        "weightedaveragenumberofsharesoutstandingbasic": 123973000,
        "weightedaveragenumberofdilutedsharesoutstanding": 124650000,
        "comprehensiveincomenetoftaxincludingportionattributabletononcontrollinginterest": 24000000,
        "comprehensiveincomenetoftaxattributabletononcontrollinginterest": 3000000,
        "comprehensiveincomenetoftax": 21000000
    },
    {
        "date": "2023-06-29",
        "symbol": "CLX",
        "period": "Q4",
        "revenuefromcontractwithcustomerexcludingassessedtax": 276000000,
        "costofgoodsandservicessold": 1157000000,
        "grossprofit": 862000000,
        "sellinggeneralandadministrativeexpense": 329000000,
        "advertisingexpense": 211000000,
        "researchanddevelopmentexpense": 38000000,
        "interestexpense": 21000000,
        "otherexpenseincomenet": 26000000,
        "incomelossfromcontinuingoperationsbeforeincometaxesextraordinaryitemsnoncontrollinginterest": 609000000,
        "incometaxexpensebenefit": 56000000,
        "profitloss": 154000000,
        "netincomelossattributabletononcontrollinginterest": 5000000,
        "netincomeloss": 176000000,
        "earningspersharebasic": 1.42,
        "earningspersharediluted": 1.4300000000000002,
        "weightedaveragenumberofsharesoutstandingbasic": -246945000,
        "weightedaveragenumberofdilutedsharesoutstanding": -247370000,
        "comprehensiveincomenetoftaxincludingportionattributabletononcontrollinginterest": 186000000,
        "comprehensiveincomenetoftaxattributabletononcontrollinginterest": 5000000,
        "comprehensiveincomenetoftax": 181000000
    },
    {
        "date": "2023-03-30",
        "symbol": "CLX",
        "period": "Q3",
        "revenuefromcontractwithcustomerexcludingassessedtax": 305000000,
        "costofgoodsandservicessold": 1115000000,
        "grossprofit": 800000000,
        "sellinggeneralandadministrativeexpense": 311000000,
        "advertisingexpense": 206000000,
        "researchanddevelopmentexpense": 35000000,
        "assetimpairmentcharges": 12000000,
        "interestexpense": 24000000,
        "otherexpenseincomenet": 24000000,
        "incomelossfromcontinuingoperationsbeforeincometaxesextraordinaryitemsnoncontrollinginterest": -152000000,
        "incometaxexpensebenefit": -36000000,
        "profitloss": 2000000,
        "netincomelossattributabletononcontrollinginterest": 2000000,
        "netincomeloss": -211000000,
        "earningspersharebasic": -1.71,
        "earningspersharediluted": -1.71,
        "weightedaveragenumberofsharesoutstandingbasic": 123649000,
        "weightedaveragenumberofdilutedsharesoutstanding": 123649000,
        "comprehensiveincomenetoftaxincludingportionattributabletononcontrollinginterest": -205000000,
        "comprehensiveincomenetoftaxattributabletononcontrollinginterest": 2000000,
        "comprehensiveincomenetoftax": -207000000
    },
    {
        "date": "2022-12-30",
        "symbol": "CLX",
        "period": "Q2",
        "revenuefromcontractwithcustomerexcludingassessedtax": 286000000,
        "costofgoodsandservicessold": 1095000000,
        "grossprofit": 620000000,
        "sellinggeneralandadministrativeexpense": 282000000,
        "advertisingexpense": 156000000,
        "researchanddevelopmentexpense": 33000000,
        "interestexpense": 23000000,
        "otherexpenseincomenet": -4000000,
        "incomelossfromcontinuingoperationsbeforeincometaxesextraordinaryitemsnoncontrollinginterest": -115000000,
        "incometaxexpensebenefit": 28000000,
        "profitloss": 3000000,
        "netincomelossattributabletononcontrollinginterest": 3000000,
        "netincomeloss": 99000000,
        "earningspersharebasic": 0.81,
        "earningspersharediluted": 0.8,
        "weightedaveragenumberofsharesoutstandingbasic": 123546000,
        "weightedaveragenumberofdilutedsharesoutstanding": 123988000,
        "comprehensiveincomenetoftaxincludingportionattributabletononcontrollinginterest": 115000000,
        "comprehensiveincomenetoftaxattributabletononcontrollinginterest": 3000000,
        "comprehensiveincomenetoftax": 112000000
    },
    {
        "date": "2022-09-29",
        "symbol": "CLX",
        "period": "Q1",
        "revenuefromcontractwithcustomerexcludingassessedtax": 285000000,
        "costofgoodsandservicessold": 1114000000,
        "grossprofit": 626000000,
        "sellinggeneralandadministrativeexpense": 261000000,
        "advertisingexpense": 161000000,
        "researchanddevelopmentexpense": 32000000,
        "interestexpense": 22000000,
        "otherexpenseincomenet": 34000000,
        "incomelossfromcontinuingoperationsbeforeincometaxesextraordinaryitemsnoncontrollinginterest": -104000000,
        "incometaxexpensebenefit": 29000000,
        "profitloss": 2000000,
        "netincomelossattributabletononcontrollinginterest": 2000000,
        "netincomeloss": 85000000,
        "earningspersharebasic": 0.69,
        "earningspersharediluted": 0.68,
        "weightedaveragenumberofsharesoutstandingbasic": 123339000,
        "weightedaveragenumberofdilutedsharesoutstanding": 123914000,
        "comprehensiveincomenetoftaxincludingportionattributabletononcontrollinginterest": 51000000,
        "comprehensiveincomenetoftaxattributabletononcontrollinginterest": 2000000,
        "comprehensiveincomenetoftax": 49000000
    },
    {
        "date": "2022-06-29",
        "symbol": "CLX",
        "period": "Q4",
        "revenuefromcontractwithcustomerexcludingassessedtax": 270000000,
        "costofgoodsandservicessold": 1133000000,
        "grossprofit": 668000000,
        "sellinggeneralandadministrativeexpense": 244000000,
        "advertisingexpense": 207000000,
        "researchanddevelopmentexpense": 34000000,
        "interestexpense": 37000000,
        "incomelossfromcontinuingoperationsbeforeincometaxesextraordinaryitemsnoncontrollinginterest": -80000000,
        "incometaxexpensebenefit": 25000000,
        "profitloss": 3000000,
        "netincomelossattributabletononcontrollinginterest": 3000000,
        "netincomeloss": 101000000,
        "earningspersharebasic": 0.8200000000000003,
        "earningspersharediluted": 0.8200000000000001,
        "weightedaveragenumberofsharesoutstandingbasic": -123086000,
        "weightedaveragenumberofdilutedsharesoutstanding": -123947000,
        "comprehensiveincomenetoftaxincludingportionattributabletononcontrollinginterest": 144000000,
        "comprehensiveincomenetoftaxattributabletononcontrollinginterest": 3000000,
        "comprehensiveincomenetoftax": 141000000
    },
    {
        "date": "2022-03-30",
        "symbol": "CLX",
        "period": "Q3",
        "revenuefromcontractwithcustomerexcludingassessedtax": 302000000,
        "costofgoodsandservicessold": 1160000000,
        "grossprofit": 649000000,
        "sellinggeneralandadministrativeexpense": 233000000,
        "advertisingexpense": 153000000,
        "researchanddevelopmentexpense": 31000000,
        "interestexpense": 21000000,
        "otherexpenseincomenet": 11000000,
        "incomelossfromcontinuingoperationsbeforeincometaxesextraordinaryitemsnoncontrollinginterest": -73000000,
        "incometaxexpensebenefit": 48000000,
        "profitloss": 2000000,
        "netincomelossattributabletononcontrollinginterest": 2000000,
        "netincomeloss": 150000000,
        "earningspersharebasic": 1.22,
        "earningspersharediluted": 1.21,
        "weightedaveragenumberofsharesoutstandingbasic": 123177000,
        "weightedaveragenumberofdilutedsharesoutstanding": 123877000,
        "comprehensiveincomenetoftaxincludingportionattributabletononcontrollinginterest": 207000000,
        "comprehensiveincomenetoftaxattributabletononcontrollinginterest": 2000000,
        "comprehensiveincomenetoftax": 205000000
    },
    {
        "date": "2021-12-30",
        "symbol": "CLX",
        "period": "Q2",
        "revenuefromcontractwithcustomerexcludingassessedtax": 296000000,
        "costofgoodsandservicessold": 1133000000,
        "grossprofit": 558000000,
        "sellinggeneralandadministrativeexpense": 241000000,
        "advertisingexpense": 167000000,
        "researchanddevelopmentexpense": 34000000,
        "interestexpense": 23000000,
        "otherexpenseincomenet": 0,
        "incomelossfromcontinuingoperationsbeforeincometaxesextraordinaryitemsnoncontrollinginterest": -72000000,
        "incometaxexpensebenefit": 21000000,
        "profitloss": 3000000,
        "netincomelossattributabletononcontrollinginterest": 3000000,
        "netincomeloss": 69000000,
        "earningspersharebasic": 0.56,
        "earningspersharediluted": 0.56,
        "weightedaveragenumberofsharesoutstandingbasic": 42000,
        "weightedaveragenumberofdilutedsharesoutstanding": -66000,
        "comprehensiveincomenetoftaxincludingportionattributabletononcontrollinginterest": 65000000,
        "comprehensiveincomenetoftaxattributabletononcontrollinginterest": 3000000,
        "comprehensiveincomenetoftax": 62000000
    },
    {
        "date": "2021-09-29",
        "symbol": "CLX",
        "period": "Q1",
        "revenuefromcontractwithcustomerexcludingassessedtax": 288000000,
        "costofgoodsandservicessold": 1136000000,
        "grossprofit": 670000000,
        "sellinggeneralandadministrativeexpense": 236000000,
        "advertisingexpense": 182000000,
        "researchanddevelopmentexpense": 33000000,
        "interestexpense": 25000000,
        "otherexpenseincomenet": 9000000,
        "incomelossfromcontinuingoperationsbeforeincometaxesextraordinaryitemsnoncontrollinginterest": -79000000,
        "incometaxexpensebenefit": 42000000,
        "profitloss": 1000000,
        "netincomelossattributabletononcontrollinginterest": 1000000,
        "netincomeloss": 142000000,
        "earningspersharebasic": 1.15,
        "earningspersharediluted": 1.14,
        "weightedaveragenumberofsharesoutstandingbasic": 122980000,
        "weightedaveragenumberofdilutedsharesoutstanding": 124042000,
        "comprehensiveincomenetoftaxincludingportionattributabletononcontrollinginterest": 122000000,
        "comprehensiveincomenetoftaxattributabletononcontrollinginterest": 1000000,
        "comprehensiveincomenetoftax": 121000000
    },
    {
        "date": "2021-06-29",
        "symbol": "CLX",
        "period": "Q4",
        "revenuefromcontractwithcustomerexcludingassessedtax": 1802000000,
        "costofgoodsandservicessold": 1134000000,
        "grossprofit": 668000000,
        "sellinggeneralandadministrativeexpense": 260000000,
        "advertisingexpense": 224000000,
        "researchanddevelopmentexpense": 45000000,
        "interestexpense": 25000000,
        "otherexpenseincomenet": 13000000,
        "incomelossfromcontinuingoperationsbeforeincometaxesextraordinaryitemsnoncontrollinginterest": 101000000,
        "profitloss": 100000000,
        "netincomelossattributabletononcontrollinginterest": 3000000,
        "netincomeloss": 97000000,
        "earningspersharebasic": 0.8000000000000003,
        "earningspersharediluted": 0.7999999999999994,
        "weightedaveragenumberofsharesoutstandingbasic": -487000,
        "weightedaveragenumberofdilutedsharesoutstanding": -731000,
        "comprehensiveincomenetoftaxincludingportionattributabletononcontrollinginterest": 107000000,
        "comprehensiveincomenetoftaxattributabletononcontrollinginterest": 3000000,
        "comprehensiveincomenetoftax": 104000000
    },
    {
        "date": "2021-03-30",
        "symbol": "CLX",
        "period": "Q3",
        "revenuefromcontractwithcustomerexcludingassessedtax": 1781000000,
        "costofgoodsandservicessold": 1007000000,
        "grossprofit": 774000000,
        "sellinggeneralandadministrativeexpense": 237000000,
        "advertisingexpense": 200000000,
        "researchanddevelopmentexpense": 32000000,
        "interestexpense": 25000000,
        "otherexpenseincomenet": 10000000,
        "incomelossfromcontinuingoperationsbeforeincometaxesextraordinaryitemsnoncontrollinginterest": -59000000,
        "incometaxexpensebenefit": 0,
        "profitloss": -59000000,
        "netincomelossattributabletononcontrollinginterest": 2000000,
        "netincomeloss": -61000000,
        "earningspersharebasic": -0.47999999999999954,
        "earningspersharediluted": -0.46999999999999975,
        "weightedaveragenumberofsharesoutstandingbasic": -126505000,
        "weightedaveragenumberofdilutedsharesoutstanding": -128834000,
        "comprehensiveincomenetoftaxincludingportionattributabletononcontrollinginterest": -37000000,
        "comprehensiveincomenetoftaxattributabletononcontrollinginterest": 2000000,
        "comprehensiveincomenetoftax": -39000000
    },
    {
        "date": "2020-12-30",
        "symbol": "CLX",
        "period": "Q2",
        "revenuefromcontractwithcustomerexcludingassessedtax": 1842000000,
        "costofgoodsandservicessold": 1005000000,
        "grossprofit": 837000000,
        "sellinggeneralandadministrativeexpense": 269000000,
        "advertisingexpense": 187000000,
        "researchanddevelopmentexpense": 40000000,
        "interestexpense": 24000000,
        "otherexpenseincomenet": -15000000,
        "incomelossfromcontinuingoperationsbeforeincometaxesextraordinaryitemsnoncontrollinginterest": 332000000,
        "incometaxexpensebenefit": 71000000,
        "profitloss": 261000000,
        "netincomelossattributabletononcontrollinginterest": 2000000,
        "netincomeloss": 259000000,
        "earningspersharebasic": 2.06,
        "earningspersharediluted": 2.03,
        "weightedaveragenumberofsharesoutstandingbasic": 126216000,
        "weightedaveragenumberofdilutedsharesoutstanding": 128135000,
        "comprehensiveincomenetoftaxincludingportionattributabletononcontrollinginterest": 309000000,
        "comprehensiveincomenetoftaxattributabletononcontrollinginterest": 2000000,
        "comprehensiveincomenetoftax": 307000000
    },
    {
        "date": "2020-09-29",
        "symbol": "CLX",
        "period": "Q1",
        "revenuefromcontractwithcustomerexcludingassessedtax": 1916000000,
        "costofgoodsandservicessold": 996000000,
        "grossprofit": 920000000,
        "sellinggeneralandadministrativeexpense": 238000000,
        "advertisingexpense": 179000000,
        "researchanddevelopmentexpense": 32000000,
        "interestexpense": 25000000,
        "otherexpenseincomenet": -80000000,
        "incomelossfromcontinuingoperationsbeforeincometaxesextraordinaryitemsnoncontrollinginterest": 526000000,
        "incometaxexpensebenefit": 109000000,
        "profitloss": 417000000,
        "netincomelossattributabletononcontrollinginterest": 2000000,
        "netincomeloss": 415000000,
        "earningspersharebasic": 3.28,
        "earningspersharediluted": 3.22,
        "weightedaveragenumberofsharesoutstandingbasic": 126346000,
        "weightedaveragenumberofdilutedsharesoutstanding": 128729000,
        "comprehensiveincomenetoftaxincludingportionattributabletononcontrollinginterest": 434000000,
        "comprehensiveincomenetoftaxattributabletononcontrollinginterest": 2000000,
        "comprehensiveincomenetoftax": 432000000
    },
    {
        "date": "2020-06-29",
        "symbol": "CLX",
        "period": "Q4",
        "revenuefromcontractwithcustomerexcludingassessedtax": 1983000000,
        "costofgoodsandservicessold": 1054000000,
        "grossprofit": 929000000,
        "sellinggeneralandadministrativeexpense": 279000000,
        "advertisingexpense": 214000000,
        "researchanddevelopmentexpense": 42000000,
        "interestexpense": 25000000,
        "otherexpenseincomenet": -26000000,
        "incomelossfromcontinuingoperationsbeforeincometaxesextraordinaryitemsnoncontrollinginterest": 395000000,
        "incometaxexpensebenefit": 85000000,
        "netincomeloss": 310000000,
        "earningspersharebasic": 2.45,
        "earningspersharediluted": 2.420000000000001,
        "weightedaveragenumberofsharesoutstandingbasic": -251096000,
        "weightedaveragenumberofdilutedsharesoutstanding": -254001000,
        "comprehensiveincomenetoftax": 326000000
    },
    {
        "date": "2020-03-30",
        "symbol": "CLX",
        "period": "Q3",
        "revenuefromcontractwithcustomerexcludingassessedtax": 1783000000,
        "costofgoodsandservicessold": 951000000,
        "grossprofit": 832000000,
        "sellinggeneralandadministrativeexpense": 269000000,
        "advertisingexpense": 184000000,
        "researchanddevelopmentexpense": 39000000,
        "interestexpense": 24000000,
        "otherexpenseincomenet": 19000000,
        "incomelossfromcontinuingoperationsbeforeincometaxesextraordinaryitemsnoncontrollinginterest": 297000000,
        "incometaxexpensebenefit": 56000000,
        "netincomeloss": 241000000,
        "earningspersharebasic": 1.92,
        "earningspersharediluted": 1.89,
        "weightedaveragenumberofsharesoutstandingbasic": 125661000,
        "weightedaveragenumberofdilutedsharesoutstanding": 127328000,
        "comprehensiveincomenetoftax": 186000000
    },
    {
        "date": "2019-12-30",
        "symbol": "CLX",
        "period": "Q2",
        "revenuefromcontractwithcustomerexcludingassessedtax": 1449000000,
        "costofgoodsandservicessold": 810000000,
        "grossprofit": 639000000,
        "sellinggeneralandadministrativeexpense": 210000000,
        "advertisingexpense": 140000000,
        "researchanddevelopmentexpense": 34000000,
        "interestexpense": 25000000,
        "otherexpenseincomenet": -5000000,
        "incomelossfromcontinuingoperationsbeforeincometaxesextraordinaryitemsnoncontrollinginterest": 235000000,
        "incometaxexpensebenefit": 50000000,
        "netincomeloss": 185000000,
        "earningspersharebasic": 1.48,
        "earningspersharediluted": 1.46,
        "weightedaveragenumberofsharesoutstandingbasic": 125440000,
        "weightedaveragenumberofdilutedsharesoutstanding": 126879000,
        "comprehensiveincomenetoftax": 199000000
    },
    {
        "date": "2019-09-29",
        "symbol": "CLX",
        "period": "Q1",
        "revenuefromcontractwithcustomerexcludingassessedtax": 1506000000,
        "costofgoodsandservicessold": 843000000,
        "grossprofit": 663000000,
        "sellinggeneralandadministrativeexpense": 211000000,
        "advertisingexpense": 137000000,
        "researchanddevelopmentexpense": 30000000,
        "interestexpense": 25000000,
        "otherexpenseincomenet": 2000000,
        "incomelossfromcontinuingoperationsbeforeincometaxesextraordinaryitemsnoncontrollinginterest": 258000000,
        "incometaxexpensebenefit": 55000000,
        "netincomeloss": 203000000,
        "earningspersharebasic": 1.61,
        "earningspersharediluted": 1.59,
        "weightedaveragenumberofsharesoutstandingbasic": 125823000,
        "weightedaveragenumberofdilutedsharesoutstanding": 127465000,
        "comprehensiveincomenetoftax": 190000000
    },
    {
        "date": "2019-06-29",
        "symbol": "CLX",
        "period": "Q4",
        "costofgoodsandservicessold": 893000000,
        "grossprofit": 734000000,
        "sellinggeneralandadministrativeexpense": 217000000,
        "advertisingexpense": 167000000,
        "researchanddevelopmentexpense": 38000000,
        "interestexpense": 25000000,
        "otherexpenseincomenet": -5000000,
        "incomelossfromcontinuingoperationsbeforeincometaxesextraordinaryitemsnoncontrollinginterest": 644000000,
        "incometaxexpensebenefit": 51000000,
        "incomelossfromcontinuingoperations": 241000000,
        "netincomeloss": 241000000,
        "incomelossfromcontinuingoperationsperbasicshare": 1.8900000000000001,
        "earningspersharebasic": 1.8900000000000001,
        "incomelossfromcontinuingoperationsperdilutedshare": 1.8600000000000008,
        "earningspersharediluted": 1.8600000000000008,
        "weightedaveragenumberofsharesoutstandingbasic": -256541000,
        "weightedaveragenumberofdilutedsharesoutstanding": -260514000,
        "comprehensiveincomenetoftax": 242000000
    },
    {
        "date": "2019-03-30",
        "symbol": "CLX",
        "period": "Q3",
        "revenuefromcontractwithcustomerexcludingassessedtax": 1551000000,
        "costofgoodsandservicessold": 878000000,
        "grossprofit": 673000000,
        "sellinggeneralandadministrativeexpense": 216000000,
        "advertisingexpense": 161000000,
        "researchanddevelopmentexpense": 34000000,
        "interestexpense": 24000000,
        "otherexpenseincomenet": -2000000,
        "incomelossfromcontinuingoperationsbeforeincometaxesextraordinaryitemsnoncontrollinginterest": 240000000,
        "incometaxexpensebenefit": 53000000,
        "incomelossfromcontinuingoperations": 187000000,
        "netincomeloss": 187000000,
        "incomelossfromcontinuingoperationsperbasicshare": 1.46,
        "earningspersharebasic": 1.46,
        "incomelossfromcontinuingoperationsperdilutedshare": 1.44,
        "earningspersharediluted": 1.44,
        "weightedaveragenumberofsharesoutstandingbasic": 128404000,
        "weightedaveragenumberofdilutedsharesoutstanding": 130266000,
        "comprehensiveincomenetoftax": 200000000
    },
    {
        "date": "2018-12-30",
        "symbol": "CLX",
        "period": "Q2",
        "revenues": 335000000,
        "costofgoodsandservicessold": 830000000,
        "grossprofit": 643000000,
        "sellinggeneralandadministrativeexpense": 211000000,
        "advertisingexpense": 145000000,
        "researchanddevelopmentexpense": 32000000,
        "interestexpense": 24000000,
        "otherexpenseincomenet": 7000000,
        "incomelossfromcontinuingoperationsbeforeincometaxesextraordinaryitemsnoncontrollinginterest": 78000000,
        "incometaxexpensebenefit": 42000000,
        "incomelossfromcontinuingoperations": 182000000,
        "netincomeloss": 182000000,
        "incomelossfromcontinuingoperationsperbasicshare": 1.42,
        "earningspersharebasic": 1.42,
        "incomelossfromcontinuingoperationsperdilutedshare": 1.4,
        "earningspersharediluted": 1.4,
        "weightedaveragenumberofsharesoutstandingbasic": 128068000,
        "weightedaveragenumberofdilutedsharesoutstanding": 130094000,
        "comprehensiveincomenetoftax": 152000000
    },
    {
        "date": "2018-09-29",
        "symbol": "CLX",
        "period": "Q1",
        "revenues": 309000000,
        "costofgoodsandservicessold": 885000000,
        "grossprofit": 678000000,
        "sellinggeneralandadministrativeexpense": 212000000,
        "advertisingexpense": 139000000,
        "researchanddevelopmentexpense": 32000000,
        "interestexpense": 24000000,
        "otherexpenseincomenet": 3000000,
        "incomelossfromcontinuingoperationsbeforeincometaxesextraordinaryitemsnoncontrollinginterest": 62000000,
        "incometaxexpensebenefit": 58000000,
        "incomelossfromcontinuingoperations": 210000000,
        "netincomeloss": 210000000,
        "incomelossfromcontinuingoperationsperbasicshare": 1.65,
        "earningspersharebasic": 1.65,
        "incomelossfromcontinuingoperationsperdilutedshare": 1.62,
        "earningspersharediluted": 1.62,
        "weightedaveragenumberofsharesoutstandingbasic": 127803000,
        "weightedaveragenumberofdilutedsharesoutstanding": 129946000,
        "commonstockdividendspersharedeclared": 0.96,
        "comprehensiveincomenetoftax": 210000000
    },
    {
        "date": "2018-06-29",
        "symbol": "CLX",
        "period": "Q4",
        "grossprofit": 744000000,
        "sellinggeneralandadministrativeexpense": 228000000,
        "advertisingexpense": 146000000,
        "researchanddevelopmentexpense": 37000000,
        "interestexpense": 24000000,
        "incomelossfromcontinuingoperationsbeforeincometaxesextraordinaryitemsnoncontrollinginterest": 55000000,
        "incometaxexpensebenefit": 89000000,
        "incomelossfromcontinuingoperations": 217000000,
        "netincomeloss": 217000000,
        "incomelossfromcontinuingoperationsperbasicshare": 1.6800000000000004,
        "earningspersharebasic": 1.6800000000000004,
        "incomelossfromcontinuingoperationsperdilutedshare": 1.6599999999999997,
        "earningspersharediluted": 1.6599999999999997,
        "weightedaveragenumberofsharesoutstandingbasic": -258779000,
        "weightedaveragenumberofdilutedsharesoutstanding": -263483000,
        "comprehensiveincomenetoftax": 195000000
    },
    {
        "date": "2018-03-30",
        "symbol": "CLX",
        "period": "Q3",
        "salesrevenuenet": 252000000,
        "costofgoodssold": 868000000,
        "grossprofit": 649000000,
        "sellinggeneralandadministrativeexpense": 208000000,
        "advertisingexpense": 150000000,
        "researchanddevelopmentexpense": 32000000,
        "interestexpense": 20000000,
        "otherincomeexpensenet": -3000000,
        "incomelossfromcontinuingoperationsbeforeincometaxesextraordinaryitemsnoncontrollinginterest": 55000000,
        "incometaxexpensebenefit": 61000000,
        "incomelossfromcontinuingoperations": 181000000,
        "netincomeloss": 181000000,
        "incomelossfromcontinuingoperationsperbasicshare": 1.39,
        "earningspersharebasic": 1.39,
        "incomelossfromcontinuingoperationsperdilutedshare": 1.37,
        "earningspersharediluted": 1.37,
        "weightedaveragenumberofsharesoutstandingbasic": 129694000,
        "weightedaveragenumberofdilutedsharesoutstanding": 131900000,
        "commonstockdividendspersharedeclared": 0.96,
        "comprehensiveincomenetoftax": 180000000
    },
    {
        "date": "2017-12-30",
        "symbol": "CLX",
        "period": "Q2",
        "salesrevenuenet": 268000000,
        "costofgoodssold": 807000000,
        "grossprofit": 609000000,
        "sellinggeneralandadministrativeexpense": 197000000,
        "advertisingexpense": 140000000,
        "researchanddevelopmentexpense": 31000000,
        "interestexpense": 20000000,
        "otherincomeexpensenet": -6000000,
        "incomelossfromcontinuingoperationsbeforeincometaxesextraordinaryitemsnoncontrollinginterest": 69000000,
        "incometaxexpensebenefit": -6000000,
        "incomelossfromcontinuingoperations": 233000000,
        "netincomeloss": 233000000,
        "incomelossfromcontinuingoperationsperbasicshare": 1.81,
        "earningspersharebasic": 1.81,
        "incomelossfromcontinuingoperationsperdilutedshare": 1.77,
        "earningspersharediluted": 1.77,
        "weightedaveragenumberofsharesoutstandingbasic": 129359000,
        "weightedaveragenumberofdilutedsharesoutstanding": 131655000,
        "commonstockdividendspersharedeclared": 0.84,
        "comprehensiveincomenetoftax": 233000000
    },
    {
        "date": "2017-09-29",
        "symbol": "CLX",
        "period": "Q1",
        "salesrevenuenet": 246000000,
        "costofgoodssold": 827000000,
        "grossprofit": 673000000,
        "sellinggeneralandadministrativeexpense": 204000000,
        "advertisingexpense": 134000000,
        "researchanddevelopmentexpense": 32000000,
        "interestexpense": 21000000,
        "otherincomeexpensenet": 3000000,
        "incomelossfromcontinuingoperationsbeforeincometaxesextraordinaryitemsnoncontrollinginterest": 64000000,
        "incometaxexpensebenefit": 87000000,
        "incomelossfromcontinuingoperations": 192000000,
        "netincomeloss": 192000000,
        "incomelossfromcontinuingoperationsperbasicshare": 1.49,
        "earningspersharebasic": 1.49,
        "incomelossfromcontinuingoperationsperdilutedshare": 1.46,
        "earningspersharediluted": 1.46,
        "weightedaveragenumberofsharesoutstandingbasic": 129019000,
        "weightedaveragenumberofdilutedsharesoutstanding": 131509000,
        "commonstockdividendspersharedeclared": 0.84,
        "comprehensiveincomenetoftax": 211000000
    },
    {
        "date": "2017-03-30",
        "symbol": "CLX",
        "period": "Q3",
        "salesrevenuenet": 246000000,
        "costofgoodssold": 827000000,
        "grossprofit": 650000000,
        "sellinggeneralandadministrativeexpense": 201000000,
        "advertisingexpense": 161000000,
        "researchanddevelopmentexpense": 35000000,
        "interestexpense": 22000000,
        "otherincomeexpensenet": -16000000,
        "incomelossfromcontinuingoperationsbeforeincometaxesextraordinaryitemsnoncontrollinginterest": 301000000,
        "incometaxexpensebenefit": 75000000,
        "incomelossfromcontinuingoperations": 172000000,
        "netincomeloss": 172000000,
        "incomelossfromcontinuingoperationsperbasicshare": 1.3400000000000005,
        "earningspersharebasic": 1.3399999999999996,
        "incomelossfromcontinuingoperationsperdilutedshare": 1.3099999999999998,
        "earningspersharediluted": 1.3099999999999998,
        "weightedaveragenumberofsharesoutstandingbasic": -74000,
        "weightedaveragenumberofdilutedsharesoutstanding": -7000,
        "commonstockdividendspersharedeclared": 0.7999999999999998,
        "comprehensiveincomenetoftax": 186000000
    },
    {
        "date": "2016-12-30",
        "symbol": "CLX",
        "period": "Q2",
        "salesrevenuenet": 245000000,
        "costofgoodssold": 777000000,
        "grossprofit": 629000000,
        "sellinggeneralandadministrativeexpense": 197000000,
        "advertisingexpense": 128000000,
        "researchanddevelopmentexpense": 32000000,
        "interestexpense": 22000000,
        "otherincomeexpensenet": 23000000,
        "incomelossfromcontinuingoperationsbeforeincometaxesextraordinaryitemsnoncontrollinginterest": -53000000,
        "incometaxexpensebenefit": 77000000,
        "incomelossfromcontinuingoperations": 150000000,
        "netincomeloss": 149000000,
        "incomelossfromcontinuingoperationsperbasicshare": 1.16,
        "earningspersharebasic": 1.1500000000000001,
        "incomelossfromcontinuingoperationsperdilutedshare": 1.1499999999999997,
        "earningspersharediluted": 1.14,
        "weightedaveragenumberofsharesoutstandingbasic": -476000,
        "weightedaveragenumberofdilutedsharesoutstanding": -787000,
        "commonstockdividendspersharedeclared": 0.8,
        "comprehensiveincomenetoftax": 137000000
    },
    {
        "date": "2016-09-29",
        "symbol": "CLX",
        "period": "Q1",
        "salesrevenuenet": 251000000,
        "costofgoodssold": 803000000,
        "grossprofit": 640000000,
        "sellinggeneralandadministrativeexpense": 200000000,
        "advertisingexpense": 128000000,
        "researchanddevelopmentexpense": 31000000,
        "interestexpense": 22000000,
        "otherincomeexpensenet": -5000000,
        "incomelossfromcontinuingoperationsbeforeincometaxesextraordinaryitemsnoncontrollinginterest": -58000000,
        "incometaxexpensebenefit": 85000000,
        "incomelossfromcontinuingoperations": 179000000,
        "netincomeloss": 179000000,
        "incomelossfromcontinuingoperationsperbasicshare": 1.39,
        "earningspersharebasic": 1.39,
        "incomelossfromcontinuingoperationsperdilutedshare": 1.36,
        "earningspersharediluted": 1.36,
        "weightedaveragenumberofsharesoutstandingbasic": 129449000,
        "weightedaveragenumberofdilutedsharesoutstanding": 132193000,
        "commonstockdividendspersharedeclared": 0.8,
        "comprehensiveincomenetoftax": 182000000
    },
    {
        "date": "2016-06-29",
        "symbol": "CLX",
        "period": "Q4",
        "salesrevenuenet": 4668000000,
        "costofgoodssold": 873000000,
        "grossprofit": 727000000,
        "sellinggeneralandadministrativeexpense": 225000000,
        "advertisingexpense": 192000000,
        "researchanddevelopmentexpense": 42000000,
        "interestexpense": 21000000,
        "otherincomeexpensenet": -5000000,
        "incometaxexpensebenefit": 87000000,
        "incomelossfromcontinuingoperations": 165000000,
        "netincomeloss": 165000000,
        "incomelossfromcontinuingoperationsperbasicshare": 1.28,
        "earningspersharebasic": 1.2799999999999998,
        "incomelossfromcontinuingoperationsperdilutedshare": 1.2500000000000002,
        "earningspersharediluted": 1.25,
        "weightedaveragenumberofsharesoutstandingbasic": -258916000,
        "weightedaveragenumberofdilutedsharesoutstanding": -262696000,
        "comprehensiveincomenetoftax": 137000000
    },
    {
        "date": "2016-03-30",
        "symbol": "CLX",
        "period": "Q3",
        "salesrevenuenet": 467000000,
        "costofgoodssold": 780000000,
        "grossprofit": 646000000,
        "sellinggeneralandadministrativeexpense": 204000000,
        "advertisingexpense": 146000000,
        "researchanddevelopmentexpense": 35000000,
        "interestexpense": 22000000,
        "otherincomeexpensenet": 2000000,
        "incomelossfromcontinuingoperationsbeforeincometaxesextraordinaryitemsnoncontrollinginterest": 113000000,
        "incometaxexpensebenefit": 78000000,
        "incomelossfromcontinuingoperations": 159000000,
        "incomelossfromdiscontinuedoperationsnetoftax": 1000000,
        "netincomeloss": 162000000,
        "incomelossfromcontinuingoperationsperbasicshare": 1.23,
        "incomelossfromdiscontinuedoperationsnetoftaxperbasicshare": 0.02,
        "earningspersharebasic": 1.25,
        "incomelossfromcontinuingoperationsperdilutedshare": 1.21,
        "incomelossfromdiscontinuedoperationsnetoftaxperdilutedshare": 0.02,
        "earningspersharediluted": 1.23,
        "weightedaveragenumberofsharesoutstandingbasic": 129690000,
        "weightedaveragenumberofdilutedsharesoutstanding": 131647000,
        "commonstockdividendspersharedeclared": 0.77,
        "comprehensiveincomenetoftax": 181000000
    },
    {
        "date": "2015-12-30",
        "symbol": "CLX",
        "period": "Q2",
        "salesrevenuenet": 375000000,
        "costofgoodssold": 745000000,
        "grossprofit": 600000000,
        "sellinggeneralandadministrativeexpense": 191000000,
        "advertisingexpense": 126000000,
        "researchanddevelopmentexpense": 34000000,
        "interestexpense": 22000000,
        "otherincomeexpensenet": -3000000,
        "incomelossfromcontinuingoperationsbeforeincometaxesextraordinaryitemsnoncontrollinginterest": 230000000,
        "incometaxexpensebenefit": 79000000,
        "incomelossfromcontinuingoperations": 151000000,
        "incomelossfromdiscontinuedoperationsnetoftax": -1000000,
        "netincomeloss": 149000000,
        "incomelossfromcontinuingoperationsperbasicshare": 1.16,
        "incomelossfromdiscontinuedoperationsnetoftaxperbasicshare": -0.01,
        "earningspersharebasic": 1.15,
        "incomelossfromcontinuingoperationsperdilutedshare": 1.14,
        "incomelossfromdiscontinuedoperationsnetoftaxperdilutedshare": -0.01,
        "earningspersharediluted": 1.13,
        "weightedaveragenumberofsharesoutstandingbasic": 129543000,
        "weightedaveragenumberofdilutedsharesoutstanding": 131546000,
        "commonstockdividendspersharedeclared": 0.77,
        "comprehensiveincomenetoftax": 129000000
    },
    {
        "date": "2015-09-29",
        "symbol": "CLX",
        "period": "Q1",
        "salesrevenuenet": 251000000,
        "costofgoodssold": 765000000,
        "grossprofit": 625000000,
        "sellinggeneralandadministrativeexpense": 186000000,
        "advertisingexpense": 123000000,
        "researchanddevelopmentexpense": 30000000,
        "interestexpense": 23000000,
        "otherincomeexpensenet": -1000000,
        "earningslossesfromcontinuingoperationsbeforeincometaxes": 264000000,
        "incometaxexpensebenefit": 91000000,
        "incomelossfromcontinuingoperations": 173000000,
        "incomelossfromdiscontinuedoperationsnetoftax": -1000000,
        "netincomeloss": 172000000,
        "incomelossfromcontinuingoperationsperbasicshare": 1.34,
        "incomelossfromdiscontinuedoperationsnetoftaxperbasicshare": -0.01,
        "earningspersharebasic": 1.33,
        "incomelossfromcontinuingoperationsperdilutedshare": 1.32,
        "incomelossfromdiscontinuedoperationsnetoftaxperdilutedshare": -0.01,
        "earningspersharediluted": 1.31,
        "weightedaveragenumberofsharesoutstandingbasic": 129155000,
        "weightedaveragenumberofdilutedsharesoutstanding": 131220000,
        "commonstockdividendspersharedeclared": 0.77,
        "comprehensiveincomenetoftax": 133000000
    },
    {
        "date": "2015-06-29",
        "symbol": "CLX",
        "period": "Q4",
        "salesrevenuenet": 226000000,
        "costofgoodssold": 847000000,
        "grossprofit": 710000000,
        "sellinggeneralandadministrativeexpense": 221000000,
        "advertisingexpense": 151000000,
        "researchanddevelopmentexpense": 39000000,
        "interestexpense": 23000000,
        "otherincomeexpensenet": -13000000,
        "incometaxexpensebenefit": 100000000,
        "incomelossfromcontinuingoperations": 189000000,
        "incomelossfromdiscontinuedoperationsnetoftax": 57000000,
        "netincomeloss": 191000000,
        "incomelossfromcontinuingoperationsperbasicshare": 1.4600000000000004,
        "incomelossfromdiscontinuedoperationsnetoftaxperbasicshare": 0.019999999999999962,
        "earningspersharebasic": 1.4800000000000002,
        "incomelossfromcontinuingoperationsperdilutedshare": 1.4200000000000004,
        "incomelossfromdiscontinuedoperationsnetoftaxperdilutedshare": 0.019999999999999962,
        "earningspersharediluted": 1.44,
        "weightedaveragenumberofsharesoutstandingbasic": -261390000,
        "weightedaveragenumberofdilutedsharesoutstanding": -265527000,
        "comprehensiveincomenetoftax": 170000000
    },
    {
        "date": "2015-03-30",
        "symbol": "CLX",
        "period": "Q3",
        "salesrevenuenet": 265000000,
        "costofgoodssold": 796000000,
        "grossprofit": 605000000,
        "sellinggeneralandadministrativeexpense": 206000000,
        "advertisingexpense": 124000000,
        "researchanddevelopmentexpense": 34000000,
        "interestexpense": 25000000,
        "otherincomeexpensenet": -1000000,
        "earningslossesfromcontinuingoperationsbeforeincometaxes": -73000000,
        "incometaxexpensebenefit": 73000000,
        "incomelossfromcontinuingoperations": 144000000,
        "incomelossfromdiscontinuedoperationsnetoftax": 30000000,
        "netincomeloss": 174000000,
        "incomelossfromcontinuingoperationsperbasicshare": 1.09,
        "incomelossfromdiscontinuedoperationsnetoftaxperbasicshare": 0.22,
        "earningspersharebasic": 1.31,
        "incomelossfromcontinuingoperationsperdilutedshare": 1.08,
        "incomelossfromdiscontinuedoperationsnetoftaxperdilutedshare": 0.22,
        "earningspersharediluted": 1.3,
        "weightedaveragenumberofsharesoutstandingbasic": 131833000,
        "weightedaveragenumberofdilutedsharesoutstanding": 134115000,
        "commonstockdividendspersharedeclared": 0.74,
        "comprehensiveincomenetoftax": 146000000
    },
    {
        "date": "2014-12-30",
        "symbol": "CLX",
        "period": "Q2",
        "salesrevenuenet": 281000000,
        "costofgoodssold": 773000000,
        "grossprofit": 572000000,
        "sellinggeneralandadministrativeexpense": 191000000,
        "advertisingexpense": 127000000,
        "researchanddevelopmentexpense": 33000000,
        "interestexpense": 26000000,
        "otherincomeexpensenet": -2000000,
        "earningslossesfromcontinuingoperationsbeforeincometaxes": -58000000,
        "incometaxexpensebenefit": 69000000,
        "incomelossfromcontinuingoperations": 128000000,
        "incomelossfromdiscontinuedoperationsnetoftax": -3000000,
        "netincomeloss": 125000000,
        "incomelossfromcontinuingoperationsperbasicshare": 0.98,
        "incomelossfromdiscontinuedoperationsnetoftaxperbasicshare": -0.02,
        "earningspersharebasic": 0.96,
        "incomelossfromcontinuingoperationsperdilutedshare": 0.97,
        "incomelossfromdiscontinuedoperationsnetoftaxperdilutedshare": -0.02,
        "earningspersharediluted": 0.95,
        "weightedaveragenumberofsharesoutstandingbasic": 130555000,
        "weightedaveragenumberofdilutedsharesoutstanding": 132819000,
        "commonstockdividendspersharedeclared": 0.74,
        "comprehensiveincomenetoftax": 88000000
    },
    {
        "date": "2014-09-29",
        "symbol": "CLX",
        "period": "Q1",
        "salesrevenuenet": 274000000,
        "costofgoodssold": 774000000,
        "grossprofit": 578000000,
        "sellinggeneralandadministrativeexpense": 180000000,
        "advertisingexpense": 121000000,
        "researchanddevelopmentexpense": 30000000,
        "interestexpense": 26000000,
        "otherincomeexpensenet": 3000000,
        "earningslossesfromcontinuingoperationsbeforeincometaxes": -40000000,
        "incometaxexpensebenefit": 73000000,
        "incomelossfromcontinuingoperations": 145000000,
        "incomelossfromdiscontinuedoperationsnetoftax": -55000000,
        "netincomeloss": 90000000,
        "incomelossfromcontinuingoperationsperbasicshare": 1.12,
        "incomelossfromdiscontinuedoperationsnetoftaxperbasicshare": -0.42,
        "earningspersharebasic": 0.7,
        "incomelossfromcontinuingoperationsperdilutedshare": 1.1,
        "incomelossfromdiscontinuedoperationsnetoftaxperdilutedshare": -0.42,
        "earningspersharediluted": 0.68,
        "weightedaveragenumberofsharesoutstandingbasic": 129312000,
        "weightedaveragenumberofdilutedsharesoutstanding": 131369000,
        "commonstockdividendspersharedeclared": 0.74,
        "comprehensiveincomenetoftax": 91000000
    },
    {
        "date": "2012-03-30",
        "symbol": "CLX",
        "period": "Q3",
        "salesrevenuenet": 250000000,
        "costofgoodssold": 808000000,
        "grossprofit": 593000000,
        "sellinggeneralandadministrativeexpense": 211000000,
        "advertisingexpense": 126000000,
        "researchanddevelopmentexpense": 30000000,
        "interestexpense": 33000000,
        "otherincomeexpensenet": -5000000,
        "earningsfromcontinuingoperationsbeforeincometaxes": 77000000,
        "incometaxexpensebenefitcontinuingoperations": 64000000,
        "incomelossfromcontinuingoperations": 134000000,
        "discontinuedoperationgainlossondisposalofdiscontinuedoperationnetoftax": -2000000,
        "incomelossfromdiscontinuedoperationsnetoftax": -2000000,
        "netincomeloss": 132000000,
        "incomelossfromcontinuingoperationsperbasicshare": 1.03,
        "incomelossfromdiscontinuedoperationsnetoftaxperbasicshare": -0.01,
        "earningspersharebasic": 1.02,
        "incomelossfromcontinuingoperationsperdilutedshare": 1.02,
        "incomelossfromdiscontinuedoperationsnetoftaxperdilutedshare": -0.01,
        "earningspersharediluted": 1.01,
        "weightedaveragenumberofsharesoutstandingbasic": 130266000,
        "weightedaveragenumberofdilutedsharesoutstanding": 131607000,
        "commonstockdividendspersharedeclared": 0.6
    },
    {
        "date": "2011-12-30",
        "symbol": "CLX",
        "period": "Q2",
        "salesrevenuenet": 230000000,
        "costofgoodssold": 714000000,
        "grossprofit": 507000000,
        "sellinggeneralandadministrativeexpense": 184000000,
        "advertisingexpense": 115000000,
        "researchanddevelopmentexpense": 29000000,
        "interestexpense": 30000000,
        "otherincomeexpensenet": -6000000,
        "earningsfromcontinuingoperationsbeforeincometaxes": 70000000,
        "incometaxexpensebenefitcontinuingoperations": 50000000,
        "incomelossfromcontinuingoperations": 105000000,
        "netincomeloss": 105000000,
        "incomelossfromcontinuingoperationsperbasicshare": 0.79,
        "earningspersharebasic": 0.79,
        "incomelossfromcontinuingoperationsperdilutedshare": 0.79,
        "earningspersharediluted": 0.79,
        "weightedaveragenumberofsharesoutstandingbasic": 131112000,
        "weightedaveragenumberofdilutedsharesoutstanding": 132358000,
        "commonstockdividendspersharedeclared": 0.6
    },
    {
        "date": "2011-09-29",
        "symbol": "CLX",
        "period": "Q1",
        "salesrevenuenet": 214000000,
        "costofgoodssold": 759000000,
        "grossprofit": 546000000,
        "sellinggeneralandadministrativeexpense": 190000000,
        "advertisingexpense": 118000000,
        "researchanddevelopmentexpense": 28000000,
        "interestexpense": 29000000,
        "otherincomeexpensenet": -6000000,
        "earningsfromcontinuingoperationsbeforeincometaxes": 54000000,
        "incometaxexpensebenefitcontinuingoperations": 57000000,
        "incomelossfromcontinuingoperations": 130000000,
        "netincomeloss": 130000000,
        "incomelossfromcontinuingoperationsperbasicshare": 0.99,
        "earningspersharebasic": 0.99,
        "incomelossfromcontinuingoperationsperdilutedshare": 0.98,
        "earningspersharediluted": 0.98,
        "weightedaveragenumberofsharesoutstandingbasic": 131968000,
        "weightedaveragenumberofdilutedsharesoutstanding": 133611000,
        "commonstockdividendspersharedeclared": 0.6
    },
    {
        "date": "2011-03-30",
        "symbol": "CLX",
        "period": "Q3",
        "salesrevenuegoodsnet": 227000000,
        "costofgoodssold": 729000000,
        "grossprofit": 575000000,
        "sellinggeneralandadministrativeexpense": 182000000,
        "advertisingexpense": 125000000,
        "researchanddevelopmentexpense": 29000000,
        "interestexpense": 29000000,
        "otherincomeexpensenet": -9000000,
        "earningsbeforeincometaxes": 68000000,
        "incometaxexpensebenefitcontinuingoperations": 78000000,
        "incomelossfromcontinuingoperations": 141000000,
        "incomelossfromdiscontinuedoperationsnetoftax": 0,
        "incomelossfromdiscontinuedoperations": 530000000,
        "netincomeloss": 151000000,
        "incomelossfromcontinuingoperationsperbasicshare": 1.03,
        "incomelossfromdiscontinuedoperationsnetoftaxperbasicshare": 0.07999999999999985,
        "earningspersharebasic": 1.1099999999999999,
        "incomelossfromcontinuingoperationsperdilutedshare": 1.0299999999999998,
        "incomelossfromdiscontinuedoperationsnetoftaxperdilutedshare": 0.06999999999999984,
        "earningspersharediluted": 1.1,
        "weightedaveragenumberofsharesoutstandingbasic": -139981000,
        "weightedaveragenumberofdilutedsharesoutstanding": -140083000,
        "commonstockdividendspersharedeclared": 0.5499999999999998
    },
    {
        "date": "2010-12-30",
        "symbol": "CLX",
        "period": "Q2",
        "salesrevenuegoodsnet": 218000000,
        "costofgoodssold": 687000000,
        "grossprofit": 492000000,
        "sellinggeneralandadministrativeexpense": 180000000,
        "advertisingexpense": 117000000,
        "researchanddevelopmentexpense": 28000000,
        "goodwillimpairmentloss": 258000000,
        "interestexpense": 33000000,
        "otherincomeexpensenet": -12000000,
        "earningsbeforeincometaxes": -192000000,
        "incometaxexpensebenefitcontinuingoperations": 51000000,
        "incomelossfromcontinuingoperations": -163000000,
        "incomelossfromdiscontinuedoperationsnetoftax": 7000000,
        "discontinuedoperationgainlossfromdisposalofdiscontinuedoperationbeforeincometax": 177000000,
        "incomelossfromdiscontinuedoperations": -184000000,
        "netincomeloss": 21000000,
        "incomelossfromcontinuingoperationsperbasicshare": -1.17,
        "incomelossfromdiscontinuedoperationsnetoftaxperbasicshare": 1.32,
        "earningspersharebasic": 0.15,
        "incomelossfromcontinuingoperationsperdilutedshare": -1.17,
        "incomelossfromdiscontinuedoperationsnetoftaxperdilutedshare": 1.32,
        "earningspersharediluted": 0.15,
        "weightedaveragenumberofsharesoutstandingbasic": 138678000,
        "weightedaveragenumberofdilutedsharesoutstanding": 138678000,
        "commonstockdividendspersharedeclared": 0.55
    },
    {
        "date": "2010-09-29",
        "symbol": "CLX",
        "period": "Q1",
        "salesrevenuegoodsnet": 201000000,
        "costofgoodssold": 705000000,
        "grossprofit": 561000000,
        "sellinggeneralandadministrativeexpense": 181000000,
        "advertisingexpense": 118000000,
        "researchanddevelopmentexpense": 29000000,
        "interestexpense": 32000000,
        "otherincomeexpensenet": -1000000,
        "earningsbeforeincometaxes": 58000000,
        "incometaxexpensebenefitcontinuingoperations": 62000000,
        "incomelossfromcontinuingoperations": 140000000,
        "incomelossfromdiscontinuedoperationsnetoftax": 16000000,
        "discontinuedoperationstaxcreditcarryforwarddeferredtaxasset": 60000000,
        "incomelossfromdiscontinuedoperations": -76000000,
        "netincomeloss": 216000000,
        "incomelossfromcontinuingoperationsperbasicshare": 0.99,
        "incomelossfromdiscontinuedoperationsnetoftaxperbasicshare": 0.55,
        "earningspersharebasic": 1.54,
        "incomelossfromcontinuingoperationsperdilutedshare": 0.98,
        "incomelossfromdiscontinuedoperationsnetoftaxperdilutedshare": 0.54,
        "earningspersharediluted": 1.52,
        "weightedaveragenumberofsharesoutstandingbasic": 139475000,
        "weightedaveragenumberofdilutedsharesoutstanding": 140932000,
        "commonstockdividendspersharedeclared": 0.55
    },
    {
        "date": "2010-03-30",
        "symbol": "CLX",
        "period": "Q3",
        "salesrevenuegoodsnet": 1366000000,
        "costofgoodssold": 749000000,
        "grossprofit": 617000000,
        "sellinggeneralandadministrativeexpense": 182000000,
        "advertisingexpense": 127000000,
        "researchanddevelopmentexpense": 30000000,
        "restructuringsettlementandimpairmentprovisions": 0,
        "interestexpense": 34000000,
        "otherincomeexpensenet": 1000000,
        "earningsbeforeincometaxes": 243000000,
        "incometaxexpensebenefit": 78000000,
        "netincomeloss": 165000000,
        "earningspersharebasic": 1.1600000000000001,
        "earningspersharediluted": 1.16,
        "weightedaveragenumberofsharesoutstandingbasic": -172743,
        "weightedaveragenumberofdilutedsharesoutstanding": -159861,
        "commonstockdividendspersharedeclared": 0.5
    },
    {
        "date": "2009-12-30",
        "symbol": "CLX",
        "period": "Q2",
        "salesrevenuegoodsnet": 1279000000,
        "costofgoodssold": 718000000,
        "grossprofit": 561000000,
        "sellinggeneralandadministrativeexpense": 187000000,
        "advertisingexpense": 127000000,
        "researchanddevelopmentexpense": 29000000,
        "restructuringsettlementandimpairmentprovisions": 2000000,
        "interestexpense": 37000000,
        "otherincomeexpensenet": 16000000,
        "earningsbeforeincometaxes": 163000000,
        "incometaxexpensebenefit": 53000000,
        "netincomeloss": 110000000,
        "earningspersharebasic": 0.78,
        "earningspersharediluted": 0.77,
        "weightedaveragenumberofsharesoutstandingbasic": 140303000,
        "weightedaveragenumberofdilutedsharesoutstanding": 141528000,
        "commonstockdividendspersharedeclared": 0.5
    },
    {
        "date": "2009-09-29",
        "symbol": "CLX",
        "period": "Q1",
        "salesrevenuegoodsnet": 1372000000,
        "costofgoodssold": 753000000,
        "grossprofit": 619000000,
        "sellinggeneralandadministrativeexpense": 175000000,
        "advertisingexpense": 127000000,
        "researchanddevelopmentexpense": 27000000,
        "restructuringsettlementandimpairmentprovisions": 2000000,
        "interestexpense": 36000000,
        "otherincomeexpensenet": 8000000,
        "earningsbeforeincometaxes": 244000000,
        "incometaxexpensebenefit": 87000000,
        "netincomeloss": 157000000,
        "earningspersharebasic": 1.12,
        "earningspersharediluted": 1.11,
        "weightedaveragenumberofsharesoutstandingbasic": 139743,
        "weightedaveragenumberofdilutedsharesoutstanding": 140861,
        "commonstockdividendspersharedeclared": 0.5
    }
]