[
    {
        "date": "2023-06-29",
        "symbol": "SO",
        "period": "Q2",
        "revenues": 7467000000,
        "costofgoodsandservicessold": 1111000000,
        "utilitiesoperatingexpensemaintenanceandoperations": 2624000000,
        "depreciationandamortizationexcludingnuclearfuel": 2081000000,
        "taxesexcludingincomeandexcisetaxes": 632000000,
        "costsandexpenses": 8273000000,
        "operatingincomeloss": 2080000000,
        "publicutilitiesallowanceforfundsusedduringconstructioncapitalizedcostofequity": 95000000,
        "incomelossfromequitymethodinvestments": 77000000,
        "interestanddebtexpense": 1116000000,
        "othernonoperatingincomeexpense": 272000000,
        "nonoperatingincomeexpense": -676000000,
        "incomelossfromcontinuingoperationsbeforeincometaxesextraordinaryitemsnoncontrollinginterest": 1404000000,
        "incometaxexpensebenefit": 91000000,
        "profitloss": 1313000000,
        "netincomelossattributabletononcontrollinginterest": -15000000,
        "netincomelossavailabletocommonstockholdersbasic": 1391000000,
        "earningspersharebasic": 0.77,
        "earningspersharediluted": 0.76,
        "weightedaveragenumberofsharesoutstandingbasic": 1000000,
        "weightedaveragenumberofdilutedsharesoutstanding": 0,
        "othercomprehensiveincomelosscashflowhedgegainlossbeforereclassificationaftertax": -12000000,
        "othercomprehensiveincomelosscashflowhedgegainlossreclassificationaftertax": -20000000,
        "othercomprehensiveincomelossnetoftax": 8000000,
        "comprehensiveincomenetoftaxincludingportionattributabletononcontrollinginterest": 1321000000,
        "comprehensiveincomenetoftaxattributabletononcontrollinginterest": -15000000,
        "comprehensiveincomenetoftax": 1603000000,
        "othercomprehensiveincomelosscashflowhedgegainlossbeforereclassificationtax": -4000000,
        "othercomprehensiveincomelosscashflowhedgegainlossreclassificationtax": -7000000,
        "gainlossondispositionofassets1": 0,
        "netincomeloss": 85000000,
        "typeofcostgoodorserviceextensiblelist": "http://fasb.org/us-gaap/2023#NaturalGasUsRegulatedMember",
        "excisetaxescollected": 25000000
    },
    {
        "date": "2023-03-30",
        "symbol": "SO",
        "period": "Q1",
        "revenues": -9000000,
        "costofgoodsandservicessold": 898000000,
        "utilitiesoperatingexpensemaintenanceandoperations": 305000000,
        "depreciationandamortizationexcludingnuclearfuel": 141000000,
        "taxesexcludingincomeandexcisetaxes": 102000000,
        "gainlossondispositionofassets1": 20000000,
        "costsandexpenses": 1446000000,
        "operatingincomeloss": 429000000,
        "publicutilitiesallowanceforfundsusedduringconstructioncapitalizedcostofequity": 40000000,
        "incomelossfromequitymethodinvestments": 1000000,
        "interestanddebtexpense": 76000000,
        "othernonoperatingincomeexpense": 14000000,
        "nonoperatingincomeexpense": -17000000,
        "incomelossfromcontinuingoperationsbeforeincometaxesextraordinaryitemsnoncontrollinginterest": 412000000,
        "incometaxexpensebenefit": 103000000,
        "profitloss": 309000000,
        "netincomelossattributabletononcontrollinginterest": -63000000,
        "netincomelossavailabletocommonstockholdersbasic": 309000000,
        "earningspersharebasic": 0.79,
        "earningspersharediluted": 0.79,
        "weightedaveragenumberofsharesoutstandingbasic": 1091000000,
        "weightedaveragenumberofdilutedsharesoutstanding": 1098000000,
        "othercomprehensiveincomelosscashflowhedgegainlossbeforereclassificationaftertax": -24000000,
        "othercomprehensiveincomelosscashflowhedgegainlossreclassificationaftertax": -14000000,
        "othercomprehensiveincomelossnetoftax": -10000000,
        "comprehensiveincomenetoftaxincludingportionattributabletononcontrollinginterest": 299000000,
        "comprehensiveincomenetoftaxattributabletononcontrollinginterest": -63000000,
        "comprehensiveincomenetoftax": 95000000,
        "othercomprehensiveincomelosscashflowhedgegainlossbeforereclassificationtax": -10000000,
        "othercomprehensiveincomelosscashflowhedgegainlossreclassificationtax": -6000000,
        "netincomeloss": 102000000,
        "typeofcostgoodorserviceextensiblelist": "http://fasb.org/us-gaap/2022#NaturalGasUsRegulatedMember",
        "excisetaxescollected": 66000000
    },
    {
        "date": "2022-12-30",
        "symbol": "SO",
        "period": "Q4",
        "revenues": 18219000000,
        "costofgoodsandservicessold": 4995000000,
        "utilitiesoperatingexpensemaintenanceandoperations": 5801000000,
        "depreciationandamortizationexcludingnuclearfuel": 3249000000,
        "taxesexcludingincomeandexcisetaxes": 1203000000,
        "gainlossondispositionofassets1": 52000000,
        "costsandexpenses": 20623000000,
        "operatingincomeloss": 4658000000,
        "publicutilitiesallowanceforfundsusedduringconstructioncapitalizedcostofequity": 122000000,
        "incomelossfromequitymethodinvestments": 150000000,
        "interestanddebtexpense": 1835000000,
        "othernonoperatingincomeexpense": 453000000,
        "nonoperatingincomeexpense": -1112000000,
        "incomelossfromcontinuingoperationsbeforeincometaxesextraordinaryitemsnoncontrollinginterest": 3546000000,
        "incometaxexpensebenefit": 634000000,
        "profitloss": 2912000000,
        "preferredstockdividendsincomestatementimpact": 1000000,
        "netincomelossattributabletononcontrollinginterest": -52000000,
        "netincomelossavailabletocommonstockholdersbasic": 2268000000,
        "earningspersharebasic": -0.10000000000000009,
        "earningspersharediluted": -0.10000000000000031,
        "weightedaveragenumberofsharesoutstandingbasic": 5000000,
        "weightedaveragenumberofdilutedsharesoutstanding": 5000000,
        "othercomprehensiveincomelosscashflowhedgegainlossbeforereclassificationaftertax": -99000000,
        "othercomprehensiveincomelosscashflowhedgegainlossreclassificationaftertax": -90000000,
        "othercomprehensiveincomelossreclassificationadjustmentfromaocipensionandotherpostretirementbenefitplansfornetgainlossnetoftax": -9000000,
        "othercomprehensiveincomelossnetoftax": 49000000,
        "comprehensiveincomenetoftaxattributabletononcontrollinginterest": -52000000,
        "comprehensiveincomenetoftax": 3329000000,
        "othercomprehensiveincomelosscashflowhedgegainlossbeforereclassificationtax": -35000000,
        "othercomprehensiveincomelosscashflowhedgegainlossreclassificationtax": -30000000,
        "othercomprehensiveincomelossreclassificationadjustmentfromaocipensionandotherpostretirementbenefitplansfornetgainlosstax": 0,
        "netincomeloss": -162000000,
        "excisetaxescollected": 44000000
    },
    {
        "date": "2022-09-29",
        "symbol": "SO",
        "period": "Q3",
        "revenues": -3000000,
        "costofgoodsandservicessold": 293000000,
        "utilitiesoperatingexpensemaintenanceandoperations": 258000000,
        "depreciationandamortizationexcludingnuclearfuel": 139000000,
        "taxesexcludingincomeandexcisetaxes": 46000000,
        "gainlossondispositionofassets1": -7000000,
        "costsandexpenses": 731000000,
        "operatingincomeloss": 126000000,
        "publicutilitiesallowanceforfundsusedduringconstructioncapitalizedcostofequity": 37000000,
        "incomelossfromequitymethodinvestments": -31000000,
        "interestanddebtexpense": 65000000,
        "othernonoperatingincomeexpense": 15000000,
        "nonoperatingincomeexpense": -16000000,
        "incomelossfromcontinuingoperationsbeforeincometaxesextraordinaryitemsnoncontrollinginterest": 110000000,
        "incometaxexpensebenefit": 28000000,
        "profitloss": 82000000,
        "preferredstockdividendsincomestatementimpact": 2000000,
        "netincomelossattributabletononcontrollinginterest": 12000000,
        "netincomelossavailabletocommonstockholdersbasic": 1219000000,
        "earningspersharebasic": 1.3699999999999999,
        "earningspersharediluted": 1.36,
        "weightedaveragenumberofsharesoutstandingbasic": -1058000000,
        "weightedaveragenumberofdilutedsharesoutstanding": -1065000000,
        "othercomprehensiveincomelosscashflowhedgegainlossbeforereclassificationaftertax": 18000000,
        "othercomprehensiveincomelosscashflowhedgegainlossreclassificationaftertax": 4000000,
        "othercomprehensiveincomelossreclassificationadjustmentfromaocipensionandotherpostretirementbenefitplansfornetgainlossnetoftax": 4000000,
        "othercomprehensiveincomelossnetoftax": 14000000,
        "comprehensiveincomenetoftaxincludingportionattributabletononcontrollinginterest": 96000000,
        "comprehensiveincomenetoftaxattributabletononcontrollinginterest": 12000000,
        "comprehensiveincomenetoftax": 88000000,
        "othercomprehensiveincomelosscashflowhedgegainlossbeforereclassificationtax": 8000000,
        "othercomprehensiveincomelosscashflowhedgegainlossreclassificationtax": 2000000,
        "othercomprehensiveincomelossreclassificationadjustmentfromaocipensionandotherpostretirementbenefitplansfornetgainlosstax": -1000000,
        "netincomeloss": 82000000,
        "typeofcostgoodorserviceextensiblelist": "http://fasb.org/us-gaap/2022#NaturalGasUsRegulatedMember",
        "excisetaxescollected": 14000000
    },
    {
        "date": "2022-06-29",
        "symbol": "SO",
        "period": "Q2",
        "revenues": -7000000,
        "costofgoodsandservicessold": 452000000,
        "utilitiesoperatingexpensemaintenanceandoperations": 266000000,
        "depreciationandamortizationexcludingnuclearfuel": 138000000,
        "taxesexcludingincomeandexcisetaxes": 62000000,
        "estimatedlossonplantvogtleunits3and4": 52000000,
        "gainlossondispositionofassets1": 10000000,
        "costsandexpenses": 918000000,
        "operatingincomeloss": 165000000,
        "publicutilitiesallowanceforfundsusedduringconstructioncapitalizedcostofequity": 33000000,
        "incomelossfromequitymethodinvestments": 31000000,
        "interestanddebtexpense": 61000000,
        "othernonoperatingincomeexpense": 16000000,
        "nonoperatingincomeexpense": -14000000,
        "incomelossfromcontinuingoperationsbeforeincometaxesextraordinaryitemsnoncontrollinginterest": 151000000,
        "incometaxexpensebenefit": 36000000,
        "profitloss": 115000000,
        "preferredstockdividendsincomestatementimpact": 4000000,
        "netincomelossattributabletononcontrollinginterest": -22000000,
        "netincomelossavailabletocommonstockholdersbasic": 45000000,
        "earningspersharebasic": 1.04,
        "earningspersharediluted": 1.03,
        "weightedaveragenumberofsharesoutstandingbasic": 1065000000,
        "weightedaveragenumberofdilutedsharesoutstanding": 1072000000,
        "othercomprehensiveincomelosscashflowhedgegainlossbeforereclassificationaftertax": -5000000,
        "othercomprehensiveincomelosscashflowhedgegainlossreclassificationaftertax": 7000000,
        "othercomprehensiveincomelossreclassificationadjustmentfromaocipensionandotherpostretirementbenefitplansfornetgainlossnetoftax": -2000000,
        "othercomprehensiveincomelossnetoftax": -12000000,
        "comprehensiveincomenetoftaxincludingportionattributabletononcontrollinginterest": 103000000,
        "comprehensiveincomenetoftaxattributabletononcontrollinginterest": -22000000,
        "comprehensiveincomenetoftax": 101000000,
        "othercomprehensiveincomelosscashflowhedgegainlossbeforereclassificationtax": -2000000,
        "othercomprehensiveincomelosscashflowhedgegainlossreclassificationtax": 3000000,
        "othercomprehensiveincomelossreclassificationadjustmentfromaocipensionandotherpostretirementbenefitplansfornetgainlosstax": -1000000,
        "netincomeloss": 115000000,
        "typeofcostgoodorserviceextensiblelist": "http://fasb.org/us-gaap/2022#NaturalGasUsRegulatedMember",
        "excisetaxescollected": 33000000
    },
    {
        "date": "2022-03-30",
        "symbol": "SO",
        "period": "Q1",
        "revenues": -12000000,
        "costofgoodsandservicessold": 1095000000,
        "utilitiesoperatingexpensemaintenanceandoperations": 305000000,
        "depreciationandamortizationexcludingnuclearfuel": 137000000,
        "taxesexcludingincomeandexcisetaxes": 100000000,
        "gainlossondispositionofassets1": 2000000,
        "costsandexpenses": 1637000000,
        "operatingincomeloss": 421000000,
        "publicutilitiesallowanceforfundsusedduringconstructioncapitalizedcostofequity": 32000000,
        "incomelossfromequitymethodinvestments": 1000000,
        "interestanddebtexpense": 61000000,
        "othernonoperatingincomeexpense": 16000000,
        "nonoperatingincomeexpense": -5000000,
        "incomelossfromcontinuingoperationsbeforeincometaxesextraordinaryitemsnoncontrollinginterest": 416000000,
        "incometaxexpensebenefit": 97000000,
        "profitloss": 319000000,
        "preferredstockdividendsincomestatementimpact": 4000000,
        "netincomelossattributabletononcontrollinginterest": -45000000,
        "netincomelossavailabletocommonstockholdersbasic": -8000000,
        "earningspersharebasic": 0.97,
        "earningspersharediluted": 0.97,
        "weightedaveragenumberofsharesoutstandingbasic": 1063000000,
        "weightedaveragenumberofdilutedsharesoutstanding": 1069000000,
        "othercomprehensiveincomelosscashflowhedgegainlossbeforereclassificationaftertax": 26000000,
        "othercomprehensiveincomelosscashflowhedgegainlossreclassificationaftertax": 6000000,
        "othercomprehensiveincomelossreclassificationadjustmentfromaocipensionandotherpostretirementbenefitplansfornetgainlossnetoftax": -3000000,
        "othercomprehensiveincomelossnetoftax": 20000000,
        "comprehensiveincomenetoftaxincludingportionattributabletononcontrollinginterest": 339000000,
        "comprehensiveincomenetoftaxattributabletononcontrollinginterest": -45000000,
        "comprehensiveincomenetoftax": 77000000,
        "othercomprehensiveincomelosscashflowhedgegainlossbeforereclassificationtax": 10000000,
        "othercomprehensiveincomelosscashflowhedgegainlossreclassificationtax": 2000000,
        "othercomprehensiveincomelossreclassificationadjustmentfromaocipensionandotherpostretirementbenefitplansfornetgainlosstax": -1000000,
        "netincomeloss": 319000000,
        "typeofcostgoodorserviceextensiblelist": "http://fasb.org/us-gaap/2021-01-31#NaturalGasUsRegulatedMember",
        "excisetaxescollected": 71000000
    },
    {
        "date": "2019-09-29",
        "symbol": "SO",
        "period": "Q3",
        "profitloss": 3377000000,
        "othercomprehensiveincomelosscashflowhedgegainlossbeforereclassificationaftertax": -91000000,
        "othercomprehensiveincomelosscashflowhedgegainlossreclassificationaftertax": -52000000,
        "othercomprehensiveincomelossnetoftax": -37000000,
        "comprehensiveincomenetoftaxincludingportionattributabletononcontrollinginterest": 3340000000,
        "preferredstockdividendsincomestatementimpact": 4000000,
        "netincomelossattributabletononcontrollinginterest": 26000000,
        "comprehensiveincomenetoftax": 3306000000,
        "othercomprehensiveincomelosscashflowhedgegainlossbeforereclassificationtax": -33000000,
        "othercomprehensiveincomelosscashflowhedgegainlossreclassificationtax": -18000000,
        "revenues": 6122000000,
        "costofgoodsandservicessold": 1804000000,
        "utilitiesoperatingexpensemaintenanceandoperations": 2488000000,
        "depreciationandamortizationexcludingnuclearfuel": 1393000000,
        "taxesexcludingincomeandexcisetaxes": 621000000,
        "estimatedlossonplantsunderconstruction": 4000000,
        "gainlossondispositionofassets1": 7000000,
        "costsandexpenses": 5320000000,
        "operatingincomeloss": 5644000000,
        "publicutilitiesallowanceforfundsusedduringconstructioncapitalizedcostofequity": 51000000,
        "incomelossfromequitymethodinvestments": 45000000,
        "interestanddebtexpense": 821000000,
        "othernonoperatingincomeexpense": 138000000,
        "nonoperatingincomeexpense": -531000000,
        "incomelossfromcontinuingoperationsbeforeincometaxesextraordinaryitemsnoncontrollinginterest": 5113000000,
        "incometaxexpensebenefit": 1736000000,
        "netincomelossavailabletocommonstockholdersbasic": 1315000000,
        "earningspersharebasic": 1.2500000000000004,
        "earningspersharediluted": 1.2499999999999998,
        "weightedaveragenumberofsharesoutstandingbasic": -1039000000,
        "weightedaveragenumberofdilutedsharesoutstanding": -1046000000,
        "excisetaxescollected": 10000000
    },
    {
        "date": "2019-06-29",
        "symbol": "SO",
        "period": "Q2",
        "profitloss": 931000000,
        "othercomprehensiveincomelosscashflowhedgegainlossbeforereclassificationaftertax": -32000000,
        "othercomprehensiveincomelosscashflowhedgegainlossreclassificationaftertax": 3000000,
        "othercomprehensiveincomelossnetoftax": -35000000,
        "comprehensiveincomenetoftaxincludingportionattributabletononcontrollinginterest": 896000000,
        "preferredstockdividendsincomestatementimpact": 3000000,
        "netincomelossattributabletononcontrollinginterest": 29000000,
        "comprehensiveincomenetoftax": 864000000,
        "othercomprehensiveincomelosscashflowhedgegainlossbeforereclassificationtax": -11000000,
        "othercomprehensiveincomelosscashflowhedgegainlossreclassificationtax": 1000000,
        "othercomprehensiveincomelossreclassificationadjustmentfromaocipensionandotherpostretirementbenefitplansfornetgainlosstax": 1000000,
        "revenues": 3540000000,
        "costofgoodsandservicessold": 914000000,
        "utilitiesoperatingexpensemaintenanceandoperations": 1316000000,
        "depreciationandamortizationexcludingnuclearfuel": 755000000,
        "taxesexcludingincomeandexcisetaxes": 299000000,
        "estimatedlossonplantsunderconstruction": 4000000,
        "gainlossondispositionofassets1": 8000000,
        "goodwillimpairmentloss": 32000000,
        "costsandexpenses": 3756000000,
        "operatingincomeloss": 1342000000,
        "publicutilitiesallowanceforfundsusedduringconstructioncapitalizedcostofequity": 31000000,
        "incomelossfromequitymethodinvestments": 33000000,
        "interestanddebtexpense": 429000000,
        "othernonoperatingincomeexpense": 99000000,
        "nonoperatingincomeexpense": -266000000,
        "incomelossfromcontinuingoperationsbeforeincometaxesextraordinaryitemsnoncontrollinginterest": 1076000000,
        "incometaxexpensebenefit": 145000000,
        "netincomelossavailabletocommonstockholdersbasic": 899000000,
        "earningspersharebasic": 0.86,
        "earningspersharediluted": 0.85,
        "weightedaveragenumberofsharesoutstandingbasic": 1044000000,
        "weightedaveragenumberofdilutedsharesoutstanding": 1052000000,
        "revenuefromcontractwithcustomerincludingassessedtax": 1000000,
        "excisetaxescollected": 23000000
    },
    {
        "date": "2019-03-30",
        "symbol": "SO",
        "period": "Q1",
        "profitloss": 27000000,
        "othercomprehensiveincomelosscashflowhedgegainlossbeforereclassificationaftertax": -29000000,
        "othercomprehensiveincomelosscashflowhedgegainlossreclassificationaftertax": -25000000,
        "othercomprehensiveincomelossreclassificationadjustmentfromaocipensionandotherpostretirementbenefitplansfornetgainlossnetoftax": 1000000,
        "othercomprehensiveincomelossnetoftax": -4000000,
        "comprehensiveincomenetoftaxincludingportionattributabletononcontrollinginterest": 23000000,
        "preferredstockdividendsincomestatementimpact": 4000000,
        "netincomelossattributabletononcontrollinginterest": -29000000,
        "comprehensiveincomenetoftax": 52000000,
        "othercomprehensiveincomelosscashflowhedgegainlossbeforereclassificationtax": -10000000,
        "othercomprehensiveincomelosscashflowhedgegainlossreclassificationtax": -8000000,
        "revenues": 1474000000,
        "costofgoodsandservicessold": 118000000,
        "utilitiesoperatingexpensemaintenanceandoperations": 84000000,
        "depreciationandamortizationexcludingnuclearfuel": 119000000,
        "taxesexcludingincomeandexcisetaxes": 11000000,
        "estimatedlossonplantsunderconstruction": 2000000,
        "gainlossondispositionofassets1": 2497000000,
        "costsandexpenses": 383000000,
        "operatingincomeloss": 60000000,
        "publicutilitiesallowanceforfundsusedduringconstructioncapitalizedcostofequity": 14000000,
        "incomelossfromequitymethodinvestments": 42000000,
        "interestanddebtexpense": 44000000,
        "othernonoperatingincomeexpense": 2000000,
        "nonoperatingincomeexpense": -42000000,
        "incomelossfromcontinuingoperationsbeforeincometaxesextraordinaryitemsnoncontrollinginterest": 18000000,
        "incometaxexpensebenefit": -9000000,
        "netincomelossavailabletocommonstockholdersbasic": 2084000000,
        "earningspersharebasic": 2.01,
        "earningspersharediluted": 1.99,
        "weightedaveragenumberofsharesoutstandingbasic": 1038000000,
        "weightedaveragenumberofdilutedsharesoutstanding": 1045000000,
        "revenuefromcontractwithcustomerincludingassessedtax": -2000000,
        "excisetaxescollected": 55000000
    },
    {
        "date": "2018-09-29",
        "symbol": "SO",
        "period": "Q3",
        "profitloss": 1226000000,
        "othercomprehensiveincomelosscashflowhedgegainlossbeforereclassificationaftertax": -11000000,
        "othercomprehensiveincomelosscashflowhedgegainlossreclassificationaftertax": -11000000,
        "othercomprehensiveincomelossreclassificationadjustmentfromaocipensionandotherpostretirementbenefitplansfornetgainlossnetoftax": 0,
        "othercomprehensiveincomelossnetoftax": 0,
        "comprehensiveincomenetoftaxincludingportionattributabletononcontrollinginterest": 146000000,
        "preferredstockdividendsincomestatementimpact": 0,
        "netincomelossattributabletononcontrollinginterest": 54000000,
        "comprehensiveincomenetoftax": 92000000,
        "othercomprehensiveincomelosscashflowhedgegainlossbeforereclassificationtax": -4000000,
        "othercomprehensiveincomelosscashflowhedgegainlossreclassificationtax": -4000000,
        "utilitiesoperatingexpensemaintenanceandoperations": 1193000000,
        "depreciationandamortizationexcludingnuclearfuel": 130000000,
        "taxesexcludingincomeandexcisetaxes": 12000000,
        "costsandexpenses": 499000000,
        "operatingincomeloss": 2195000000,
        "publicutilitiesallowanceforfundsusedduringconstructioncapitalizedcostofequity": 18000000,
        "incomelossfromequitymethodinvestments": 93000000,
        "interestincomeexpensenonoperatingnet": -45000000,
        "othernonoperatingincomeexpense": 42000000,
        "nonoperatingincomeexpense": -28000000,
        "incomelossfromcontinuingoperationsbeforeincometaxesextraordinaryitemsnoncontrollinginterest": 1851000000,
        "incometaxexpensebenefit": 625000000,
        "netincomelossavailabletocommonstockholdersbasic": 1164000000,
        "earningspersharebasic": 1.15,
        "earningspersharediluted": 1.1399999999999997,
        "weightedaveragenumberofsharesoutstandingbasic": 4000000,
        "weightedaveragenumberofdilutedsharesoutstanding": 4000000,
        "commonstockdividendspersharecashpaid": 0.6000000000000002,
        "excisetaxescollected": 9000000
    },
    {
        "date": "2018-06-29",
        "symbol": "SO",
        "period": "Q2",
        "profitloss": -122000000,
        "othercomprehensiveincomelosscashflowhedgegainlossbeforereclassificationaftertax": -56000000,
        "othercomprehensiveincomelosscashflowhedgegainlossreclassificationaftertax": -59000000,
        "othercomprehensiveincomelossreclassificationadjustmentfromaocipensionandotherpostretirementbenefitplansfornetgainlossnetoftax": -2000000,
        "othercomprehensiveincomelossnetoftax": 4000000,
        "comprehensiveincomenetoftaxincludingportionattributabletononcontrollinginterest": 49000000,
        "preferredstockdividendsincomestatementimpact": -3000000,
        "netincomelossattributabletononcontrollinginterest": 23000000,
        "comprehensiveincomenetoftax": 26000000,
        "othercomprehensiveincomelosscashflowhedgegainlossbeforereclassificationtax": -19000000,
        "othercomprehensiveincomelosscashflowhedgegainlossreclassificationtax": -4000000,
        "retailrevenues": 212000000,
        "wholesalerevenuesnonaffiliates": 443000000,
        "wholesalerevenues": 611000000,
        "wholesalerevenuesaffiliates": 109000000,
        "otherelectricrevenues": 174000000,
        "naturalgasrevenues": 714000000,
        "alternativerevenueprograms": 3000000,
        "othersalesrevenuenet": 393000000,
        "revenues": -729000000,
        "utilitiesoperatingexpensefuelused": 152000000,
        "costofpurchasedpowernonaffiliates": 39000000,
        "costofpurchasedpower": 236000000,
        "costofnaturalgas": 229000000,
        "costofothersales": 279000000,
        "costofpurchasedpoweraffiliates": 178000000,
        "othercostofoperatingrevenue": 5000000,
        "utilitiesoperatingexpensemaintenanceandoperations": 1544000000,
        "depreciationandamortizationexcludingnuclearfuel": 126000000,
        "taxesexcludingincomeandexcisetaxes": 12000000,
        "goodwillimpairmentloss": 0,
        "costsandexpenses": 539000000,
        "operatingincomeloss": 81000000,
        "publicutilitiesallowanceforfundsusedduringconstructioncapitalizedcostofequity": 19000000,
        "incomelossfromequitymethodinvestments": -40000000,
        "interestincomeexpensenonoperatingnet": -46000000,
        "othernonoperatingincomeexpense": 67000000,
        "nonoperatingincomeexpense": -44000000,
        "incomelossfromcontinuingoperationsbeforeincometaxesextraordinaryitemsnoncontrollinginterest": -258000000,
        "incometaxexpensebenefit": -136000000,
        "netincomelossavailabletocommonstockholdersbasic": -154000000,
        "earningspersharebasic": -0.15000000000000002,
        "earningspersharediluted": -0.14,
        "weightedaveragenumberofsharesoutstandingbasic": 1000000,
        "weightedaveragenumberofdilutedsharesoutstanding": 1000000,
        "commonstockdividendspersharecashpaid": 0.6,
        "excisetaxescollected": 23000000
    },
    {
        "date": "2018-03-30",
        "symbol": "SO",
        "period": "Q1",
        "profitloss": 926000000,
        "othercomprehensiveincomelosscashflowhedgegainlossbeforereclassificationaftertax": 48000000,
        "othercomprehensiveincomelosscashflowhedgegainlossreclassificationaftertax": 24000000,
        "othercomprehensiveincomelossreclassificationadjustmentfromaocipensionandotherpostretirementbenefitplansfornetgainlossnetoftax": 1000000,
        "othercomprehensiveincomelossnetoftax": 24000000,
        "comprehensiveincomenetoftaxincludingportionattributabletononcontrollinginterest": 139000000,
        "preferredstockdividendsincomestatementimpact": 4000000,
        "netincomelossattributabletononcontrollinginterest": -6000000,
        "comprehensiveincomenetoftax": 145000000,
        "othercomprehensiveincomelosscashflowhedgegainlossbeforereclassificationtax": 16000000,
        "othercomprehensiveincomelosscashflowhedgegainlossreclassificationtax": -8000000,
        "retailrevenues": 194000000,
        "wholesalerevenuesnonaffiliates": 424000000,
        "wholesalerevenues": 619000000,
        "wholesalerevenuesaffiliates": 83000000,
        "otherelectricrevenues": 165000000,
        "naturalgasrevenues": 1593000000,
        "alternativerevenueprograms": 24000000,
        "othersalesrevenuenet": 412000000,
        "revenues": 509000000,
        "utilitiesoperatingexpensefuelused": 169000000,
        "costofpurchasedpowernonaffiliates": 61000000,
        "costofpurchasedpower": 267000000,
        "costofnaturalgas": 720000000,
        "costofothersales": 289000000,
        "costofpurchasedpoweraffiliates": 171000000,
        "othercostofoperatingrevenue": 7000000,
        "utilitiesoperatingexpensemaintenanceandoperations": 1441000000,
        "depreciationandamortizationexcludingnuclearfuel": 114000000,
        "taxesexcludingincomeandexcisetaxes": 12000000,
        "estimatedlossonintegratedcoalgasificationcombinedcycleproject": 44000000,
        "goodwillimpairmentloss": 42000000,
        "costsandexpenses": 449000000,
        "operatingincomeloss": 1371000000,
        "publicutilitiesallowanceforfundsusedduringconstructioncapitalizedcostofequity": 13000000,
        "incomelossfromequitymethodinvestments": 42000000,
        "interestincomeexpensenonoperatingnet": -47000000,
        "othernonoperatingincomeexpense": 51000000,
        "nonoperatingincomeexpense": -44000000,
        "incomelossfromcontinuingoperationsbeforeincometaxesextraordinaryitemsnoncontrollinginterest": 1035000000,
        "incometaxexpensebenefit": 109000000,
        "netincomelossavailabletocommonstockholdersbasic": 938000000,
        "earningspersharebasic": 0.92,
        "earningspersharediluted": 0.91,
        "weightedaveragenumberofsharesoutstandingbasic": 1011000000,
        "weightedaveragenumberofdilutedsharesoutstanding": 1016000000,
        "commonstockdividendspersharecashpaid": 0.58,
        "excisetaxescollected": 51000000
    },
    {
        "date": "2017-09-29",
        "symbol": "SO",
        "period": "Q3",
        "profitloss": 156000000,
        "othercomprehensiveincomeunrealizedgainlossonderivativesarisingduringperiodnetoftax": 26000000,
        "othercomprehensiveincomelossreclassificationadjustmentfromaocionderivativesnetoftax": 20000000,
        "comprehensiveincomenetoftaxincludingportionattributabletononcontrollinginterest": 162000000,
        "preferredstockdividendsincomestatementimpact": 0,
        "netincomelossattributabletononcontrollinginterest": 31000000,
        "othercomprehensiveincomeunrealizedgainlossonderivativesarisingduringperiodtax": 15000000,
        "othercomprehensiveincomelossreclassificationadjustmentfromaocionderivativestax": -12000000,
        "othercomprehensiveincomelossreclassificationadjustmentfromaocipensionandotherpostretirementbenefitplansfornetgainlosstax": -2000000,
        "retailrevenues": 243000000,
        "wholesalerevenuesnonaffiliates": 510000000,
        "wholesalerevenues": 718000000,
        "wholesalerevenuesaffiliates": 105000000,
        "otherelectricrevenues": 168000000,
        "naturalgasrevenues": 532000000,
        "othersalesrevenuenet": 3000000,
        "revenues": -607000000,
        "utilitiesoperatingexpensefuelused": 189000000,
        "costofpurchasedpowernonaffiliates": 36000000,
        "costofpurchasedpower": 256000000,
        "costofnaturalgas": 134000000,
        "costofothersales": 90000000,
        "costofpurchasedpoweraffiliates": 7000000,
        "othercostofoperatingrevenue": 7000000,
        "utilitiesoperatingexpensemaintenanceandoperations": 82000000,
        "depreciationandamortizationexcludingnuclearfuel": 132000000,
        "taxesexcludingincomeandexcisetaxes": 13000000,
        "estimatedlossonintegratedcoalgasificationcombinedcycleproject": 35000000,
        "costsandexpenses": 459000000,
        "operatingincomeloss": 159000000,
        "publicutilitiesallowanceforfundsusedduringconstructioncapitalizedcostofequity": 1000000,
        "incomelossfromequitymethodinvestments": 3000000,
        "othernonoperatingincomeexpense": 5000000,
        "nonoperatingincomeexpense": -42000000,
        "incomelossfromcontinuingoperationsbeforeincometaxesextraordinaryitemsnoncontrollinginterest": 117000000,
        "incometaxexpensebenefit": -39000000,
        "netincomelossavailabletocommonstockholdersbasic": 1070000000,
        "earningspersharebasic": 1.08,
        "earningspersharediluted": 1.0699999999999998,
        "weightedaveragenumberofsharesoutstandingbasic": 2000000,
        "weightedaveragenumberofdilutedsharesoutstanding": 2000000,
        "commonstockdividendspersharecashpaid": 0.5800000000000001,
        "excisetaxescollected": 8000000
    },
    {
        "date": "2017-06-29",
        "symbol": "SO",
        "period": "Q2",
        "profitloss": 102000000,
        "othercomprehensiveincomeunrealizedgainlossonderivativesarisingduringperiodnetoftax": 40000000,
        "othercomprehensiveincomelossreclassificationadjustmentfromaocionderivativesnetoftax": 44000000,
        "othercomprehensiveincomelossreclassificationadjustmentfromaocipensionandotherpostretirementbenefitplansfornetgainlossnetoftax": 0,
        "comprehensiveincomenetoftaxincludingportionattributabletononcontrollinginterest": 94000000,
        "preferredstockdividendsincomestatementimpact": -1000000,
        "netincomelossattributabletononcontrollinginterest": 21000000,
        "othercomprehensiveincomeunrealizedgainlossonderivativesarisingduringperiodtax": 24000000,
        "othercomprehensiveincomelossreclassificationadjustmentfromaocionderivativestax": -27000000,
        "othercomprehensiveincomelossreclassificationadjustmentfromaocipensionandotherpostretirementbenefitplansfornetgainlosstax": 2000000,
        "retailrevenues": 222000000,
        "wholesalerevenuesnonaffiliates": 436000000,
        "wholesalerevenues": 618000000,
        "wholesalerevenuesaffiliates": 90000000,
        "otherelectricrevenues": 167000000,
        "naturalgasrevenues": 684000000,
        "othersalesrevenuenet": 3000000,
        "revenues": -161000000,
        "utilitiesoperatingexpensefuelused": 139000000,
        "costofpurchasedpowernonaffiliates": 29000000,
        "costofpurchasedpower": 211000000,
        "costofnaturalgas": 232000000,
        "costofothersales": 115000000,
        "costofpurchasedpoweraffiliates": 11000000,
        "othercostofoperatingrevenue": 6000000,
        "utilitiesoperatingexpensemaintenanceandoperations": 98000000,
        "depreciationandamortizationexcludingnuclearfuel": 128000000,
        "taxesexcludingincomeandexcisetaxes": 12000000,
        "estimatedlossonintegratedcoalgasificationcombinedcycleproject": 3012000000,
        "costsandexpenses": 417000000,
        "operatingincomeloss": 112000000,
        "publicutilitiesallowanceforfundsusedduringconstructioncapitalizedcostofequity": 36000000,
        "incomelossfromequitymethodinvestments": -32000000,
        "interestanddebtexpense": 47000000,
        "othernonoperatingincomeexpense": -1000000,
        "nonoperatingincomeexpense": -48000000,
        "incomelossfromcontinuingoperationsbeforeincometaxesextraordinaryitemsnoncontrollinginterest": 64000000,
        "incometaxexpensebenefit": -38000000,
        "netincomelossavailabletocommonstockholdersbasic": -1381000000,
        "earningspersharebasic": -1.3900000000000001,
        "earningspersharediluted": -1.38,
        "weightedaveragenumberofsharesoutstandingbasic": 3000000,
        "weightedaveragenumberofdilutedsharesoutstanding": 3000000,
        "commonstockdividendspersharecashpaid": 0.5799999999999998,
        "excisetaxescollected": 19000000
    },
    {
        "date": "2017-03-30",
        "symbol": "SO",
        "period": "Q1",
        "profitloss": 66000000,
        "othercomprehensiveincomeunrealizedgainlossonderivativesarisingduringperiodnetoftax": -8000000,
        "othercomprehensiveincomelossreclassificationadjustmentfromaocionderivativesnetoftax": 4000000,
        "othercomprehensiveincomelossreclassificationadjustmentfromaocipensionandotherpostretirementbenefitplansfornetgainlossnetoftax": 1000000,
        "othercomprehensiveincomelossnetoftaxportionattributabletoparent": -9000000,
        "preferredstockdividendsincomestatementimpact": 2000000,
        "netincomelossattributabletononcontrollinginterest": -4000000,
        "comprehensiveincomenetoftaxincludingportionattributabletononcontrollinginterest": 58000000,
        "othercomprehensiveincomeunrealizedgainlossonderivativesarisingduringperiodtax": -4000000,
        "othercomprehensiveincomelossreclassificationadjustmentfromaocionderivativestax": -3000000,
        "othercomprehensiveincomelossreclassificationadjustmentfromaocipensionandotherpostretirementbenefitplansfornetgainlosstax": -1000000,
        "retailrevenues": 200000000,
        "wholesalerevenues": 531000000,
        "wholesalerevenuesnonaffiliates": 347000000,
        "wholesalerevenuesaffiliates": 100000000,
        "otherelectricrevenues": 175000000,
        "naturalgasrevenues": 1530000000,
        "othersalesrevenuenet": 3000000,
        "revenues": 450000000,
        "utilitiesoperatingexpensefuelused": 132000000,
        "costofpurchasedpower": 179000000,
        "costofnaturalgas": 719000000,
        "costofothersales": 88000000,
        "costofpurchasedpowernonaffiliates": 25000000,
        "costofpurchasedpoweraffiliates": 5000000,
        "othercostofoperatingrevenue": 7000000,
        "utilitiesoperatingexpensemaintenanceandoperations": 92000000,
        "depreciationandamortizationexcludingnuclearfuel": 119000000,
        "taxesexcludingincomeandexcisetaxes": 12000000,
        "lossoncoalfiredpowerplantunit": 32500000,
        "estimatedlossonintegratedcoalgasificationcombinedcycleproject": 108000000,
        "costsandexpenses": 385000000,
        "operatingincomeloss": 65000000,
        "publicutilitiesallowanceforfundsusedduringconstructioncapitalizedcostofequity": 35000000,
        "incomelossfromequitymethodinvestments": 34000000,
        "interestanddebtexpense": 50000000,
        "othernonoperatingincomeexpense": -1000000,
        "nonoperatingincomeexpense": -51000000,
        "incomelossfromcontinuingoperationsbeforeincometaxesextraordinaryitemsnoncontrollinginterest": 14000000,
        "incometaxexpensebenefit": -52000000,
        "netincomelossavailabletocommonstockholdersbasic": 658000000,
        "earningspersharebasic": 0.66,
        "earningspersharediluted": 0.66,
        "weightedaveragenumberofsharesoutstandingbasic": 993000000,
        "weightedaveragenumberofdilutedsharesoutstanding": 1000000000,
        "commonstockdividendspersharecashpaid": 0.56,
        "excisetaxescollected": 48000000
    },
    {
        "date": "2016-09-29",
        "symbol": "SO",
        "period": "Q3",
        "profitloss": 203000000,
        "othercomprehensiveincomeunrealizedgainlossonderivativesarisingduringperiodnetoftax": 23000000,
        "othercomprehensiveincomelossreclassificationadjustmentfromaocionderivativesnetoftax": 1000000,
        "othercomprehensiveincomelossreclassificationadjustmentfromaocipensionandotherpostretirementbenefitplansfornetgainlossnetoftax": -1000000,
        "othercomprehensiveincomelossnetoftaxportionattributabletoparent": 22000000,
        "preferredstockdividendsincomestatementimpact": 2000000,
        "netincomelossattributabletononcontrollinginterest": 27000000,
        "comprehensiveincomenetoftaxincludingportionattributabletononcontrollinginterest": 198000000,
        "othercomprehensiveincomeunrealizedgainlossonderivativesarisingduringperiodtax": 14000000,
        "othercomprehensiveincomelossreclassificationadjustmentfromaocionderivativestax": -1000000,
        "othercomprehensiveincomelossreclassificationadjustmentfromaocipensionandotherpostretirementbenefitplansfornetgainlosstax": 1000000,
        "retailrevenues": 263000000,
        "wholesalerevenues": 613000000,
        "wholesalerevenuesnonaffiliates": 387000000,
        "wholesalerevenuesaffiliates": 110000000,
        "otherelectricrevenues": 181000000,
        "naturalgasrevenues": 518000000,
        "othersalesrevenuenet": 3000000,
        "revenues": 139000000,
        "utilitiesoperatingexpensefuelused": 154000000,
        "costofpurchasedpower": 227000000,
        "costofnaturalgas": 133000000,
        "costofothersales": 84000000,
        "costofpurchasedpowernonaffiliates": 25000000,
        "costofpurchasedpoweraffiliates": 8000000,
        "utilitiesoperatingexpensemaintenanceandoperations": 81000000,
        "depreciationandamortizationexcludingnuclearfuel": 93000000,
        "taxesexcludingincomeandexcisetaxes": 5000000,
        "estimatedlossonintegratedcoalgasificationcombinedcycleproject": 88000000,
        "costsandexpenses": 366000000,
        "operatingincomeloss": 134000000,
        "publicutilitiesallowanceforfundsusedduringconstructioncapitalizedcostofequity": 31000000,
        "interestanddebtexpense": 35000000,
        "othernonoperatingincomeexpense": 2000000,
        "nonoperatingincomeexpense": -33000000,
        "incomelossfromcontinuingoperationsbeforeincometaxesextraordinaryitemsnoncontrollinginterest": 101000000,
        "incometaxexpensebenefit": -102000000,
        "netincomelossavailabletocommonstockholdersbasic": -67000000,
        "netincomeloss": 176000000,
        "earningspersharebasic": 1.17,
        "earningspersharediluted": 1.16,
        "weightedaveragenumberofsharesoutstandingbasic": 968000000,
        "weightedaveragenumberofdilutedsharesoutstanding": 975000000,
        "commonstockdividendspersharecashpaid": 0.56
    },
    {
        "date": "2016-06-29",
        "symbol": "SO",
        "period": "Q2",
        "profitloss": 101000000,
        "othercomprehensiveincomeunrealizedgainlossonderivativesarisingduringperiodnetoftax": -21000000,
        "othercomprehensiveincomelossreclassificationadjustmentfromaocionderivativesnetoftax": -13000000,
        "othercomprehensiveincomelossreclassificationadjustmentfromaocipensionandotherpostretirementbenefitplansfornetgainlossnetoftax": -1000000,
        "othercomprehensiveincomelossnetoftaxportionattributabletoparent": -3000000,
        "preferredstockdividendsincomestatementimpact": -1000000,
        "netincomelossattributabletononcontrollinginterest": 12000000,
        "comprehensiveincomenetoftaxincludingportionattributabletononcontrollinginterest": 78000000,
        "othercomprehensiveincomeunrealizedgainlossonderivativesarisingduringperiodtax": -14000000,
        "othercomprehensiveincomelossreclassificationadjustmentfromaocionderivativestax": 10000000,
        "othercomprehensiveincomelossreclassificationadjustmentfromaocipensionandotherpostretirementbenefitplansfornetgainlosstax": 0,
        "retailrevenues": 206000000,
        "wholesalerevenues": 446000000,
        "wholesalerevenuesnonaffiliates": 265000000,
        "wholesalerevenuesaffiliates": 107000000,
        "otherelectricrevenues": 167000000,
        "othersalesrevenuenet": 1000000,
        "revenues": 208000000,
        "utilitiesoperatingexpensefuelused": 96000000,
        "costofpurchasedpower": 189000000,
        "costofpurchasedpowernonaffiliates": 22000000,
        "costofpurchasedpoweraffiliates": 2000000,
        "utilitiesoperatingexpensemaintenanceandoperations": 83000000,
        "depreciationandamortizationexcludingnuclearfuel": 81000000,
        "taxesexcludingincomeandexcisetaxes": 7000000,
        "estimatedlossonintegratedcoalgasificationcombinedcycleproject": 81000000,
        "costsandexpenses": 291000000,
        "operatingincomeloss": 82000000,
        "publicutilitiesallowanceforfundsusedduringconstructioncapitalizedcostofequity": 30000000,
        "interestanddebtexpense": 22000000,
        "othernonoperatingincomeexpense": -1000000,
        "nonoperatingincomeexpense": -23000000,
        "incomelossfromcontinuingoperationsbeforeincometaxesextraordinaryitemsnoncontrollinginterest": 59000000,
        "incometaxexpensebenefit": -42000000,
        "netincomelossavailabletocommonstockholdersbasic": 612000000,
        "netincomeloss": 89000000,
        "earningspersharebasic": 0.6599999999999999,
        "earningspersharediluted": 0.6499999999999999,
        "weightedaveragenumberofsharesoutstandingbasic": 9000000,
        "weightedaveragenumberofdilutedsharesoutstanding": 9000000,
        "commonstockdividendspersharecashpaid": 0.56
    },
    {
        "date": "2016-03-30",
        "symbol": "SO",
        "period": "Q1",
        "profitloss": 51000000,
        "othercomprehensiveincomeunrealizedgainlossonderivativesarisingduringperiodnetoftax": -3000000,
        "othercomprehensiveincomelossreclassificationadjustmentfromaocionderivativesnetoftax": -1000000,
        "othercomprehensiveincomelossreclassificationadjustmentfromaocipensionandotherpostretirementbenefitplansfornetgainlossnetoftax": -1000000,
        "othercomprehensiveincomelossnetoftaxportionattributabletoparent": -114000000,
        "preferredstockdividendsincomestatementimpact": 2000000,
        "netincomelossattributabletononcontrollinginterest": 1000000,
        "comprehensiveincomenetoftaxincludingportionattributabletononcontrollinginterest": 51000000,
        "othercomprehensiveincomeunrealizedgainlossonderivativesarisingduringperiodtax": -1000000,
        "othercomprehensiveincomelossreclassificationadjustmentfromaocionderivativestax": -2000000,
        "othercomprehensiveincomelossreclassificationadjustmentfromaocipensionandotherpostretirementbenefitplansfornetgainlosstax": 1000000,
        "retailrevenues": 183000000,
        "wholesalerevenues": 396000000,
        "wholesalerevenuesnonaffiliates": 215000000,
        "wholesalerevenuesaffiliates": 97000000,
        "otherelectricrevenues": 181000000,
        "othersalesrevenuenet": 3000000,
        "revenues": -36000000,
        "utilitiesoperatingexpensefuelused": 91000000,
        "costofpurchasedpower": 165000000,
        "costofpurchasedpowernonaffiliates": 13000000,
        "costofpurchasedpoweraffiliates": 6000000,
        "utilitiesoperatingexpensemaintenanceandoperations": 79000000,
        "depreciationandamortizationexcludingnuclearfuel": 73000000,
        "taxesexcludingincomeandexcisetaxes": 6000000,
        "estimatedlossonintegratedcoalgasificationcombinedcycleproject": 53000000,
        "costsandexpenses": 268000000,
        "operatingincomeloss": 47000000,
        "publicutilitiesallowanceforfundsusedduringconstructioncapitalizedcostofequity": 29000000,
        "interestanddebtexpense": 21000000,
        "othernonoperatingincomeexpense": 2000000,
        "nonoperatingincomeexpense": -19000000,
        "incomelossfromcontinuingoperationsbeforeincometaxesextraordinaryitemsnoncontrollinginterest": 28000000,
        "incometaxexpensebenefit": -23000000,
        "netincomelossavailabletocommonstockholdersbasic": 485000000,
        "netincomeloss": 50000000,
        "earningspersharebasic": 0.53,
        "earningspersharediluted": 0.53,
        "weightedaveragenumberofsharesoutstandingbasic": 916000000,
        "weightedaveragenumberofdilutedsharesoutstanding": 922000000,
        "commonstockdividendspersharecashpaid": 0.5425
    },
    {
        "date": "2015-09-29",
        "symbol": "SO",
        "period": "Q3",
        "profitloss": 970000000,
        "othercomprehensiveincomeunrealizedgainlossonderivativesarisingduringperiodnetoftax": -18000000,
        "othercomprehensiveincomelossreclassificationadjustmentfromaocionderivativesnetoftax": -1000000,
        "othercomprehensiveincomelossreclassificationadjustmentfromaocipensionandotherpostretirementbenefitplansfornetgainlossnetoftax": -2000000,
        "othercomprehensiveincomelossnetoftaxportionattributabletoparent": -15000000,
        "preferredstockdividendsincomestatementimpact": 11000000,
        "netincomelossattributabletononcontrollinginterest": 9000000,
        "comprehensiveincomenetoftaxincludingportionattributabletononcontrollinginterest": 944000000,
        "othercomprehensiveincomeunrealizedgainlossonderivativesarisingduringperiodtax": -11000000,
        "othercomprehensiveincomelossreclassificationadjustmentfromaocionderivativestax": 1000000,
        "othercomprehensiveincomelossreclassificationadjustmentfromaocipensionandotherpostretirementbenefitplansfornetgainlosstax": 1000000,
        "retailrevenues": 4701000000,
        "wholesalerevenues": 520000000,
        "wholesalerevenuesnonaffiliates": 295000000,
        "wholesalerevenuesaffiliates": 104000000,
        "otherelectricrevenues": 169000000,
        "othersalesrevenuenet": 11000000,
        "revenues": 37000000,
        "utilitiesoperatingexpensefuelused": 1520000000,
        "costofpurchasedpower": 193000000,
        "costofpurchasedpowernonaffiliates": 17000000,
        "costofpurchasedpoweraffiliates": 5000000,
        "utilitiesoperatingexpensemaintenanceandoperations": 1097000000,
        "depreciationandamortizationexcludingnuclearfuel": 528000000,
        "taxesexcludingincomeandexcisetaxes": 264000000,
        "estimatedlossonintegratedcoalgasificationcombinedcycleproject": 150000000,
        "costsandexpenses": 3752000000,
        "operatingincomeloss": 1649000000,
        "publicutilitiesallowanceforfundsusedduringconstructioncapitalizedcostofequity": 60000000,
        "interestanddebtexpense": 218000000,
        "othernonoperatingincomeexpense": -21000000,
        "nonoperatingincomeexpense": -179000000,
        "incomelossfromcontinuingoperationsbeforeincometaxesextraordinaryitemsnoncontrollinginterest": 1470000000,
        "incometaxexpensebenefit": 500000000,
        "netincomelossavailabletocommonstockholdersbasic": -18000000,
        "netincomeloss": 102000000,
        "earningspersharebasic": 1.05,
        "earningspersharediluted": 1.05,
        "weightedaveragenumberofsharesoutstandingbasic": 910000000,
        "weightedaveragenumberofdilutedsharesoutstanding": 912000000,
        "commonstockdividendspersharecashpaid": 0.5425
    },
    {
        "date": "2015-06-29",
        "symbol": "SO",
        "period": "Q2",
        "profitloss": 643000000,
        "othercomprehensiveincomeunrealizedgainlossonderivativesarisingduringperiodnetoftax": 19000000,
        "othercomprehensiveincomelossreclassificationadjustmentfromaocionderivativesnetoftax": -2000000,
        "othercomprehensiveincomelossreclassificationadjustmentfromaocipensionandotherpostretirementbenefitplansfornetgainlossnetoftax": -1000000,
        "othercomprehensiveincomelossnetoftaxportionattributabletoparent": 22000000,
        "preferredstockdividendsincomestatementimpact": 14000000,
        "netincomelossattributabletononcontrollinginterest": 6000000,
        "comprehensiveincomenetoftaxincludingportionattributabletononcontrollinginterest": 651000000,
        "othercomprehensiveincomeunrealizedgainlossonderivativesarisingduringperiodtax": 12000000,
        "othercomprehensiveincomelossreclassificationadjustmentfromaocionderivativestax": 1000000,
        "othercomprehensiveincomelossreclassificationadjustmentfromaocipensionandotherpostretirementbenefitplansfornetgainlosstax": 1000000,
        "retailrevenues": 3714000000,
        "wholesalerevenues": 448000000,
        "wholesalerevenuesnonaffiliates": 250000000,
        "wholesalerevenuesaffiliates": 85000000,
        "otherelectricrevenues": 162000000,
        "othersalesrevenuenet": 13000000,
        "revenues": -30000000,
        "utilitiesoperatingexpensefuelused": 1200000000,
        "costofpurchasedpower": 171000000,
        "costofpurchasedpowernonaffiliates": 18000000,
        "costofpurchasedpoweraffiliates": 4000000,
        "utilitiesoperatingexpensemaintenanceandoperations": 1100000000,
        "depreciationandamortizationexcludingnuclearfuel": 500000000,
        "taxesexcludingincomeandexcisetaxes": 245000000,
        "estimatedlossonintegratedcoalgasificationcombinedcycleproject": 23000000,
        "costsandexpenses": 3239000000,
        "operatingincomeloss": 1098000000,
        "publicutilitiesallowanceforfundsusedduringconstructioncapitalizedcostofequity": 39000000,
        "interestanddebtexpense": 180000000,
        "othernonoperatingincomeexpense": -12000000,
        "nonoperatingincomeexpense": -153000000,
        "incomelossfromcontinuingoperationsbeforeincometaxesextraordinaryitemsnoncontrollinginterest": 945000000,
        "incometaxexpensebenefit": 302000000,
        "netincomelossavailabletocommonstockholdersbasic": 4000000,
        "netincomeloss": 46000000,
        "earningspersharebasic": 0.69,
        "earningspersharediluted": 0.69,
        "weightedaveragenumberofsharesoutstandingbasic": 909000000,
        "weightedaveragenumberofdilutedsharesoutstanding": 912000000,
        "commonstockdividendspersharecashpaid": 0.5425
    },
    {
        "date": "2014-09-29",
        "symbol": "SO",
        "period": "Q3",
        "profitloss": 65278000,
        "othercomprehensiveincomeunrealizedgainlossonderivativesarisingduringperiodnetoftax": -1000,
        "othercomprehensiveincomelossreclassificationadjustmentfromaocionderivativesnetoftax": -84000,
        "othercomprehensiveincomelossreclassificationadjustmentfromaocipensionandotherpostretirementbenefitplansfornetgainlossnetoftax": -1000000,
        "othercomprehensiveincomelossnetoftaxportionattributabletoparent": 83000,
        "netincomelossattributabletononcontrollinginterest": 1647000,
        "comprehensiveincomenetoftaxincludingportionattributabletononcontrollinginterest": 63714000,
        "othercomprehensiveincomeunrealizedgainlossonderivativesarisingduringperiodtax": -1000,
        "othercomprehensiveincomelossreclassificationadjustmentfromaocionderivativestax": 52000,
        "othercomprehensiveincomelossreclassificationadjustmentfromaocipensionandotherpostretirementbenefitplansfornetgainlosstax": 1000000,
        "retailrevenues": 228331000,
        "wholesalerevenues": 600000000,
        "wholesalerevenuesnonaffiliates": 331878000,
        "wholesalerevenuesaffiliates": 102631000,
        "otherelectricrevenues": 169000000,
        "othersalesrevenuenet": 747000,
        "revenues": 435000000,
        "utilitiesoperatingexpensefuelused": 178281000,
        "costofpurchasedpower": 194000000,
        "costofpurchasedpowernonaffiliates": 28156000,
        "costofpurchasedpoweraffiliates": 12796000,
        "utilitiesoperatingexpensemaintenanceandoperations": 46347000,
        "depreciationandamortizationexcludingnuclearfuel": 59508000,
        "taxesexcludingincomeandexcisetaxes": 5458000,
        "estimatedlossonintegratedcoalgasificationcombinedcycleproject": 418000000,
        "costsandexpenses": 330546000,
        "operatingincomeloss": 104710000,
        "publicutilitiesallowanceforfundsusedduringconstructioncapitalizedcostofequity": 32223000,
        "interestanddebtexpense": 22983000,
        "othernonoperatingincomeexpense": 5511000,
        "nonoperatingincomeexpense": -17472000,
        "incomelossfromcontinuingoperationsbeforeincometaxesandminorityinterest": 1127000000,
        "incomelossfromcontinuingoperationsbeforeincometaxesextraordinaryitemsnoncontrollinginterest": 87238000,
        "incometaxexpensebenefit": 21960000,
        "preferredstockdividendsincomestatementimpact": 433000,
        "netincomelossavailabletocommonstockholdersbasic": 718000000,
        "netincomeloss": 63631000,
        "earningspersharebasic": 0.8,
        "earningspersharediluted": 0.8,
        "weightedaveragenumberofsharesoutstandingbasic": 898000000,
        "weightedaveragenumberofdilutedsharesoutstanding": 902000000,
        "commonstockdividendspersharecashpaid": 0.525
    },
    {
        "date": "2014-06-29",
        "symbol": "SO",
        "period": "Q2",
        "profitloss": 32044000,
        "othercomprehensiveincomeunrealizedgainlossonderivativesarisingduringperiodnetoftax": 2000,
        "othercomprehensiveincomelossreclassificationadjustmentfromaocionderivativesnetoftax": -108000,
        "othercomprehensiveincomelossreclassificationadjustmentfromaocipensionandotherpostretirementbenefitplansfornetgainlossnetoftax": -1000000,
        "othercomprehensiveincomelossnetoftaxportionattributabletoparent": 110000,
        "netincomelossattributabletononcontrollinginterest": 1232000,
        "comprehensiveincomenetoftaxincludingportionattributabletononcontrollinginterest": 30922000,
        "othercomprehensiveincomeunrealizedgainlossonderivativesarisingduringperiodtax": 1000,
        "othercomprehensiveincomelossreclassificationadjustmentfromaocionderivativestax": 24000,
        "othercomprehensiveincomelossreclassificationadjustmentfromaocipensionandotherpostretirementbenefitplansfornetgainlosstax": 1000000,
        "retailrevenues": 211326000,
        "wholesalerevenues": 515000000,
        "wholesalerevenuesnonaffiliates": 260347000,
        "wholesalerevenuesaffiliates": 67563000,
        "otherelectricrevenues": 169000000,
        "othersalesrevenuenet": 893000,
        "revenues": 329000000,
        "utilitiesoperatingexpensefuelused": 118053000,
        "costofpurchasedpower": 133000000,
        "costofpurchasedpowernonaffiliates": 16594000,
        "costofpurchasedpoweraffiliates": 16493000,
        "utilitiesoperatingexpensemaintenanceandoperations": 69330000,
        "depreciationandamortizationexcludingnuclearfuel": 51559000,
        "taxesexcludingincomeandexcisetaxes": 5701000,
        "costsandexpenses": 277730000,
        "operatingincomeloss": 51073000,
        "publicutilitiesallowanceforfundsusedduringconstructioncapitalizedcostofequity": 37380000,
        "interestanddebtexpense": 21966000,
        "othernonoperatingincomeexpense": -32000,
        "nonoperatingincomeexpense": -21998000,
        "incomelossfromcontinuingoperationsbeforeincometaxesandminorityinterest": 949000000,
        "incomelossfromcontinuingoperationsbeforeincometaxesextraordinaryitemsnoncontrollinginterest": 29075000,
        "incometaxexpensebenefit": -2969000,
        "preferredstockdividendsincomestatementimpact": 433000,
        "netincomelossavailabletocommonstockholdersbasic": 611000000,
        "earningspersharebasic": 0.68,
        "earningspersharediluted": 0.68,
        "weightedaveragenumberofsharesoutstandingbasic": 895000000,
        "weightedaveragenumberofdilutedsharesoutstanding": 899000000,
        "commonstockdividendspersharecashpaid": 0.525,
        "netincomeloss": 30812000
    },
    {
        "date": "2014-03-30",
        "symbol": "SO",
        "period": "Q1",
        "profitloss": 34287000,
        "othercomprehensiveincomeunrealizedgainlossonderivativesarisingduringperiodnetoftax": -2000,
        "othercomprehensiveincomelossreclassificationadjustmentfromaocionderivativesnetoftax": -89000,
        "othercomprehensiveincomelossreclassificationadjustmentfromaocipensionandotherpostretirementbenefitplansfornetgainlossnetoftax": -1000000,
        "othercomprehensiveincomelossnetoftaxportionattributabletoparent": 2000000,
        "netincomelossattributabletononcontrollinginterest": 816000,
        "comprehensiveincomenetoftaxincludingportionattributabletononcontrollinginterest": 33558000,
        "othercomprehensiveincomeunrealizedgainlossonderivativesarisingduringperiodtax": -1000,
        "othercomprehensiveincomelossreclassificationadjustmentfromaocionderivativestax": 39000,
        "retailrevenues": 4400000,
        "wholesalerevenues": 604000000,
        "wholesalerevenuesnonaffiliates": 277868000,
        "wholesalerevenuesaffiliates": 72333000,
        "otherelectricrevenues": 165000000,
        "othersalesrevenuenet": 653000,
        "revenues": -102000000,
        "utilitiesoperatingexpensefuelused": 124562000,
        "costofpurchasedpower": 187000000,
        "costofpurchasedpowernonaffiliates": 27893000,
        "costofpurchasedpoweraffiliates": 29186000,
        "utilitiesoperatingexpensemaintenanceandoperations": 52715000,
        "depreciationandamortizationexcludingnuclearfuel": 51457000,
        "taxesexcludingincomeandexcisetaxes": 5683000,
        "estimatedlossonintegratedcoalgasificationcombinedcycleproject": 380000000,
        "costsandexpenses": 291496000,
        "operatingincomeloss": 59358000,
        "publicutilitiesallowanceforfundsusedduringconstructioncapitalizedcostofequity": 38082000,
        "interestanddebtexpense": 22003000,
        "othernonoperatingincomeexpense": 118000,
        "nonoperatingincomeexpense": -21885000,
        "incomelossfromcontinuingoperationsbeforeincometaxesandminorityinterest": 544000000,
        "incomelossfromcontinuingoperationsbeforeincometaxesextraordinaryitemsnoncontrollinginterest": 37473000,
        "incometaxexpensebenefit": 3186000,
        "preferredstockdividendsincomestatementimpact": 433000,
        "netincomelossavailabletocommonstockholdersbasic": 33000000,
        "earningspersharebasic": 0.39,
        "earningspersharediluted": 0.39,
        "weightedaveragenumberofsharesoutstandingbasic": 890000000,
        "weightedaveragenumberofdilutedsharesoutstanding": 893000000,
        "commonstockdividendspersharecashpaid": 0.5075,
        "netincomeloss": 33471000
    },
    {
        "date": "2013-09-29",
        "symbol": "SO",
        "period": "Q3",
        "profitloss": 85153000,
        "othercomprehensiveincomelossreclassificationadjustmentfromaocionderivativesnetoftax": -338000,
        "othercomprehensiveincomelossreclassificationadjustmentfromaocipensionandotherpostretirementbenefitplansfornetgainlossnetoftax": -1000000,
        "othercomprehensiveincomelossnetoftaxportionattributabletoparent": 338000,
        "netincomelossattributabletononcontrollinginterest": 17000000,
        "comprehensiveincomenetoftaxincludingportionattributabletononcontrollinginterest": 85491000,
        "othercomprehensiveincomelossreclassificationadjustmentfromaocionderivativestax": 213000,
        "othercomprehensiveincomelossreclassificationadjustmentfromaocipensionandotherpostretirementbenefitplansfornetgainlosstax": 1000000,
        "retailrevenues": 230710000,
        "wholesalerevenues": 520000000,
        "wholesalerevenuesnonaffiliates": 265752000,
        "wholesalerevenuesaffiliates": 96795000,
        "otherelectricrevenues": 166000000,
        "othersalesrevenuenet": 2220000,
        "revenues": 5005000000,
        "utilitiesoperatingexpensefuelused": 133464000,
        "costofpurchasedpower": 145000000,
        "costofpurchasedpowernonaffiliates": 19673000,
        "costofpurchasedpoweraffiliates": 7011000,
        "utilitiesoperatingexpensemaintenanceandoperations": 41309000,
        "depreciationandamortizationexcludingnuclearfuel": 41094000,
        "taxesexcludingincomeandexcisetaxes": 5719000,
        "estimatedlossonintegratedcoalgasificationcombinedcycleproject": 150000000,
        "costsandexpenses": 248270000,
        "operatingincomeloss": 116497000,
        "publicutilitiesallowanceforfundsusedduringconstructioncapitalizedcostofequity": 32624000,
        "leveragedleasesincomestatementnetincomefromleveragedleases": 5000000,
        "interestanddebtexpense": 12961000,
        "othernonoperatingincomeexpense": -791000,
        "nonoperatingincomeexpense": -13752000,
        "incomelossfromcontinuingoperationsbeforeincometaxesandminorityinterest": 1337000000,
        "incomelossfromcontinuingoperationsbeforeincometaxesextraordinaryitemsnoncontrollinginterest": 102745000,
        "incometaxexpensebenefit": 17592000,
        "preferredstockdividendsincomestatementimpact": 433000,
        "netincomelossavailabletocommonstockholdersbasic": 85000000,
        "earningspersharebasic": 0.97,
        "earningspersharediluted": 0.97,
        "weightedaveragenumberofsharesoutstandingbasic": 878000000,
        "weightedaveragenumberofdilutedsharesoutstanding": 881000000,
        "commonstockdividendspersharecashpaid": 0.5075
    },
    {
        "date": "2013-06-29",
        "symbol": "SO",
        "period": "Q2",
        "profitloss": 27922000,
        "othercomprehensiveincomelossreclassificationadjustmentfromaocionderivativesnetoftax": -1647000,
        "othercomprehensiveincomelossreclassificationadjustmentfromaocipensionandotherpostretirementbenefitplansfornetgainlossnetoftax": -2000000,
        "othercomprehensiveincomelossnetoftaxportionattributabletoparent": 1647000,
        "netincomelossattributabletononcontrollinginterest": 16000000,
        "comprehensiveincomenetoftaxincludingportionattributabletononcontrollinginterest": 29569000,
        "othercomprehensiveincomelossreclassificationadjustmentfromaocionderivativestax": 1052000,
        "othercomprehensiveincomelossreclassificationadjustmentfromaocipensionandotherpostretirementbenefitplansfornetgainlosstax": 1000000,
        "retailrevenues": 214254000,
        "wholesalerevenues": 454000000,
        "wholesalerevenuesnonaffiliates": 216647000,
        "wholesalerevenuesaffiliates": 88638000,
        "otherelectricrevenues": 156000000,
        "othersalesrevenuenet": 1970000,
        "revenues": 89000000,
        "utilitiesoperatingexpensefuelused": 110630000,
        "costofpurchasedpower": 127000000,
        "costofpurchasedpowernonaffiliates": 22307000,
        "costofpurchasedpoweraffiliates": 6282000,
        "utilitiesoperatingexpensemaintenanceandoperations": 62661000,
        "depreciationandamortizationexcludingnuclearfuel": 44898000,
        "taxesexcludingincomeandexcisetaxes": 5453000,
        "estimatedlossonintegratedcoalgasificationcombinedcycleproject": 450000000,
        "costsandexpenses": 252231000,
        "operatingincomeloss": 55024000,
        "publicutilitiesallowanceforfundsusedduringconstructioncapitalizedcostofequity": 29042000,
        "leveragedleasesincomestatementnetincomefromleveragedleases": 5000000,
        "interestanddebtexpense": 20568000,
        "othernonoperatingincomeexpense": -1691000,
        "nonoperatingincomeexpense": -22259000,
        "incomelossfromcontinuingoperationsbeforeincometaxesandminorityinterest": 471000000,
        "incomelossfromcontinuingoperationsbeforeincometaxesextraordinaryitemsnoncontrollinginterest": 32765000,
        "incometaxexpensebenefit": 4843000,
        "preferredstockdividendsincomestatementimpact": 433000,
        "netincomelossavailabletocommonstockholdersbasic": 28000000,
        "earningspersharebasic": 0.34,
        "earningspersharediluted": 0.34,
        "weightedaveragenumberofsharesoutstandingbasic": 874000000,
        "weightedaveragenumberofdilutedsharesoutstanding": 879000000,
        "commonstockdividendspersharecashpaid": 0.5075
    },
    {
        "date": "2013-03-30",
        "symbol": "SO",
        "period": "Q1",
        "profitloss": 29192000,
        "othercomprehensiveincomelossreclassificationadjustmentonderivativesincludedinnetincomenetoftax": 1634000,
        "othercomprehensiveincomereclassificationofdefinedbenefitplansnetgainlossrecognizedinnetperiodicbenefitcostnetoftax": 1000000,
        "othercomprehensiveincomelossnetoftaxportionattributabletoparent": 4000000,
        "netincomelossattributabletononcontrollinginterest": 433000,
        "comprehensiveincomenetoftaxincludingportionattributabletononcontrollinginterest": 30826000,
        "othercomprehensiveincomelossreclassificationadjustmentonderivativesincludedinnetincometax": 1045000,
        "othercomprehensiveincomelossreclassificationpensionandotherpostretirementbenefitplansnetgainlossrecognizedinnetperiodicbenefitcosttax": 1000000,
        "retailrevenues": 168310000,
        "wholesalerevenues": 432000000,
        "wholesalerevenuesnonaffiliates": 223429000,
        "wholesalerevenuesaffiliates": 78191000,
        "otherelectricrevenues": 155000000,
        "othersalesrevenuenet": 1327000,
        "revenues": 3668000000,
        "utilitiesoperatingexpensefuelused": 119372000,
        "costofpurchasedpower": 95000000,
        "costofpurchasedpowernonaffiliates": 14573000,
        "costofpurchasedpoweraffiliates": 7865000,
        "utilitiesoperatingexpensemaintenanceandoperations": 50950000,
        "depreciationandamortizationexcludingnuclearfuel": 40160000,
        "taxesexcludingincomeandexcisetaxes": 5354000,
        "estimatedlossonintegratedcoalgasificationcombinedcycleproject": 462000000,
        "costsandexpenses": 238274000,
        "operatingincomeloss": 64673000,
        "publicutilitiesallowanceforfundsusedduringconstructioncapitalizedcostofequity": 26074000,
        "leveragedleasesincomestatementnetincomefromleveragedleases": -21000000,
        "interestanddebtexpense": 20394000,
        "othernonoperatingincomeexpense": -257000,
        "nonoperatingincomeexpense": -20651000,
        "incomelossfromcontinuingoperationsbeforeincometaxesandminorityinterest": 128000000,
        "incomelossfromcontinuingoperationsbeforeincometaxesextraordinaryitemsnoncontrollinginterest": 44022000,
        "incometaxexpensebenefit": 14830000,
        "netincomelossavailabletocommonstockholdersbasic": 66000000,
        "earningspersharebasic": 0.09,
        "earningspersharediluted": 0.09,
        "weightedaveragenumberofsharesoutstandingbasic": 870000000,
        "weightedaveragenumberofdilutedsharesoutstanding": 875000000,
        "commonstockdividendspersharecashpaid": 0.49
    },
    {
        "date": "2012-09-29",
        "symbol": "SO",
        "period": "Q3",
        "profitloss": 68376000,
        "netincomelossavailabletocommonstockholdersbasic": -554000000,
        "othercomprehensiveincomeunrealizedgainlossonderivativesarisingduringperiodnetoftax": 338000,
        "othercomprehensiveincomereclassificationofdefinedbenefitplansnetgainlossrecognizedinnetperiodicbenefitcostnetoftax": 1000000,
        "othercomprehensiveincomelossnetoftaxportionattributabletoparent": -8617000,
        "netincomelossattributabletononcontrollinginterest": 433000,
        "comprehensiveincomenetoftaxincludingportionattributabletononcontrollinginterest": 70283000,
        "othercomprehensiveincomeunrealizedgainlossonderivativesarisingduringperiodtax": 215000,
        "retailrevenues": 220296000,
        "wholesalerevenues": 497000000,
        "wholesalerevenuesnonaffiliates": 239916000,
        "wholesalerevenuesaffiliates": 112705000,
        "otherelectricrevenues": 157000000,
        "othersalesrevenuenet": 2350000,
        "revenues": 1117000000,
        "utilitiesoperatingexpensefuelused": 126109000,
        "costofpurchasedpower": 164000000,
        "costofpurchasedpowernonaffiliates": 23888000,
        "costofpurchasedpoweraffiliates": 2650000,
        "utilitiesoperatingexpensemaintenanceandoperations": 40357000,
        "depreciationandamortizationexcludingnuclearfuel": 37612000,
        "taxesexcludingincomeandexcisetaxes": 5121000,
        "costsandexpenses": 235737000,
        "operatingincomeloss": 119234000,
        "publicutilitiesallowanceforfundsusedduringconstructioncapitalizedcostofequity": 17763000,
        "investmentincomeinterestanddividend": 143000,
        "interestanddebtexpense": 17210000,
        "othernonoperatingincomeexpense": -522000,
        "nonoperatingincomeexpense": -17732000,
        "incomelossfromcontinuingoperationsbeforeincometaxesandminorityinterest": 1562000000,
        "incomelossfromcontinuingoperationsbeforeincometaxesextraordinaryitemsnoncontrollinginterest": 101502000,
        "incometaxexpensebenefit": 33126000,
        "earningspersharebasic": 1.13,
        "earningspersharediluted": 1.1,
        "weightedaveragenumberofsharesoutstandingbasic": -868000000,
        "weightedaveragenumberofdilutedsharesoutstanding": -877000000,
        "commonstockdividendspersharecashpaid": 0.48999999999999994
    },
    {
        "date": "2012-06-29",
        "symbol": "SO",
        "period": "Q2",
        "retailrevenues": 192177000,
        "wholesalerevenues": 415000000,
        "wholesalerevenuesnonaffiliates": 177865000,
        "wholesalerevenuesaffiliates": 105950000,
        "otherelectricrevenues": 154000000,
        "othersalesrevenuenet": 1990000,
        "revenues": -109000000,
        "utilitiesoperatingexpensefuelused": 91551000,
        "costofpurchasedpower": 150000000,
        "costofpurchasedpowernonaffiliates": 22514000,
        "costofpurchasedpoweraffiliates": 2914000,
        "utilitiesoperatingexpensemaintenanceandoperations": 40205000,
        "gainlossrelatedtolitigationsettlement": 19000000,
        "depreciationandamortizationexcludingnuclearfuel": 34016000,
        "taxesexcludingincomeandexcisetaxes": 4567000,
        "costsandexpenses": 195767000,
        "operatingincomeloss": 90038000,
        "publicutilitiesallowanceforfundsusedduringconstructioncapitalizedcostofequity": 13870000,
        "investmentincomeinterestanddividend": 380000,
        "interestanddebtexpense": 13949000,
        "othernonoperatingincomeexpense": -194000,
        "nonoperatingincomeexpense": -14143000,
        "incomelossfromcontinuingoperationsbeforeincometaxesandminorityinterest": 968000000,
        "incomelossfromcontinuingoperationsbeforeincometaxesextraordinaryitemsnoncontrollinginterest": 75895000,
        "incometaxexpensebenefit": 29293000,
        "profitloss": 46602000,
        "netincomelossattributabletononcontrollinginterest": 433000,
        "netincomelossavailabletocommonstockholdersbasic": 549000000,
        "earningspersharebasic": 0.71,
        "earningspersharediluted": 0.71,
        "weightedaveragenumberofsharesoutstandingbasic": 872000000,
        "weightedaveragenumberofdilutedsharesoutstanding": 880000000,
        "commonstockdividendspersharecashpaid": 0.49,
        "othercomprehensiveincomeunrealizedgainlossonderivativesarisingduringperiodnetoftax": 88000,
        "othercomprehensiveincomelossreclassificationadjustmentonderivativesincludedinnetincomenetoftax": 1529000,
        "othercomprehensiveincomereclassificationofdefinedbenefitplansnetgainlossrecognizedinnetperiodicbenefitcostnetoftax": 1000000,
        "othercomprehensiveincomelossnetoftaxportionattributabletoparent": 1617000,
        "comprehensiveincomenetoftaxincludingportionattributabletononcontrollinginterest": 48219000,
        "othercomprehensiveincomeunrealizedgainlossonderivativesarisingduringperiodtax": 53000,
        "othercomprehensiveincomelossreclassificationadjustmentonderivativesincludedinnetincometax": 956000,
        "othercomprehensiveincomelossreclassificationpensionandotherpostretirementbenefitplansnetgainlossrecognizedinnetperiodicbenefitcosttax": 1000000
    },
    {
        "date": "2012-03-30",
        "symbol": "SO",
        "period": "Q1",
        "profitloss": 29316000,
        "netincomelossavailabletocommonstockholdersbasic": 1000000,
        "othercomprehensiveincomeunrealizedgainlossonderivativesarisingduringperiodnetoftax": -274000,
        "othercomprehensiveincomereclassificationadjustmentonderivativesincludedinnetincomenetoftax": -1510000,
        "othercomprehensiveincomereclassificationofdefinedbenefitplansnetgainlossrecognizedinnetperiodicbenefitcostnetoftax": 1000000,
        "othercomprehensiveincomelossnetoftaxportionattributabletoparent": 6000000,
        "netincomelossattributabletononcontrollinginterest": 433000,
        "comprehensiveincomenetoftaxincludingportionattributabletononcontrollinginterest": 30552000,
        "othercomprehensiveincomeunrealizedgainlossonderivativesarisingduringperiodtax": -173000,
        "othercomprehensiveincomereclassificationadjustmentonderivativesincludedinnetincometax": -956000,
        "othercomprehensiveincomereclassificationofdefinedbenefitplansnetgainlossrecognizedinnetperiodicbenefitcosttax": -1000000,
        "retailrevenues": 166271000,
        "wholesalerevenues": 349000000,
        "wholesalerevenuesnonaffiliates": 140557000,
        "wholesalerevenuesaffiliates": 111788000,
        "otherelectricrevenues": 148000000,
        "othersalesrevenuenet": 1336000,
        "revenues": -114000000,
        "utilitiesoperatingexpensefuelused": 89078000,
        "costofpurchasedpower": 141000000,
        "costofpurchasedpowernonaffiliates": 20650000,
        "costofpurchasedpoweraffiliates": 2340000,
        "utilitiesoperatingexpensemaintenanceandoperations": 48389000,
        "depreciationandamortizationexcludingnuclearfuel": 31913000,
        "taxesexcludingincomeandexcisetaxes": 4968000,
        "costsandexpenses": 197338000,
        "operatingincomeloss": 56343000,
        "publicutilitiesallowanceforfundsusedduringconstructioncapitalizedcostofequity": 11827000,
        "investmentincomeinterestanddividend": 120000,
        "interestanddebtexpense": 13642000,
        "othernonoperatingincomeexpense": 30000,
        "nonoperatingincomeexpense": -13612000,
        "incomelossfromcontinuingoperationsbeforeincometaxesandminorityinterest": 584000000,
        "incomelossfromcontinuingoperationsbeforeincometaxesextraordinaryitemsnoncontrollinginterest": 42731000,
        "incometaxexpensebenefit": 13415000,
        "earningspersharebasic": 0.42,
        "earningspersharediluted": 0.42,
        "weightedaveragenumberofsharesoutstandingbasic": 868000000,
        "weightedaveragenumberofdilutedsharesoutstanding": 877000000,
        "commonstockdividendspersharecashpaid": 0.4725
    },
    {
        "date": "2011-09-29",
        "symbol": "SO",
        "period": "Q3",
        "profitloss": 56071000,
        "netincomelossavailabletocommonstockholdersbasic": 862000000,
        "othercomprehensiveincomeunrealizedgainlossonderivativesarisingduringperiodnetoftax": -206000,
        "othercomprehensiveincomereclassificationadjustmentonderivativesincludedinnetincomenetoftax": -1685000,
        "othercomprehensiveincomeunrealizedholdinggainlossonsecuritiesarisingduringperiodnetoftax": -5000000,
        "othercomprehensiveincomelossnetoftaxportionattributabletoparent": 1479000,
        "netincomelossattributabletononcontrollinginterest": 433000,
        "comprehensiveincomenetoftaxincludingportionattributabletononcontrollinginterest": 57550000,
        "othercomprehensiveincomeunrealizedgainlossonderivativesarisingduringperiodtax": -135000,
        "othercomprehensiveincomereclassificationadjustmentonderivativesincludedinnetincometax": -1106000,
        "othercomprehensiveincomeunrealizedholdinggainlossonsecuritiesarisingduringperiodtax": -2000000,
        "othercomprehensiveincomereclassificationofdefinedbenefitplansnetgainlossrecognizedinnetperiodicbenefitcosttax": -2000000,
        "retailrevenues": 233298000,
        "wholesalerevenues": 557000000,
        "wholesalerevenuesnonaffiliates": 274980000,
        "wholesalerevenuesaffiliates": 85177000,
        "otherelectricrevenues": 161000000,
        "othersalesrevenuenet": 2408000,
        "revenues": -97000000,
        "utilitiesoperatingexpensefuelused": 141968000,
        "costofpurchasedpower": 215000000,
        "costofpurchasedpowernonaffiliates": 25159000,
        "costofpurchasedpoweraffiliates": 11423000,
        "utilitiesoperatingexpensemaintenanceandoperations": 39571000,
        "depreciationandamortizationexcludingnuclearfuel": 31558000,
        "taxesexcludingincomeandexcisetaxes": 4178000,
        "costsandexpenses": 253857000,
        "operatingincomeloss": 108708000,
        "publicutilitiesallowanceforfundsusedduringconstructioncapitalizedcostofequity": 7291000,
        "interestincomeoperating": 167000,
        "interestanddebtexpense": 19886000,
        "othernonoperatingincomeexpense": -158000,
        "nonoperatingincomeexpense": -20044000,
        "incomelossfromcontinuingoperationsbeforeincometaxesandminorityinterest": 1476000000,
        "incomelossfromcontinuingoperationsbeforeincometaxesextraordinaryitemsnoncontrollinginterest": 88664000,
        "incometaxexpensebenefit": 32593000,
        "earningspersharebasic": 1.07,
        "earningspersharediluted": 1.06,
        "weightedaveragenumberofsharesoutstandingbasic": 860000000,
        "weightedaveragenumberofdilutedsharesoutstanding": 868000000,
        "commonstockdividendspersharecashpaid": 0.4725
    },
    {
        "date": "2011-06-29",
        "symbol": "SO",
        "period": "Q2",
        "profitloss": 314000000,
        "netincomelossavailabletocommonstockholdersbasic": 44000000,
        "othercomprehensiveincomeunrealizedgainlossonderivativesarisingduringperiodnetoftax": 13000,
        "othercomprehensiveincomereclassificationadjustmentonderivativesincludedinnetincomenetoftax": -1631000,
        "othercomprehensiveincomeunrealizedholdinggainlossonsecuritiesarisingduringperiodnetoftax": 3000000,
        "othercomprehensiveincomereclassificationofdefinedbenefitplansnetgainlossrecognizedinnetperiodicbenefitcostnetoftax": 1000000,
        "othercomprehensiveincomelossnetoftaxportionattributabletoparent": 1596000,
        "netincomelossattributabletononcontrollinginterest": 5000000,
        "comprehensiveincomenetoftaxincludingportionattributabletononcontrollinginterest": 33496000,
        "othercomprehensiveincomeunrealizedgainlossonderivativesarisingduringperiodtax": -1000000,
        "othercomprehensiveincomereclassificationadjustmentonderivativesincludedinnetincometax": -1084000,
        "othercomprehensiveincomeunrealizedholdinggainlossonsecuritiesarisingduringperiodtax": 2000000,
        "othercomprehensiveincomereclassificationofdefinedbenefitplansnetgainlossrecognizedinnetperiodicbenefitcosttax": 1000000,
        "retailrevenues": 2070000000,
        "wholesalerevenues": 507000000,
        "wholesalerevenuesnonaffiliates": 70000000,
        "wholesalerevenuesaffiliates": 22857000,
        "otherelectricrevenues": 154000000,
        "othersalesrevenuenet": 82000000,
        "revenues": -93000000,
        "utilitiesoperatingexpensefuelused": 428000000,
        "costofpurchasedpower": 145000000,
        "costofpurchasedpowernonaffiliates": 19664000,
        "costofpurchasedpoweraffiliates": 157000000,
        "utilitiesoperatingexpensemaintenanceandoperations": 72583000,
        "depreciationandamortizationexcludingnuclearfuel": 159000000,
        "taxesexcludingincomeandexcisetaxes": 17251000,
        "costsandexpenses": 218417000,
        "operatingincomeloss": 404000000,
        "publicutilitiesallowanceforfundsusedduringconstructioncapitalizedcostofequity": 22000000,
        "interestincomeoperating": 20000,
        "interestanddebtexpense": 14423000,
        "othernonoperatingincomeexpense": -7000000,
        "nonoperatingincomeexpense": -54000000,
        "incomelossfromcontinuingoperationsbeforeincometaxesandminorityinterest": 969000000,
        "incomelossfromcontinuingoperationsbeforeincometaxesextraordinaryitemsnoncontrollinginterest": 55059000,
        "incometaxexpensebenefit": 12587000,
        "earningspersharebasic": 0.71,
        "earningspersharediluted": 0.7,
        "weightedaveragenumberofsharesoutstandingbasic": 855000000,
        "weightedaveragenumberofdilutedsharesoutstanding": 862000000,
        "commonstockdividendspersharecashpaid": 0.4725
    },
    {
        "date": "2011-03-30",
        "symbol": "SO",
        "period": "Q1",
        "profitloss": 438000000,
        "othercomprehensiveincomeunrealizedgainlossonderivativesarisingduringperiodnetoftax": 3000000,
        "othercomprehensiveincomereclassificationadjustmentonderivativesincludedinnetincomenetoftax": -3000000,
        "othercomprehensiveincomeunrealizedholdinggainlossonsecuritiesarisingduringperiodnetoftax": -1000000,
        "othercomprehensiveincomereclassificationofdefinedbenefitplansnetgainlossrecognizedinnetperiodicbenefitcostnetoftax": -1000000,
        "othercomprehensiveincomelossnetoftaxportionattributabletoparent": 4000000,
        "netincomelossattributabletononcontrollinginterest": 16000000,
        "comprehensiveincomenetoftaxincludingportionattributabletononcontrollinginterest": 426000000,
        "othercomprehensiveincomeunrealizedgainlossonderivativesarisingduringperiodtax": 2000000,
        "othercomprehensiveincomereclassificationadjustmentonderivativesincludedinnetincometax": -2000000,
        "othercomprehensiveincomereclassificationofdefinedbenefitplansnetgainlossrecognizedinnetperiodicbenefitcosttax": -1000000,
        "retailrevenues": 3396000000,
        "wholesalerevenues": 449000000,
        "otherelectricrevenues": 150000000,
        "othersalesrevenuenet": 17000000,
        "revenues": 3810000000,
        "utilitiesoperatingexpensefuelused": 1476000000,
        "costofpurchasedpower": 100000000,
        "utilitiesoperatingexpensemaintenanceandoperations": 944000000,
        "depreciationandamortizationexcludingnuclearfuel": 418000000,
        "taxesexcludingincomeandexcisetaxes": 220000000,
        "costsandexpenses": 3158000000,
        "operatingincomeloss": 854000000,
        "publicutilitiesallowanceforfundsusedduringconstructioncapitalizedcostofequity": 35000000,
        "interestanddebtexpense": 222000000,
        "othernonoperatingincomeexpense": 2000000,
        "nonoperatingincomeexpense": -185000000,
        "incomelossfromcontinuingoperationsbeforeincometaxesandminorityinterest": 669000000,
        "incometaxexpensebenefit": 231000000,
        "netincomelossavailabletocommonstockholdersbasic": 385000000,
        "earningspersharebasic": 0.5,
        "earningspersharediluted": 0.49,
        "weightedaveragenumberofsharesoutstandingbasic": 847510000,
        "weightedaveragenumberofdilutedsharesoutstanding": 853939000,
        "commonstockdividendspersharecashpaid": 0.455
    },
    {
        "date": "2010-09-29",
        "symbol": "SO",
        "period": "Q3",
        "profitloss": 833433000,
        "othercomprehensiveincomeunrealizedgainlossonderivativesarisingduringperiodnetoftax": 1595000,
        "othercomprehensiveincomereclassificationadjustmentonderivativesincludedinnetincomenetoftax": -3839000,
        "othercomprehensiveincomeunrealizedholdinggainlossonsecuritiesarisingduringperiodnetoftax": -3086000,
        "othercomprehensiveincomereclassificationofdefinedbenefitplansnetgainlossrecognizedinnetperiodicbenefitcostnetoftax": 365000,
        "othercomprehensiveincomelossnetoftaxportionattributabletoparent": 2713000,
        "netincomelossattributabletononcontrollinginterest": 16195000,
        "comprehensiveincomenetoftaxincludingportionattributabletononcontrollinginterest": 819951000,
        "othercomprehensiveincomeunrealizedgainlossonderivativesarisingduringperiodtax": 1025000,
        "othercomprehensiveincomereclassificationadjustmentonderivativesincludedinnetincometax": -2438000,
        "othercomprehensiveincomeunrealizedholdinggainlossonsecuritiesarisingduringperiodtax": -2007000,
        "othercomprehensiveincomereclassificationofdefinedbenefitplansnetgainlossrecognizedinnetperiodicbenefitcosttax": -230000,
        "retailrevenues": 4572617000,
        "wholesalerevenues": 565932000,
        "otherelectricrevenues": 160960000,
        "othersalesrevenuenet": 20403000,
        "revenues": -124000000,
        "utilitiesoperatingexpensefuelused": 1969683000,
        "costofpurchasedpower": 209287000,
        "utilitiesoperatingexpensemaintenanceandoperations": 1020370000,
        "depreciationandamortizationexcludingnuclearfuel": 426797000,
        "taxesexcludingincomeandexcisetaxes": 235260000,
        "costsandexpenses": 3861397000,
        "operatingincomeloss": 1458515000,
        "allowanceforequityfundsusedduringconstruction": 45162000,
        "investmentincomeinterestanddividend": 5463000,
        "leveragedleasesincomestatementnetincomefromleveragedleases": 5839000,
        "interestanddebtexpense": 225138000,
        "othernonoperatingincomeexpense": -14481000,
        "nonoperatingincomeexpense": -183155000,
        "incomelossfromcontinuingoperationsbeforeincometaxesandminorityinterest": 1275360000,
        "incometaxexpensebenefit": 441927000,
        "netincomelossavailabletocommonstockholdersbasic": 61000000,
        "earningspersharebasic": 0.98,
        "earningspersharediluted": 0.97,
        "weightedaveragenumberofsharesoutstandingbasic": 835953000,
        "weightedaveragenumberofdilutedsharesoutstanding": 841835000,
        "commonstockdividendspersharecashpaid": 0.455
    },
    {
        "date": "2010-06-29",
        "symbol": "SO",
        "period": "Q2",
        "profitloss": 526389000,
        "othercomprehensiveincomeunrealizedgainlossonderivativesarisingduringperiodnetoftax": -1982000,
        "othercomprehensiveincomereclassificationadjustmentonderivativesincludedinnetincomenetoftax": -4928000,
        "othercomprehensiveincomeunrealizedholdinggainlossonsecuritiesarisingduringperiodnetoftax": 770000,
        "othercomprehensiveincomereclassificationofdefinedbenefitplansnetgainlossrecognizedinnetperiodicbenefitcostnetoftax": 364000,
        "othercomprehensiveincomelossnetoftaxportionattributabletoparent": 4080000,
        "netincomelossattributabletononcontrollinginterest": 16195000,
        "comprehensiveincomenetoftaxincludingportionattributabletononcontrollinginterest": 514274000,
        "othercomprehensiveincomeunrealizedgainlossonderivativesarisingduringperiodtax": -1267000,
        "othercomprehensiveincomereclassificationadjustmentonderivativesincludedinnetincometax": -3124000,
        "othercomprehensiveincomeunrealizedholdinggainlossonsecuritiesarisingduringperiodtax": 472000,
        "othercomprehensiveincomereclassificationofdefinedbenefitplansnetgainlossrecognizedinnetperiodicbenefitcosttax": -230000,
        "retailrevenues": 3571480000,
        "wholesalerevenues": 473229000,
        "otherelectricrevenues": 142152000,
        "othersalesrevenuenet": 20558000,
        "revenues": -118000000,
        "utilitiesoperatingexpensefuelused": 1628985000,
        "costofpurchasedpower": 128373000,
        "utilitiesoperatingexpensemaintenanceandoperations": 918391000,
        "depreciationandamortizationexcludingnuclearfuel": 366553000,
        "taxesexcludingincomeandexcisetaxes": 214066000,
        "costsandexpenses": 3256368000,
        "operatingincomeloss": 951051000,
        "allowanceforequityfundsusedduringconstruction": 45300000,
        "investmentincomeinterestanddividend": 4807000,
        "leveragedleasesincomestatementnetincomefromleveragedleases": 669000,
        "interestanddebtexpense": 218669000,
        "othernonoperatingincomeexpense": -9267000,
        "nonoperatingincomeexpense": -177160000,
        "incomelossfromcontinuingoperationsbeforeincometaxesandminorityinterest": 773891000,
        "incometaxexpensebenefit": 247502000,
        "netincomelossavailabletocommonstockholdersbasic": 30000000,
        "earningspersharebasic": 0.62,
        "earningspersharediluted": 0.61,
        "weightedaveragenumberofsharesoutstandingbasic": 828363000,
        "weightedaveragenumberofdilutedsharesoutstanding": 832622000,
        "commonstockdividendspersharecashpaid": 0.455
    },
    {
        "date": "2010-03-30",
        "symbol": "SO",
        "period": "Q1",
        "profitloss": 510703000,
        "othercomprehensiveincomeunrealizedgainlossonderivativesarisingduringperiodnetoftax": 1201000,
        "othercomprehensiveincomereclassificationadjustmentonderivativesincludedinnetincomenetoftax": -5646000,
        "othercomprehensiveincomeunrealizedholdinggainlossonsecuritiesarisingduringperiodnetoftax": 2026000,
        "othercomprehensiveincomereclassificationofdefinedbenefitplansnetgainlossrecognizedinnetperiodicbenefitcostnetoftax": 365000,
        "othercomprehensiveincomelossnetoftaxportionattributabletoparent": 9238000,
        "netincomelossattributabletononcontrollinginterest": 16195000,
        "comprehensiveincomenetoftaxincludingportionattributabletononcontrollinginterest": 503746000,
        "othercomprehensiveincomeunrealizedgainlossonderivativesarisingduringperiodtax": 786000,
        "othercomprehensiveincomereclassificationadjustmentonderivativesincludedinnetincometax": -3552000,
        "othercomprehensiveincomeunrealizedholdinggainlossonsecuritiesarisingduringperiodtax": 1144000,
        "othercomprehensiveincomereclassificationofdefinedbenefitplansnetgainlossrecognizedinnetperiodicbenefitcosttax": -230000,
        "retailrevenues": 3458920000,
        "wholesalerevenues": 541587000,
        "otherelectricrevenues": 135435000,
        "othersalesrevenuenet": 21375000,
        "revenues": 4157317000,
        "utilitiesoperatingexpensefuelused": 1645158000,
        "costofpurchasedpower": 126566000,
        "utilitiesoperatingexpensemaintenanceandoperations": 908024000,
        "depreciationandamortizationexcludingnuclearfuel": 343380000,
        "taxesexcludingincomeandexcisetaxes": 212195000,
        "costsandexpenses": 3235323000,
        "operatingincomeloss": 921994000,
        "allowanceforequityfundsusedduringconstruction": 49391000,
        "investmentincomeinterestanddividend": 4787000,
        "leveragedleasesincomestatementnetincomefromleveragedleases": 6131000,
        "interestanddebtexpense": 222482000,
        "othernonoperatingincomeexpense": -13437000,
        "nonoperatingincomeexpense": -175610000,
        "incomelossfromcontinuingoperationsbeforeincometaxesandminorityinterest": 746384000,
        "incometaxexpensebenefit": 235681000,
        "netincomelossavailabletocommonstockholdersbasic": 494508000,
        "earningspersharebasic": 0.6,
        "earningspersharediluted": 0.6,
        "weightedaveragenumberofsharesoutstandingbasic": 822526000,
        "weightedaveragenumberofdilutedsharesoutstanding": 824787000,
        "commonstockdividendspersharecashpaid": 0.4375
    }
]