[
    {
        "date": "2024-10-30",
        "symbol": "HEI",
        "period": "Q4",
        "revenues": 1013665000,
        "costofrevenue": 619773000,
        "sellinggeneralandadministrativeexpense": 175246000,
        "costsandexpenses": 795019000,
        "operatingincomeloss": 218646000,
        "interestexpensedebt": 35406000,
        "othernonoperatingincomeexpense": 646000,
        "incomelossfromcontinuingoperationsbeforeincometaxesextraordinaryitemsnoncontrollinginterest": 183886000,
        "incometaxexpensebenefit": 33000000,
        "profitloss": 150886000,
        "netincomelossattributabletononcontrollinginterest": 11198000,
        "netincomeloss": 139688000,
        "earningspersharebasic": 1,
        "earningspersharediluted": 0.9999999999999999,
        "weightedaveragenumberofsharesoutstandingbasic": 138455000,
        "weightedaveragenumberofdilutedsharesoutstanding": 140198000,
        "othercomprehensiveincomeforeigncurrencytransactionandtranslationgainlossarisingduringperiodnetoftax": 2411000,
        "othercomprehensiveincomelossnetoftax": 2441000,
        "comprehensiveincomenetoftaxincludingportionattributabletononcontrollinginterest": 146455000,
        "othercomprehensiveincomeforeigncurrencytransactionandtranslationadjustmentnetoftaxportionattributabletononcontrollinginterest": 109000,
        "comprehensiveincomenetoftaxattributabletononcontrollinginterest": 3898000,
        "comprehensiveincomenetoftax": 139688000
    },
    {
        "date": "2024-07-30",
        "symbol": "HEI",
        "period": "Q3",
        "revenues": 992246000,
        "costofrevenue": 602976000,
        "sellinggeneralandadministrativeexpense": 172824000,
        "costsandexpenses": 775800000,
        "operatingincomeloss": 216446000,
        "interestexpensedebt": 36788000,
        "othernonoperatingincomeexpense": 659000,
        "incomelossfromcontinuingoperationsbeforeincometaxesextraordinaryitemsnoncontrollinginterest": 180317000,
        "incometaxexpensebenefit": 32500000,
        "profitloss": 147817000,
        "netincomelossattributabletononcontrollinginterest": 11240000,
        "netincomeloss": 136577000,
        "earningspersharebasic": 0.9899999999999999,
        "earningspersharediluted": 0.9700000000000001,
        "weightedaveragenumberofsharesoutstandingbasic": 138389000,
        "weightedaveragenumberofdilutedsharesoutstanding": 140086000,
        "othercomprehensiveincomeforeigncurrencytransactionandtranslationgainlossarisingduringperiodnetoftax": 6954000,
        "definedbenefitplanamortizationofgainslosses": 13000,
        "othercomprehensiveincomelossnetoftax": 6967000,
        "comprehensiveincomenetoftaxincludingportionattributabletononcontrollinginterest": 131059000,
        "othercomprehensiveincomeforeigncurrencytransactionandtranslationadjustmentnetoftaxportionattributabletononcontrollinginterest": 235000,
        "comprehensiveincomenetoftaxattributabletononcontrollinginterest": -12250000,
        "comprehensiveincomenetoftax": 132074000,
        "stockholdersequityincludingportionattributabletononcontrollinginterest": 154100000,
        "stockissuedduringperiodvalueemployeebenefitplan": 2313000,
        "adjustmentstoadditionalpaidincapitalsharebasedcompensationrequisiteserviceperiodrecognitionvalue": 4625000,
        "adjustmentstoadditionalpaidincapitalsharebasedcompensationstockoptionsrequisiteserviceperiodrecognition": 2235000,
        "stockredeemedorcalledduringperiodvalue": 2484000,
        "minorityinterestdecreasefromdistributionstononcontrollinginterestholders": -14311000,
        "minorityinterestdecreasefromredemptions": 23402000,
        "minorityinterestchangeinredemptionvalue": -2526000,
        "adjustmentstoadditionalpaidincapitalother": 8294000,
        "stockholdersequityother": 8428000,
        "temporaryequitycarryingamountincludingportionattributabletononcontrollinginterests": -39098000,
        "temporaryequityotherchanges": -9000000
    },
    {
        "date": "2024-04-29",
        "symbol": "HEI",
        "period": "Q2",
        "revenues": 955395000,
        "costofrevenue": 583600000,
        "sellinggeneralandadministrativeexpense": 162642000,
        "costsandexpenses": 746242000,
        "operatingincomeloss": 209153000,
        "interestexpensedebt": 38512000,
        "othernonoperatingincomeexpense": 460000,
        "incomelossfromcontinuingoperationsbeforeincometaxesextraordinaryitemsnoncontrollinginterest": 171101000,
        "incometaxexpensebenefit": 36200000,
        "profitloss": 134901000,
        "netincomelossattributabletononcontrollinginterest": 11755000,
        "netincomeloss": 123146000,
        "earningspersharebasic": 0.89,
        "earningspersharediluted": 0.88,
        "weightedaveragenumberofsharesoutstandingbasic": 138325000,
        "weightedaveragenumberofdilutedsharesoutstanding": 139976000,
        "othercomprehensiveincomeforeigncurrencytransactionandtranslationgainlossarisingduringperiodnetoftax": -10143000,
        "definedbenefitplanamortizationofgainslosses": 13000,
        "othercomprehensiveincomelossnetoftax": -10130000,
        "comprehensiveincomenetoftaxincludingportionattributabletononcontrollinginterest": 124771000,
        "othercomprehensiveincomeforeigncurrencytransactionandtranslationadjustmentnetoftaxportionattributabletononcontrollinginterest": -415000,
        "comprehensiveincomenetoftaxattributabletononcontrollinginterest": 11340000,
        "comprehensiveincomenetoftax": 113431000,
        "stockholdersequityincludingportionattributabletononcontrollinginterest": 126167000,
        "dividendscommonstockcash": 0,
        "stockissuedduringperiodvalueemployeebenefitplan": 6724000,
        "adjustmentstoadditionalpaidincapitalsharebasedcompensationrequisiteserviceperiodrecognitionvalue": 4582000,
        "stockissuedduringperiodvaluestockoptionsexercised": 0,
        "adjustmentstoadditionalpaidincapitalsharebasedcompensationstockoptionsrequisiteserviceperiodrecognition": 1897000,
        "stockredeemedorcalledduringperiodvalue": 1751000,
        "minorityinterestdecreasefromdistributionstononcontrollinginterestholders": 6500000,
        "minorityinterestdecreasefromredemptions": 2109000,
        "minorityinterestchangeinredemptionvalue": 3165000,
        "adjustmentstoadditionalpaidincapitalother": 203000,
        "stockholdersequityother": -88000,
        "temporaryequitycarryingamountincludingportionattributabletononcontrollinginterests": 2504000,
        "temporaryequityotherchanges": -55000,
        "commonstockdividendspersharecashpaid": 0
    },
    {
        "date": "2024-01-30",
        "symbol": "HEI",
        "period": "Q1",
        "revenues": 896363000,
        "costofrevenue": 549594000,
        "sellinggeneralandadministrativeexpense": 166559000,
        "costsandexpenses": 716153000,
        "operatingincomeloss": 180210000,
        "interestexpensedebt": 38607000,
        "othernonoperatingincomeexpense": 679000,
        "incomelossfromcontinuingoperationsbeforeincometaxesextraordinaryitemsnoncontrollinginterest": 142282000,
        "incometaxexpensebenefit": 16800000,
        "profitloss": 125482000,
        "netincomelossattributabletononcontrollinginterest": 10784000,
        "netincomeloss": 114698000,
        "earningspersharebasic": 0.83,
        "earningspersharediluted": 0.82,
        "weightedaveragenumberofsharesoutstandingbasic": 138265000,
        "weightedaveragenumberofdilutedsharesoutstanding": 139893000,
        "othercomprehensiveincomeforeigncurrencytransactionandtranslationgainlossarisingduringperiodnetoftax": 14761000,
        "definedbenefitplanamortizationofgainslosses": 13000,
        "othercomprehensiveincomelossnetoftax": 14774000,
        "comprehensiveincomenetoftaxincludingportionattributabletononcontrollinginterest": 140256000,
        "othercomprehensiveincomeforeigncurrencytransactionandtranslationadjustmentnetoftaxportionattributabletononcontrollinginterest": 556000,
        "comprehensiveincomenetoftaxattributabletononcontrollinginterest": 11340000,
        "comprehensiveincomenetoftax": 128916000,
        "stockholdersequityincludingportionattributabletononcontrollinginterest": 3316639000,
        "dividendscommonstockcash": 13831000,
        "stockissuedduringperiodvalueemployeebenefitplan": 2576000,
        "adjustmentstoadditionalpaidincapitalsharebasedcompensationrequisiteserviceperiodrecognitionvalue": 4881000,
        "stockissuedduringperiodvaluestockoptionsexercised": 1000,
        "adjustmentstoadditionalpaidincapitalsharebasedcompensationstockoptionsrequisiteserviceperiodrecognition": 2252000,
        "stockredeemedorcalledduringperiodvalue": 601000,
        "minorityinterestdecreasefromdistributionstononcontrollinginterestholders": 8467000,
        "minorityinterestdecreasefromredemptions": 1056000,
        "minorityinterestchangeinredemptionvalue": 1443000,
        "adjustmentstoadditionalpaidincapitalother": -873000,
        "stockholdersequityother": -280000,
        "temporaryequitycarryingamountincludingportionattributabletononcontrollinginterests": 365865000,
        "temporaryequityotherchanges": 1142000,
        "commonstockdividendspersharecashpaid": 0.1
    },
    {
        "date": "2021-07-30",
        "symbol": "HEI",
        "period": "Q3",
        "revenues": 471707000,
        "costofrevenue": 286990000,
        "sellinggeneralandadministrativeexpense": 83879000,
        "costsandexpenses": 370869000,
        "operatingincomeloss": 100838000,
        "interestexpensedebt": 1717000,
        "othernonoperatingincomeexpense": 162000,
        "incomelossfromcontinuingoperationsbeforeincometaxesminorityinterestandincomelossfromequitymethodinvestments": 99283000,
        "incometaxexpensebenefit": 15600000,
        "profitloss": 83683000,
        "netincomelossattributabletononcontrollinginterest": 6794000,
        "netincomeloss": 76889000,
        "earningspersharebasic": 0.5700000000000001,
        "earningspersharediluted": 0.55,
        "weightedaveragenumberofsharesoutstandingbasic": 39000,
        "weightedaveragenumberofdilutedsharesoutstanding": 59000,
        "othercomprehensiveincomeforeigncurrencytransactionandtranslationgainlossarisingduringperiodnetoftax": -5145000,
        "definedbenefitplanamortizationofgainslosses": 33000,
        "othercomprehensiveincomelossnetoftax": -5112000,
        "comprehensiveincomenetoftaxincludingportionattributabletononcontrollinginterest": 78571000,
        "othercomprehensiveincomeforeigncurrencytransactionandtranslationadjustmentnetoftaxportionattributabletononcontrollinginterest": -173000,
        "comprehensiveincomenetoftaxattributabletononcontrollinginterest": 6621000,
        "comprehensiveincomenetoftax": 71950000,
        "stockholdersequityincludingportionattributabletononcontrollinginterest": 60196000,
        "adjustmentstoadditionalpaidincapitalsharebasedcompensationrequisiteserviceperiodrecognitionvalue": 2083000,
        "adjustmentstoadditionalpaidincapitalsharebasedcompensationstockoptionsrequisiteserviceperiodrecognition": 666000,
        "stockredeemedorcalledduringperiodvalue": 63000,
        "minorityinterestdecreasefromdistributionstononcontrollinginterestholders": 7402000,
        "minorityinterestchangeinredemptionvalue": 4264000,
        "adjustmentstoadditionalpaidincapitalother": 144000,
        "temporaryequitycarryingamountincludingportionattributabletononcontrollinginterests": 1418000
    },
    {
        "date": "2021-04-29",
        "symbol": "HEI",
        "period": "Q2",
        "revenues": 466651000,
        "costofrevenue": 286878000,
        "sellinggeneralandadministrativeexpense": 83025000,
        "costsandexpenses": 369903000,
        "operatingincomeloss": 96748000,
        "interestexpensedebt": 2083000,
        "othernonoperatingincomeexpense": 306000,
        "incomelossfromcontinuingoperationsbeforeincometaxesminorityinterestandincomelossfromequitymethodinvestments": 94971000,
        "incometaxexpensebenefit": 18500000,
        "profitloss": 76471000,
        "netincomelossattributabletononcontrollinginterest": 5798000,
        "netincomeloss": 70673000,
        "earningspersharebasic": 0.52,
        "earningspersharediluted": 0.52,
        "weightedaveragenumberofsharesoutstandingbasic": 42000,
        "weightedaveragenumberofdilutedsharesoutstanding": 36000,
        "othercomprehensiveincomeforeigncurrencytransactionandtranslationgainlossarisingduringperiodnetoftax": -539000,
        "definedbenefitplanamortizationofgainslosses": 34000,
        "othercomprehensiveincomelossnetoftax": -505000,
        "comprehensiveincomenetoftaxincludingportionattributabletononcontrollinginterest": 75966000,
        "othercomprehensiveincomeforeigncurrencytransactionandtranslationadjustmentnetoftaxportionattributabletononcontrollinginterest": -50000,
        "comprehensiveincomenetoftaxattributabletononcontrollinginterest": 5748000,
        "comprehensiveincomenetoftax": 70218000,
        "stockholdersequityincludingportionattributabletononcontrollinginterest": 79731000,
        "dividendscommonstockcash": 0,
        "adjustmentstoadditionalpaidincapitalsharebasedcompensationrequisiteserviceperiodrecognitionvalue": 2042000,
        "stockissuedduringperiodvaluestockoptionsexercised": 0,
        "adjustmentstoadditionalpaidincapitalsharebasedcompensationstockoptionsrequisiteserviceperiodrecognition": 1388000,
        "stockredeemedorcalledduringperiodvalue": 53000,
        "minorityinterestdecreasefromdistributionstononcontrollinginterestholders": 5342000,
        "minorityinterestchangeinredemptionvalue": 2122000,
        "valueofstockreversedduringperioddeferredcompensationobligation": 0,
        "valueofstockissuedorreversedduringperiodfordeferredcompensationobligation": 0,
        "adjustmentstoadditionalpaidincapitalother": 71000,
        "temporaryequitycarryingamountincludingportionattributabletononcontrollinginterests": 1041000,
        "temporaryequityotherchanges": -3000,
        "commonstockdividendspersharecashpaid": 0
    },
    {
        "date": "2021-01-30",
        "symbol": "HEI",
        "period": "Q1",
        "revenues": 417902000,
        "costofrevenue": 259468000,
        "sellinggeneralandadministrativeexpense": 78149000,
        "costsandexpenses": 337617000,
        "operatingincomeloss": 80285000,
        "interestexpensedebt": 2448000,
        "othernonoperatingincomeexpense": 711000,
        "incomelossfromcontinuingoperationsbeforeincometaxesminorityinterestandincomelossfromequitymethodinvestments": 78548000,
        "incometaxexpensebenefit": 2300000,
        "profitloss": 76248000,
        "netincomelossattributabletononcontrollinginterest": 5652000,
        "netincomeloss": 70596000,
        "earningspersharebasic": 0.52,
        "earningspersharediluted": 0.51,
        "weightedaveragenumberofsharesoutstandingbasic": 135210000,
        "weightedaveragenumberofdilutedsharesoutstanding": 137742000,
        "othercomprehensiveincomeforeigncurrencytransactionandtranslationgainlossarisingduringperiodnetoftax": 11648000,
        "definedbenefitplanamortizationofgainslosses": 34000,
        "othercomprehensiveincomelossnetoftax": 11682000,
        "comprehensiveincomenetoftaxincludingportionattributabletononcontrollinginterest": 87930000,
        "othercomprehensiveincomeforeigncurrencytransactionandtranslationadjustmentnetoftaxportionattributabletononcontrollinginterest": 404000,
        "comprehensiveincomenetoftaxattributabletononcontrollinginterest": 6056000,
        "comprehensiveincomenetoftax": 81874000,
        "stockholdersequityincludingportionattributabletononcontrollinginterest": 2080159000,
        "dividendscommonstockcash": 10818000,
        "adjustmentstoadditionalpaidincapitalsharebasedcompensationrequisiteserviceperiodrecognitionvalue": 2229000,
        "stockissuedduringperiodvaluestockoptionsexercised": 2000,
        "adjustmentstoadditionalpaidincapitalsharebasedcompensationstockoptionsrequisiteserviceperiodrecognition": 2448000,
        "stockredeemedorcalledduringperiodvalue": 3571000,
        "minorityinterestdecreasefromdistributionstononcontrollinginterestholders": 7378000,
        "minorityinterestchangeinredemptionvalue": 3576000,
        "valueofstockissuedorreversedduringperiodfordeferredcompensationobligation": 109000,
        "valueofstockreversedduringperioddeferredcompensationobligation": 109000,
        "adjustmentstoadditionalpaidincapitalother": 71000,
        "temporaryequitycarryingamountincludingportionattributabletononcontrollinginterests": 222225000,
        "temporaryequityotherchanges": 22000,
        "commonstockdividendspersharecashpaid": 0.08
    },
    {
        "date": "2020-07-30",
        "symbol": "HEI",
        "period": "Q3",
        "revenues": 386410000,
        "costofrevenue": 242927000,
        "sellinggeneralandadministrativeexpense": 75049000,
        "costsandexpenses": 317976000,
        "operatingincomeloss": 68434000,
        "interestexpensedebt": 2602000,
        "othernonoperatingincomeexpense": 632000,
        "incomelossfromcontinuingoperationsbeforeincometaxesminorityinterestandincomelossfromequitymethodinvestments": 66464000,
        "incometaxexpensebenefit": 8900000,
        "profitloss": 57564000,
        "netincomelossattributabletononcontrollinginterest": 3248000,
        "netincomeloss": 54316000,
        "earningspersharebasic": 0.4,
        "earningspersharediluted": 0.39000000000000024,
        "weightedaveragenumberofsharesoutstandingbasic": 80000,
        "weightedaveragenumberofdilutedsharesoutstanding": -12000,
        "othercomprehensiveincomeforeigncurrencytransactionandtranslationgainlossarisingduringperiodnetoftax": 20133000,
        "definedbenefitplanamortizationofgainslosses": 21000,
        "othercomprehensiveincomelossnetoftax": 20154000,
        "comprehensiveincomenetoftaxincludingportionattributabletononcontrollinginterest": 77718000,
        "othercomprehensiveincomeforeigncurrencytransactionandtranslationadjustmentnetoftaxportionattributabletononcontrollinginterest": 801000,
        "comprehensiveincomenetoftaxattributabletononcontrollinginterest": 4049000,
        "comprehensiveincomenetoftax": 73669000,
        "stockholdersequityincludingportionattributabletononcontrollinginterest": 62692000,
        "stockissuedduringperiodvalueemployeebenefitplan": -7280000,
        "adjustmentstoadditionalpaidincapitalsharebasedcompensationrequisiteserviceperiodrecognitionvalue": 2500000,
        "stockissuedduringperiodvaluestockoptionsexercised": 2000,
        "adjustmentstoadditionalpaidincapitalsharebasedcompensationstockoptionsrequisiteserviceperiodrecognition": 2951000,
        "stockredeemedorcalledduringperiodvalue": -2566000,
        "minorityinterestdecreasefromdistributionstononcontrollinginterestholders": 2263000,
        "noncontrollinginterestincreasefrombusinesscombination": 8933000,
        "minorityinterestchangeinredemptionvalue": 3887000,
        "adjustmentstoadditionalpaidincapitalother": 225000,
        "temporaryequitycarryingamountincludingportionattributabletononcontrollinginterests": 7632000
    },
    {
        "date": "2020-04-29",
        "symbol": "HEI",
        "period": "Q2",
        "revenues": 468146000,
        "costofrevenue": 289256000,
        "sellinggeneralandadministrativeexpense": 70729000,
        "costsandexpenses": 359985000,
        "operatingincomeloss": 108161000,
        "interestexpensedebt": 3759000,
        "othernonoperatingincomeexpense": 107000,
        "incomelossfromcontinuingoperationsbeforeincometaxesminorityinterestandincomelossfromequitymethodinvestments": 104509000,
        "incometaxexpensebenefit": 23600000,
        "profitloss": 80909000,
        "netincomelossattributabletononcontrollinginterest": 5456000,
        "netincomeloss": 75453000,
        "earningspersharebasic": 0.5599999999999999,
        "earningspersharediluted": 0.5499999999999999,
        "weightedaveragenumberofsharesoutstandingbasic": 73000,
        "weightedaveragenumberofdilutedsharesoutstanding": -152000,
        "othercomprehensiveincomeforeigncurrencytransactionandtranslationgainlossarisingduringperiodnetoftax": -4721000,
        "definedbenefitplanamortizationofgainslosses": 15000,
        "othercomprehensiveincomelossnetoftax": -4706000,
        "comprehensiveincomenetoftaxincludingportionattributabletononcontrollinginterest": 76203000,
        "othercomprehensiveincomeforeigncurrencytransactionandtranslationadjustmentnetoftaxportionattributabletononcontrollinginterest": -165000,
        "comprehensiveincomenetoftaxattributabletononcontrollinginterest": 5291000,
        "comprehensiveincomenetoftax": 70912000,
        "stockholdersequityincludingportionattributabletononcontrollinginterest": 80273000,
        "dividendscommonstockcash": 0,
        "stockissuedduringperiodvalueemployeebenefitplan": 5983000,
        "adjustmentstoadditionalpaidincapitalsharebasedcompensationrequisiteserviceperiodrecognitionvalue": 2629000,
        "stockissuedduringperiodvaluestockoptionsexercised": 1000,
        "adjustmentstoadditionalpaidincapitalsharebasedcompensationstockoptionsrequisiteserviceperiodrecognition": 863000,
        "stockredeemedorcalledduringperiodvalue": 5000,
        "noncontrollinginterestincreasefrombusinesscombination": -2000,
        "minorityinterestdecreasefromdistributionstononcontrollinginterestholders": 4630000,
        "minorityinterestchangeinredemptionvalue": 591000,
        "adjustmentstoadditionalpaidincapitalother": 75000,
        "temporaryequitycarryingamountincludingportionattributabletononcontrollinginterests": 614000
    },
    {
        "date": "2020-01-30",
        "symbol": "HEI",
        "period": "Q1",
        "profitloss": 129802000,
        "othercomprehensiveincomeforeigncurrencytransactionandtranslationgainlossarisingduringperiodnetoftax": -2678000,
        "definedbenefitplanamortizationofgainslosses": 24000,
        "othercomprehensiveincomelossnetoftax": -2654000,
        "comprehensiveincomenetoftaxincludingportionattributabletononcontrollinginterest": 127148000,
        "netincomelossattributabletononcontrollinginterest": 7914000,
        "othercomprehensiveincomeforeigncurrencytransactionandtranslationadjustmentnetoftaxportionattributabletononcontrollinginterest": -130000,
        "comprehensiveincomenetoftaxattributabletononcontrollinginterest": 7784000,
        "comprehensiveincomenetoftax": 119364000,
        "revenues": 506275000,
        "costofrevenue": 308228000,
        "sellinggeneralandadministrativeexpense": 87057000,
        "costsandexpenses": 395285000,
        "operatingincomeloss": 110990000,
        "interestexpensedebt": 4283000,
        "othernonoperatingincomeexpense": 195000,
        "incomelossfromcontinuingoperationsbeforeincometaxesminorityinterestandincomelossfromequitymethodinvestments": 106902000,
        "incometaxexpensebenefit": -22900000,
        "netincomeloss": 121888000,
        "earningspersharebasic": 0.91,
        "earningspersharediluted": 0.89,
        "weightedaveragenumberofsharesoutstandingbasic": 134523000,
        "weightedaveragenumberofdilutedsharesoutstanding": 137421000,
        "stockholdersequityincludingportionattributabletononcontrollinginterest": 1809247000,
        "dividendscommonstockcash": 10762000,
        "stockissuedduringperiodvalueemployeebenefitplan": 1298000,
        "adjustmentstoadditionalpaidincapitalsharebasedcompensationrequisiteserviceperiodrecognitionvalue": 2646000,
        "stockissuedduringperiodvaluestockoptionsexercised": 1000,
        "adjustmentstoadditionalpaidincapitalsharebasedcompensationstockoptionsrequisiteserviceperiodrecognition": 1527000,
        "stockredeemedorcalledduringperiodvalue": 2562000,
        "noncontrollinginterestincreasefrombusinesscombination": 7540000,
        "minorityinterestdecreasefromdistributionstononcontrollinginterestholders": 4347000,
        "minorityinterestchangeinredemptionvalue": -331000,
        "adjustmentstoadditionalpaidincapitalother": 261000,
        "temporaryequitycarryingamountincludingportionattributabletononcontrollinginterests": 195893000,
        "commonstockdividendspersharecashpaid": 0.08
    },
    {
        "date": "2019-07-30",
        "symbol": "HEI",
        "period": "Q3",
        "profitloss": 89059000,
        "othercomprehensiveincomeforeigncurrencytransactionandtranslationgainlossarisingduringperiodnetoftax": -532000,
        "definedbenefitplanamortizationofgainslosses": 6000,
        "othercomprehensiveincomelossnetoftax": -526000,
        "comprehensiveincomenetoftaxincludingportionattributabletononcontrollinginterest": 88533000,
        "netincomelossattributabletononcontrollinginterest": 7961000,
        "othercomprehensiveincomeforeigncurrencytransactionandtranslationadjustmentnetoftaxportionattributabletononcontrollinginterest": -95000,
        "comprehensiveincomenetoftaxattributabletononcontrollinginterest": 7866000,
        "comprehensiveincomenetoftax": 80667000,
        "revenues": 532324000,
        "costofrevenue": 319493000,
        "sellinggeneralandadministrativeexpense": 93417000,
        "costsandexpenses": 412910000,
        "operatingincomeloss": 119414000,
        "interestexpensedebt": 5523000,
        "othernonoperatingincomeexpense": 268000,
        "incomelossfromcontinuingoperationsbeforeincometaxesminorityinterestandincomelossfromequitymethodinvestments": 114159000,
        "incometaxexpensebenefit": 25100000,
        "netincomeloss": 81098000,
        "earningspersharebasic": 0.61,
        "earningspersharediluted": 0.5800000000000002,
        "weightedaveragenumberofsharesoutstandingbasic": 282000,
        "weightedaveragenumberofdilutedsharesoutstanding": 181000,
        "stockholdersequityincludingportionattributabletononcontrollinginterest": -19789000,
        "stockissuedduringperiodvalueemployeebenefitplan": 1266000,
        "adjustmentstoadditionalpaidincapitalsharebasedcompensationrequisiteserviceperiodrecognitionvalue": 2687000,
        "stockissuedduringperiodvaluestockoptionsexercised": 0,
        "minorityinterestdecreasefromdistributionstononcontrollinginterestholders": 4750000,
        "minorityinterestchangeinredemptionvalue": 1028000,
        "noncontrollinginterestincreasefrombusinesscombination": 25617000,
        "temporaryequitycarryingamountincludingportionattributabletononcontrollinginterests": 26903000
    },
    {
        "date": "2019-04-29",
        "symbol": "HEI",
        "period": "Q2",
        "profitloss": 90083000,
        "othercomprehensiveincomeforeigncurrencytransactionandtranslationgainlossarisingduringperiodnetoftax": -5636000,
        "definedbenefitplanamortizationofgainslosses": 6000,
        "othercomprehensiveincomelossnetoftax": -5630000,
        "comprehensiveincomenetoftaxincludingportionattributabletononcontrollinginterest": 84453000,
        "netincomelossattributabletononcontrollinginterest": 8301000,
        "othercomprehensiveincomeforeigncurrencytransactionandtranslationadjustmentnetoftaxportionattributabletononcontrollinginterest": -347000,
        "comprehensiveincomenetoftaxattributabletononcontrollinginterest": 7954000,
        "comprehensiveincomenetoftax": 76499000,
        "revenues": 515648000,
        "costofrevenue": 306261000,
        "sellinggeneralandadministrativeexpense": 90204000,
        "costsandexpenses": 396465000,
        "operatingincomeloss": 119183000,
        "interestexpensedebt": 5484000,
        "othernonoperatingincomeexpense": 2484000,
        "incomelossfromcontinuingoperationsbeforeincometaxesminorityinterestandincomelossfromequitymethodinvestments": 116183000,
        "incometaxexpensebenefit": 26100000,
        "netincomeloss": 81782000,
        "earningspersharebasic": 0.61,
        "earningspersharediluted": 0.6,
        "weightedaveragenumberofsharesoutstandingbasic": 190000,
        "weightedaveragenumberofdilutedsharesoutstanding": 114000,
        "commonstockdividendspersharecashpaid": 0,
        "stockholdersequityincludingportionattributabletononcontrollinginterest": 60409000,
        "cumulativeeffectofnewaccountingprincipleinperiodofadoption": 0,
        "dividendscommonstockcash": 0,
        "stockissuedduringperiodvalueemployeebenefitplan": 5344000,
        "adjustmentstoadditionalpaidincapitalsharebasedcompensationrequisiteserviceperiodrecognitionvalue": 2548000,
        "stockissuedduringperiodvaluestockoptionsexercised": -59000,
        "noncontrollinginterestincreasefrombusinesscombination": 7963000,
        "minorityinterestdecreasefromdistributionstononcontrollinginterestholders": 4987000,
        "minorityinterestchangeinredemptionvalue": 4894000,
        "stockissuedduringperiodvaluedeferredcompensationobligation": 0,
        "stockheldduringperiodvaluedeferredcompensationobligation": 0,
        "temporaryequitycarryingamountincludingportionattributabletononcontrollinginterests": 12455000
    },
    {
        "date": "2019-01-30",
        "symbol": "HEI",
        "period": "Q1",
        "profitloss": 88026000,
        "othercomprehensiveincomeforeigncurrencytransactionandtranslationgainlossarisingduringperiodnetoftax": 4374000,
        "definedbenefitplanamortizationofgainslosses": 6000,
        "othercomprehensiveincomelossnetoftax": 4380000,
        "comprehensiveincomenetoftaxincludingportionattributabletononcontrollinginterest": 92406000,
        "netincomelossattributabletononcontrollinginterest": 8694000,
        "othercomprehensiveincomeforeigncurrencytransactionandtranslationadjustmentnetoftaxportionattributabletononcontrollinginterest": 193000,
        "comprehensiveincomenetoftaxattributabletononcontrollinginterest": 8887000,
        "comprehensiveincomenetoftax": 83519000,
        "revenues": 466146000,
        "costofrevenue": 283909000,
        "sellinggeneralandadministrativeexpense": 84290000,
        "costsandexpenses": 368199000,
        "operatingincomeloss": 97947000,
        "interestexpensedebt": 5489000,
        "othernonoperatingincomeexpense": -332000,
        "incomelossfromcontinuingoperationsbeforeincometaxesminorityinterestandincomelossfromequitymethodinvestments": 92126000,
        "incometaxexpensebenefit": 4100000,
        "netincomeloss": 79332000,
        "earningspersharebasic": 0.6,
        "earningspersharediluted": 0.58,
        "weightedaveragenumberofsharesoutstandingbasic": 132933000,
        "weightedaveragenumberofdilutedsharesoutstanding": 136978000,
        "stockholdersequityincludingportionattributabletononcontrollinginterest": 1601755000,
        "cumulativeeffectofnewaccountingprincipleinperiodofadoption": 819000,
        "dividendscommonstockcash": 9305000,
        "stockissuedduringperiodvalueemployeebenefitplan": 1046000,
        "adjustmentstoadditionalpaidincapitalsharebasedcompensationrequisiteserviceperiodrecognitionvalue": 2439000,
        "stockissuedduringperiodvaluestockoptionsexercised": 66000,
        "adjustmentstoadditionalpaidincapitalsharebasedcompensationstockoptionsrequisiteserviceperiodrecognition": 66000,
        "stockredeemedorcalledduringperiodvalue": 150000,
        "noncontrollinginterestincreasefrombusinesscombination": 5116000,
        "minorityinterestdecreasefromdistributionstononcontrollinginterestholders": 2397000,
        "minorityinterestchangeinredemptionvalue": -228000,
        "stockheldduringperiodvaluedeferredcompensationobligation": 115000,
        "stockissuedduringperiodvaluedeferredcompensationobligation": 115000,
        "temporaryequitycarryingamountincludingportionattributabletononcontrollinginterests": 138995000,
        "commonstockdividendspersharecashpaid": 0.07
    },
    {
        "date": "2015-07-30",
        "symbol": "HEI",
        "period": "Q3",
        "profitloss": 38938000,
        "othercomprehensiveincomeforeigncurrencytransactionandtranslationgainlossarisingduringperiodnetoftax": -5442000,
        "othercomprehensiveincomelossnetoftax": -5442000,
        "comprehensiveincomenetoftaxincludingportionattributabletononcontrollinginterest": 27731000,
        "netincomelossattributabletononcontrollinginterest": 4569000,
        "othercomprehensiveincomeforeigncurrencytransactionandtranslationadjustmentnetoftaxportionattributabletononcontrollinginterest": -94000,
        "comprehensiveincomenetoftax": 45294000,
        "salesrevenuenet": -3452000,
        "costofrevenue": 192278000,
        "sellinggeneralandadministrativeexpense": 49582000,
        "costsandexpenses": 241860000,
        "operatingincomeloss": -5112000,
        "interestexpensedebt": 1088000,
        "othernonoperatingincomeexpense": -184000,
        "incomelossfromcontinuingoperationsbeforeincometaxesminorityinterestandincomelossfromequitymethodinvestments": 57238000,
        "incometaxexpensebenefit": 18300000,
        "netincomeloss": 34369000,
        "earningspersharebasic": 0.52,
        "earningspersharediluted": 0.49999999999999994,
        "weightedaveragenumberofsharesoutstandingbasic": 53000,
        "weightedaveragenumberofdilutedsharesoutstanding": 55000,
        "stockholdersequityincludingportionattributabletononcontrollinginterest": 29473000,
        "adjustmentstoadditionalpaidincapitalsharebasedcompensationrequisiteserviceperiodrecognitionvalue": 1616000,
        "stockissuedduringperiodvaluestockoptionsexercised": 304000,
        "adjustmentstoadditionalpaidincapitaltaxeffectfromsharebasedcompensation": -1000,
        "commonstockissuedrepurchasedandretiredrelatedtostockoptionexercises": 0,
        "minorityinterestdecreasefromdistributionstononcontrollinginterestholders": 1709000,
        "minorityinterestchangeinredemptionvalue": -218000,
        "stockholdersequityother": -1000,
        "temporaryequitycarryingamountincludingportionattributabletononcontrollinginterests": 907000,
        "noncontrollinginterestincreasefrombusinesscombination": 69000
    },
    {
        "date": "2015-04-29",
        "symbol": "HEI",
        "period": "Q2",
        "profitloss": 38504000,
        "othercomprehensiveincomeforeigncurrencytransactionandtranslationgainlossarisingduringperiodnetoftax": 3000,
        "othercomprehensiveincomelossnetoftax": 3000,
        "comprehensiveincomenetoftaxincludingportionattributabletononcontrollinginterest": 33105000,
        "netincomelossattributabletononcontrollinginterest": 5399000,
        "othercomprehensiveincomeforeigncurrencytransactionandtranslationadjustmentnetoftaxportionattributabletononcontrollinginterest": -353000,
        "comprehensiveincomelossnetoftaxattributabletononcontrollinginterestsincludingredeemablenoncontrollinginterests": 5046000,
        "comprehensiveincomenetoftax": 33461000,
        "salesrevenuenet": -2349000,
        "costofrevenue": 185927000,
        "sellinggeneralandadministrativeexpense": 49706000,
        "costsandexpenses": 235633000,
        "operatingincomeloss": -3963000,
        "interestexpensedebt": 1146000,
        "othernonoperatingincomeexpense": 362000,
        "incomelossfromcontinuingoperationsbeforeincometaxesminorityinterestandincomelossfromequitymethodinvestments": 55004000,
        "incometaxexpensebenefit": 16500000,
        "netincomeloss": 33105000,
        "earningspersharebasic": 0.49000000000000005,
        "earningspersharediluted": 0.49000000000000005,
        "weightedaveragenumberofsharesoutstandingbasic": 58000,
        "weightedaveragenumberofdilutedsharesoutstanding": 66000,
        "commonstockdividendspersharecashpaid": 0,
        "stockholdersequityincludingportionattributabletononcontrollinginterest": 35329000,
        "dividendscommonstockcash": 0,
        "stockissuedduringperiodvalueemployeebenefitplan": 0,
        "adjustmentstoadditionalpaidincapitalsharebasedcompensationrequisiteserviceperiodrecognitionvalue": 1356000,
        "stockissuedduringperiodvaluestockoptionsexercised": 1437000,
        "adjustmentstoadditionalpaidincapitaltaxeffectfromsharebasedcompensation": -2000,
        "commonstockissuedrepurchasedandretiredrelatedtostockoptionexercises": 1000,
        "minorityinterestdecreasefromdistributionstononcontrollinginterestholders": 904000,
        "minorityinterestchangeinredemptionvalue": 2223000,
        "stockissuedduringperiodvaluedeferredcompensationobligation": 0,
        "stockheldduringperiodvaluedeferredcompensationobligation": 0,
        "stockholdersequityother": 1000,
        "temporaryequitycarryingamountincludingportionattributabletononcontrollinginterests": -495000,
        "noncontrollinginterestincreasefrombusinesscombination": 1333000
    },
    {
        "date": "2015-01-30",
        "symbol": "HEI",
        "period": "Q1",
        "profitloss": 32091000,
        "othercomprehensiveincomeforeigncurrencytransactionandtranslationgainlossarisingduringperiodnetoftax": -11738000,
        "othercomprehensiveincomelossnetoftax": -11738000,
        "comprehensiveincomenetoftaxincludingportionattributabletononcontrollinginterest": 27640000,
        "netincomelossattributabletononcontrollinginterest": 4451000,
        "othercomprehensiveincomeforeigncurrencytransactionandtranslationadjustmentnetoftaxportionattributabletononcontrollinginterest": -457000,
        "comprehensiveincomelossnetoftaxattributabletononcontrollinginterestsincludingredeemablenoncontrollinginterests": 3994000,
        "comprehensiveincomenetoftax": 16359000,
        "salesrevenuenet": -3093000,
        "costofrevenue": 174388000,
        "sellinggeneralandadministrativeexpense": 47391000,
        "costsandexpenses": 221779000,
        "operatingincomeloss": -3715000,
        "interestexpensedebt": 1112000,
        "othernonoperatingincomeexpense": 197000,
        "incomelossfromcontinuingoperationsbeforeincometaxesminorityinterestandincomelossfromequitymethodinvestments": 45491000,
        "incometaxexpensebenefit": 13400000,
        "netincomeloss": 27640000,
        "earningspersharebasic": 0.42,
        "earningspersharediluted": 0.41,
        "weightedaveragenumberofsharesoutstandingbasic": 66595000,
        "weightedaveragenumberofdilutedsharesoutstanding": 67669000,
        "commonstockdividendspersharecashpaid": 0.07,
        "stockholdersequityincludingportionattributabletononcontrollinginterest": 451205000,
        "dividendscommonstockcash": 4666000,
        "stockissuedduringperiodvalueemployeebenefitplan": 1000,
        "adjustmentstoadditionalpaidincapitalsharebasedcompensationrequisiteserviceperiodrecognitionvalue": 1422000,
        "stockissuedduringperiodvaluestockoptionsexercised": 1515000,
        "adjustmentstoadditionalpaidincapitaltaxeffectfromsharebasedcompensation": 1407000,
        "commonstockissuedrepurchasedandretiredrelatedtostockoptionexercises": 4000,
        "minorityinterestdecreasefromdistributionstononcontrollinginterestholders": 1178000,
        "minorityinterestchangeinredemptionvalue": -9527000,
        "stockissuedduringperiodvaluedeferredcompensationobligation": 158000,
        "stockheldduringperiodvaluedeferredcompensationobligation": 158000,
        "stockholdersequityother": 1000,
        "temporaryequitycarryingamountincludingportionattributabletononcontrollinginterests": 64409000,
        "noncontrollinginterestincreasefrombusinesscombination": 15674000
    },
    {
        "date": "2014-07-30",
        "symbol": "HEI",
        "period": "Q3",
        "profitloss": 37352000,
        "othercomprehensiveincomeforeigncurrencytransactionandtranslationgainlossarisingduringperiodnetoftax": -2064000,
        "othercomprehensiveincomelossnetoftax": -2064000,
        "comprehensiveincomenetoftaxincludingportionattributabletononcontrollinginterest": 35288000,
        "netincomelossattributabletononcontrollinginterest": 3986000,
        "comprehensiveincomenetoftax": 31302000,
        "salesrevenuenet": 102065000,
        "costofrevenue": 187703000,
        "sellinggeneralandadministrativeexpense": 53214000,
        "costsandexpenses": 240917000,
        "operatingincomeloss": 34234000,
        "interestexpensedebt": 1444000,
        "othernonoperatingincomeexpense": 83000,
        "incomelossfromcontinuingoperationsbeforeincometaxesminorityinterestandincomelossfromequitymethodinvestments": 48752000,
        "incometaxexpensebenefit": 11400000,
        "netincomeloss": 33366000,
        "earningspersharebasic": 0.5,
        "earningspersharediluted": 0.49,
        "weightedaveragenumberofsharesoutstandingbasic": 66497000,
        "weightedaveragenumberofdilutedsharesoutstanding": 67474000,
        "commonstockdividendspersharecashpaid": 0.06
    },
    {
        "date": "2011-07-30",
        "symbol": "HEI",
        "period": "Q3",
        "salesrevenuenet": -360403000,
        "costofrevenue": 127442000,
        "sellinggeneralandadministrativeexpense": 34119000,
        "costsandexpenses": 161561000,
        "operatingincomeloss": -77235000,
        "interestexpensedebt": 7000,
        "othernonoperatingincomeexpense": -57000,
        "incomelossfromcontinuingoperationsbeforeincometaxesminorityinterestandincomelossfromequitymethodinvestments": 35642000,
        "incometaxexpensebenefit": 9250000,
        "profitloss": 26392000,
        "netincomelossattributabletononcontrollinginterest": 5990000,
        "netincomeloss": 20402000,
        "earningspersharebasic": 0.4900000000000002,
        "earningspersharediluted": 0.48,
        "weightedaveragenumberofsharesoutstandingbasic": 78542,
        "weightedaveragenumberofdilutedsharesoutstanding": 45211,
        "commonstockdividendspersharecashpaid": 0.06,
        "stockholdersequityincludingportionattributabletononcontrollinginterest": 18878000,
        "netincomeincludingredeemablenoncontrollinginterests": 20402000,
        "comprehensiveincomenetoftaxincludingportionattributabletononcontrollinginterest": 20402000,
        "taxbenefitfromstockoptionsexercised": -14000,
        "stockissuedduringperiodvaluestockoptionsexercised": 0,
        "adjustmentstoadditionalpaidincapitalsharebasedcompensationrequisiteserviceperiodrecognitionvalue": 685000,
        "commonstockissuedrepurchasedandretiredrelatedtostockoptionexercises": 10864000,
        "minorityinterestchangeinredemptionvalue": 980000,
        "stockholdersequityother": 3000
    },
    {
        "date": "2011-04-29",
        "symbol": "HEI",
        "period": "Q2",
        "salesrevenuenet": 184486000,
        "costofrevenue": 118115000,
        "sellinggeneralandadministrativeexpense": 33458000,
        "costsandexpenses": 151573000,
        "operatingincomeloss": 32913000,
        "interestexpensedebt": 38000,
        "othernonoperatingincomeexpense": 151000,
        "incomelossfromcontinuingoperationsbeforeincometaxesminorityinterestandincomelossfromequitymethodinvestments": 33026000,
        "incometaxexpensebenefit": 10900000,
        "profitloss": 22126000,
        "netincomelossattributabletononcontrollinginterest": 5296000,
        "netincomeloss": 16830000,
        "earningspersharebasic": 0.29999999999999993,
        "earningspersharediluted": 0.30000000000000004,
        "weightedaveragenumberofsharesoutstandingbasic": 8405787,
        "weightedaveragenumberofdilutedsharesoutstanding": 8525776,
        "commonstockdividendspersharecashpaid": -0.011999999999999997,
        "stockholdersequityincludingportionattributabletononcontrollinginterest": 185132000,
        "netincomeincludingredeemablenoncontrollinginterests": 31386000,
        "othercomprehensiveincomeforeigncurrencytransactionandtranslationadjustmentnetoftaxperiodincreasedecrease": 1431000,
        "comprehensiveincomenetoftaxincludingportionattributabletononcontrollinginterest": 31386000,
        "dividendscommonstockcash": 0,
        "taxbenefitfromstockoptionsexercised": 23000,
        "stockissuedduringperiodvaluestockoptionsexercised": -1000,
        "adjustmentstoadditionalpaidincapitalsharebasedcompensationrequisiteserviceperiodrecognitionvalue": 585000,
        "commonstockissuedrepurchasedandretiredrelatedtostockoptionexercises": -1061000,
        "minorityinterestchangeinredemptionvalue": 765000,
        "stockholdersequityother": -1000
    },
    {
        "date": "2011-01-30",
        "symbol": "HEI",
        "period": "Q1",
        "salesrevenuenet": 174219000,
        "costofrevenue": 110293000,
        "sellinggeneralandadministrativeexpense": 31554000,
        "costsandexpenses": 141847000,
        "operatingincomeloss": 32372000,
        "interestexpensedebt": 54000,
        "othernonoperatingincomeexpense": 55000,
        "incomelossfromcontinuingoperationsbeforeincometaxesminorityinterestandincomelossfromequitymethodinvestments": 32373000,
        "incometaxexpensebenefit": 9850000,
        "profitloss": 22523000,
        "netincomelossattributabletononcontrollinginterest": 5449000,
        "netincomeloss": 17074000,
        "earningspersharebasic": 0.52,
        "earningspersharediluted": 0.5,
        "weightedaveragenumberofsharesoutstandingbasic": 33087674,
        "weightedaveragenumberofdilutedsharesoutstanding": 33908223,
        "commonstockdividendspersharecashpaid": 0.06,
        "stockholdersequityincludingportionattributabletononcontrollinginterest": 88232000,
        "netincomeincludingredeemablenoncontrollinginterests": 2518000,
        "othercomprehensiveincomeforeigncurrencytransactionandtranslationadjustmentnetoftaxperiodincreasedecrease": 436000,
        "comprehensiveincomenetoftaxincludingportionattributabletononcontrollinginterest": 2518000,
        "dividendscommonstockcash": -1990000,
        "taxbenefitfromstockoptionsexercised": 7695000,
        "stockissuedduringperiodvaluestockoptionsexercised": 2000,
        "adjustmentstoadditionalpaidincapitalsharebasedcompensationrequisiteserviceperiodrecognitionvalue": 543000,
        "commonstockissuedrepurchasedandretiredrelatedtostockoptionexercises": -4371000,
        "distributionstononcontrollinginterests": -2269000,
        "noncontrollinginterestsassumedrelatedtoacquisition": 5612000,
        "minorityinterestchangeinredemptionvalue": -126000,
        "stockholdersequityother": -1000
    }
]