[
    {
        "date": "2024-06-29",
        "symbol": "CINF",
        "period": "Q2",
        "premiumsearnednet": 2156000000,
        "netinvestmentincome": 242000000,
        "gainlossoninvestments": 137000000,
        "insurancecommissionsandfees": 5000000,
        "otherincome": 4000000,
        "revenues": 2544000000,
        "policyholderbenefitsandclaimsincurrednet": 1480000000,
        "underwritingacquisitionandinsuranceexpenses": 655000000,
        "interestexpense": 14000000,
        "othercostandexpenseoperating": 9000000,
        "benefitslossesandexpenses": 2158000000,
        "incomelossfromcontinuingoperationsbeforeincometaxesextraordinaryitemsnoncontrollinginterest": 386000000,
        "currentincometaxexpensebenefit": 61000000,
        "deferredincometaxexpensebenefit": 13000000,
        "incometaxexpensebenefit": 74000000,
        "netincomeloss": 312000000,
        "earningspersharebasic": 1.99,
        "earningspersharediluted": 1.98,
        "othercomprehensiveincomelossavailableforsalesecuritiesadjustmentnetoftax": -58000000,
        "othercomprehensiveincomedefinedbenefitplansnetunamortizedgainlossarisingduringperiodnetoftax": 1000000,
        "changeinlifepolicyreservesreinsurancerecoverableandothernetoftax": -29000000,
        "othercomprehensiveincomelossnetoftax": -28000000,
        "comprehensiveincomenetoftax": 284000000,
        "othercomprehensiveincomeunrealizedholdinggainlossonsecuritiesarisingduringperiodtax": -17000000,
        "changeinlifepolicyreservesreinsurancerecoverableandothertax": 8000000
    },
    {
        "date": "2023-12-30",
        "symbol": "CINF",
        "period": "Q4",
        "premiumsearnednet": 2064000000,
        "netinvestmentincome": 239000000,
        "insurancecommissionsandfees": 5000000,
        "otherincome": 5000000,
        "revenues": 3356000000,
        "policyholderbenefitsandclaimsincurrednet": 1204000000,
        "underwritingacquisitionandinsuranceexpenses": 640000000,
        "interestexpense": 14000000,
        "othercostandexpenseoperating": 8000000,
        "benefitslossesandexpenses": 1866000000,
        "incomelossfromcontinuingoperationsbeforeincometaxesextraordinaryitemsnoncontrollinginterest": 1490000000,
        "currentincometaxexpensebenefit": 86000000,
        "deferredincometaxexpensebenefit": 221000000,
        "incometaxexpensebenefit": 307000000,
        "netincomeloss": 1183000000,
        "earningspersharebasic": 7.540000000000001,
        "earningspersharediluted": 7.49,
        "changeinlifepolicyreservesreinsurancerecoverableandothernetoftax": 110000000,
        "othercomprehensiveincomelossnetoftax": 392000000,
        "comprehensiveincomenetoftax": 1575000000,
        "othercomprehensiveincomeunrealizedholdinggainlossonsecuritiesarisingduringperiodtax": 135000000,
        "changeinlifepolicyreservesreinsurancerecoverableandothertax": -27000000
    },
    {
        "date": "2023-09-29",
        "symbol": "CINF",
        "period": "Q3",
        "premiumsearnednet": 2033000000,
        "netinvestmentincome": 225000000,
        "gainlossoninvestments": -456000000,
        "insurancecommissionsandfees": 6000000,
        "otherincome": 3000000,
        "revenues": 1811000000,
        "policyholderbenefitsandclaimsincurrednet": 1332000000,
        "underwritingacquisitionandinsuranceexpenses": 609000000,
        "interestexpense": 13000000,
        "othercostandexpenseoperating": 5000000,
        "benefitslossesandexpenses": 1959000000,
        "incomelossfromcontinuingoperationsbeforeincometaxesextraordinaryitemsnoncontrollinginterest": -148000000,
        "currentincometaxexpensebenefit": 57000000,
        "deferredincometaxexpensebenefit": -106000000,
        "incometaxexpensebenefit": -49000000,
        "netincomeloss": -99000000,
        "earningspersharebasic": -0.6300000000000001,
        "earningspersharediluted": -0.6299999999999999,
        "changeinlifepolicyreservesreinsurancerecoverableandothernetoftax": -89000000,
        "othercomprehensiveincomelossnetoftax": -201000000,
        "comprehensiveincomenetoftax": -300000000,
        "othercomprehensiveincomeunrealizedholdinggainlossonsecuritiesarisingduringperiodtax": -79000000,
        "othercomprehensiveincomelosspensionandotherpostretirementbenefitplansnetactuariallossandpriorservicecostarisingduringperiodtax": 0,
        "changeinlifepolicyreservesreinsurancerecoverableandothertax": 22000000
    },
    {
        "date": "2023-06-29",
        "symbol": "CINF",
        "period": "Q2",
        "premiumsearnednet": 1943000000,
        "netinvestmentincome": 220000000,
        "gainlossoninvestments": 434000000,
        "insurancecommissionsandfees": 6000000,
        "otherincome": 2000000,
        "revenues": 2605000000,
        "policyholderbenefitsandclaimsincurrednet": 1340000000,
        "underwritingacquisitionandinsuranceexpenses": 579000000,
        "interestexpense": 13000000,
        "othercostandexpenseoperating": 7000000,
        "benefitslossesandexpenses": 1939000000,
        "incomelossfromcontinuingoperationsbeforeincometaxesextraordinaryitemsnoncontrollinginterest": 666000000,
        "currentincometaxexpensebenefit": 51000000,
        "deferredincometaxexpensebenefit": 81000000,
        "incometaxexpensebenefit": 132000000,
        "netincomeloss": 534000000,
        "earningspersharebasic": 3.4000000000000004,
        "earningspersharediluted": 3.38,
        "othercomprehensiveincomedefinedbenefitplansnetunamortizedgainlossarisingduringperiodnetoftax": 0,
        "changeinlifepolicyreservesreinsurancerecoverableandothernetoftax": -23000000,
        "othercomprehensiveincomelossnetoftax": -99000000,
        "comprehensiveincomenetoftax": 435000000,
        "othercomprehensiveincomeunrealizedholdinggainlossonsecuritiesarisingduringperiodtax": -32000000,
        "othercomprehensiveincomelosspensionandotherpostretirementbenefitplansnetactuariallossandpriorservicecostarisingduringperiodtax": -1000000,
        "changeinlifepolicyreservesreinsurancerecoverableandothertax": 6000000
    },
    {
        "date": "2023-03-30",
        "symbol": "CINF",
        "period": "Q1",
        "premiumsearnednet": 1918000000,
        "netinvestmentincome": 210000000,
        "gainlossoninvestments": 106000000,
        "insurancecommissionsandfees": 4000000,
        "otherincome": 3000000,
        "revenues": 2241000000,
        "policyholderbenefitsandclaimsincurrednet": 1398000000,
        "underwritingacquisitionandinsuranceexpenses": 556000000,
        "interestexpense": 14000000,
        "othercostandexpenseoperating": 5000000,
        "benefitslossesandexpenses": 1973000000,
        "incomelossfromcontinuingoperationsbeforeincometaxesextraordinaryitemsnoncontrollinginterest": 268000000,
        "currentincometaxexpensebenefit": 16000000,
        "deferredincometaxexpensebenefit": 27000000,
        "incometaxexpensebenefit": 43000000,
        "netincomeloss": 225000000,
        "earningspersharebasic": 1.43,
        "earningspersharediluted": 1.42,
        "othercomprehensiveincomeunrealizedholdinggainlossonsecuritiesarisingduringperiodbeforetax": 128000000,
        "othercomprehensiveincomedefinedbenefitplansnetunamortizedgainlossarisingduringperiodnetoftax": -5000000,
        "changeinlifepolicyreservesreinsurancerecoverableandothernetoftax": 36000000,
        "othercomprehensiveincomelossnetoftax": 87000000,
        "comprehensiveincomenetoftax": 312000000,
        "othercomprehensiveincomeunrealizedholdinggainlossonsecuritiesarisingduringperiodtax": 35000000,
        "othercomprehensiveincomelosspensionandotherpostretirementbenefitplansnetactuariallossandpriorservicecostarisingduringperiodtax": -1000000,
        "changeinlifepolicyreservesreinsurancerecoverableandothertax": -9000000
    },
    {
        "date": "2022-12-30",
        "symbol": "CINF",
        "period": "Q4",
        "premiumsearnednet": 3531000000,
        "netinvestmentincome": 208000000,
        "insurancecommissionsandfees": 5000000,
        "otherincome": 3000000,
        "revenues": 4295000000,
        "policyholderbenefitsandclaimsincurrednet": 2594000000,
        "underwritingacquisitionandinsuranceexpenses": 558000000,
        "interestexpense": 13000000,
        "othercostandexpenseoperating": 10000000,
        "benefitslossesandexpenses": 1827000000,
        "incomelossfromcontinuingoperationsbeforeincometaxesextraordinaryitemsnoncontrollinginterest": 1287000000,
        "currentincometaxexpensebenefit": 58000000,
        "deferredincometaxexpensebenefit": 216000000,
        "incometaxexpensebenefit": 274000000,
        "netincomeloss": 1013000000,
        "earningspersharebasic": 6.3500000000000005,
        "earningspersharediluted": 6.3500000000000005,
        "othercomprehensiveincomeunrealizedholdinggainlossonsecuritiesarisingduringperiodbeforetax": 185000000,
        "othercomprehensiveincomelossnetoftax": 192000000,
        "comprehensiveincomenetoftax": 1205000000,
        "othercomprehensiveincomeunrealizedholdinggainlossonsecuritiesarisingduringperiodtax": 46000000
    },
    {
        "date": "2022-09-29",
        "symbol": "CINF",
        "period": "Q3",
        "premiumsearnednet": 1882000000,
        "netinvestmentincome": 193000000,
        "gainlossoninvestments": -674000000,
        "insurancecommissionsandfees": 5000000,
        "otherincome": 2000000,
        "revenues": 1408000000,
        "policyholderbenefitsandclaimsincurrednet": 1418000000,
        "underwritingacquisitionandinsuranceexpenses": 551000000,
        "interestexpense": 14000000,
        "othercostandexpenseoperating": 4000000,
        "benefitslossesandexpenses": 1987000000,
        "incomelossfromcontinuingoperationsbeforeincometaxesextraordinaryitemsnoncontrollinginterest": -579000000,
        "currentincometaxexpensebenefit": 19000000,
        "deferredincometaxexpensebenefit": -180000000,
        "incometaxexpensebenefit": -161000000,
        "netincomeloss": -418000000,
        "earningspersharebasic": -2.6500000000000004,
        "earningspersharediluted": -2.6500000000000004,
        "othercomprehensiveincomeunrealizedholdinggainlossonsecuritiesarisingduringperiodbeforetax": -405000000,
        "othercomprehensiveincomelossnetoftax": -405000000,
        "comprehensiveincomenetoftax": -823000000,
        "othercomprehensiveincomeunrealizedholdinggainlossonsecuritiesarisingduringperiodtax": -109000000
    },
    {
        "date": "2022-06-29",
        "symbol": "CINF",
        "period": "Q2",
        "premiumsearnednet": 1773000000,
        "netinvestmentincome": 195000000,
        "gainlossoninvestments": -1154000000,
        "insurancecommissionsandfees": 3000000,
        "otherincome": 3000000,
        "revenues": 820000000,
        "policyholderbenefitsandclaimsincurrednet": 1309000000,
        "underwritingacquisitionandinsuranceexpenses": 534000000,
        "interestexpense": 13000000,
        "othercostandexpenseoperating": 5000000,
        "benefitslossesandexpenses": 1861000000,
        "incomelossfromcontinuingoperationsbeforeincometaxesextraordinaryitemsnoncontrollinginterest": -1041000000,
        "currentincometaxexpensebenefit": 30000000,
        "deferredincometaxexpensebenefit": -263000000,
        "incometaxexpensebenefit": -233000000,
        "netincomeloss": -808000000,
        "earningspersharebasic": -5.06,
        "earningspersharediluted": -5.06,
        "othercomprehensiveincomeunrealizedholdinggainlossonsecuritiesarisingduringperiodbeforetax": -483000000,
        "othercomprehensiveincomechangeinlifedeferredacquistioncostslifepolicyreservesandothernetoftax": -1000000,
        "othercomprehensiveincomelossnetoftax": -482000000,
        "comprehensiveincomenetoftax": -1290000000,
        "othercomprehensiveincomeunrealizedholdinggainlossonsecuritiesarisingduringperiodtax": -127000000
    },
    {
        "date": "2022-03-30",
        "symbol": "CINF",
        "period": "Q1",
        "premiumsearnednet": 1690000000,
        "netinvestmentincome": 185000000,
        "gainlossoninvestments": -666000000,
        "insurancecommissionsandfees": 4000000,
        "otherincome": 2000000,
        "revenues": 1215000000,
        "policyholderbenefitsandclaimsincurrednet": 1039000000,
        "underwritingacquisitionandinsuranceexpenses": 519000000,
        "interestexpense": 13000000,
        "othercostandexpenseoperating": 4000000,
        "benefitslossesandexpenses": 1575000000,
        "incomelossfromcontinuingoperationsbeforeincometaxesextraordinaryitemsnoncontrollinginterest": -360000000,
        "currentincometaxexpensebenefit": 41000000,
        "deferredincometaxexpensebenefit": -128000000,
        "incometaxexpensebenefit": -87000000,
        "netincomeloss": -273000000,
        "earningspersharebasic": -1.7,
        "earningspersharediluted": -1.7,
        "othercomprehensiveincomeunrealizedholdinggainlossonsecuritiesarisingduringperiodbeforetax": -589000000,
        "othercomprehensiveincomelossnetoftax": -589000000,
        "comprehensiveincomenetoftax": -862000000,
        "othercomprehensiveincomeunrealizedholdinggainlossonsecuritiesarisingduringperiodtax": -157000000
    },
    {
        "date": "2021-12-30",
        "symbol": "CINF",
        "period": "Q4",
        "premiumsearnednet": 1676000000,
        "netinvestmentincome": 186000000,
        "insurancecommissionsandfees": 4000000,
        "otherincome": 2000000,
        "revenues": 3323000000,
        "policyholderbenefitsandclaimsincurrednet": 946000000,
        "underwritingacquisitionandinsuranceexpenses": 511000000,
        "interestexpense": 14000000,
        "othercostandexpenseoperating": 6000000,
        "benefitslossesandexpenses": 1477000000,
        "currentincometaxexpensebenefit": 81000000,
        "deferredincometaxexpensebenefit": 295000000,
        "incometaxexpensebenefit": 376000000,
        "netincomeloss": 1470000000,
        "earningspersharebasic": 9.129999999999999,
        "earningspersharediluted": 9.03,
        "othercomprehensiveincomeunrealizedholdinggainlossonsecuritiesarisingduringperiodbeforetax": -65000000,
        "othercomprehensiveincomelossnetoftax": -15000000,
        "comprehensiveincomenetoftax": 1455000000,
        "othercomprehensiveincomeunrealizedholdinggainlossonsecuritiesarisingduringperiodtax": -17000000
    },
    {
        "date": "2021-09-29",
        "symbol": "CINF",
        "period": "Q3",
        "premiumsearnednet": 1669000000,
        "netinvestmentincome": 179000000,
        "gainlossoninvestments": -70000000,
        "insurancecommissionsandfees": 4000000,
        "otherincome": 3000000,
        "revenues": 1785000000,
        "policyholderbenefitsandclaimsincurrednet": 1072000000,
        "underwritingacquisitionandinsuranceexpenses": 511000000,
        "interestexpense": 13000000,
        "othercostandexpenseoperating": 5000000,
        "benefitslossesandexpenses": 1601000000,
        "currentincometaxexpensebenefit": 55000000,
        "deferredincometaxexpensebenefit": -24000000,
        "incometaxexpensebenefit": 31000000,
        "netincomeloss": 153000000,
        "earningspersharebasic": 0.9499999999999988,
        "earningspersharediluted": 0.94,
        "othercomprehensiveincomeunrealizedholdinggainlossonsecuritiesarisingduringperiodbeforetax": -69000000,
        "othercomprehensiveincomedefinedbenefitplansnetunamortizedgainlossarisingduringperiodnetoftax": 1000000,
        "othercomprehensiveincomelossnetoftax": -68000000,
        "comprehensiveincomenetoftax": 85000000,
        "othercomprehensiveincomeunrealizedholdinggainlossonsecuritiesarisingduringperiodtax": -19000000
    },
    {
        "date": "2021-06-29",
        "symbol": "CINF",
        "period": "Q2",
        "premiumsearnednet": 1593000000,
        "netinvestmentincome": 175000000,
        "gainlossoninvestments": 520000000,
        "insurancecommissionsandfees": 4000000,
        "otherincome": 3000000,
        "revenues": 2295000000,
        "policyholderbenefitsandclaimsincurrednet": 915000000,
        "underwritingacquisitionandinsuranceexpenses": 490000000,
        "interestexpense": 13000000,
        "othercostandexpenseoperating": 5000000,
        "benefitslossesandexpenses": 1423000000,
        "incomelossfromcontinuingoperationsbeforeincometaxesminorityinterestandincomelossfromequitymethodinvestments": 872000000,
        "currentincometaxexpensebenefit": 75000000,
        "deferredincometaxexpensebenefit": 94000000,
        "incometaxexpensebenefit": 169000000,
        "netincomeloss": 703000000,
        "earningspersharebasic": 4.360000000000001,
        "earningspersharediluted": 4.3100000000000005,
        "othercomprehensiveincomeunrealizedholdinggainlossonsecuritiesarisingduringperiodbeforetax": 105000000,
        "othercomprehensiveincomedefinedbenefitplansnetunamortizedgainlossarisingduringperiodnetoftax": 1000000,
        "othercomprehensiveincomechangeinlifedeferredacquistioncostslifepolicyreservesandothernetoftax": 0,
        "othercomprehensiveincomelossnetoftax": 106000000,
        "comprehensiveincomenetoftax": 809000000,
        "othercomprehensiveincomeunrealizedholdinggainlossonsecuritiesarisingduringperiodtax": 27000000,
        "othercomprehensiveincomelosspensionandotherpostretirementbenefitplansnetactuariallossandpriorservicecostarisingduringperiodtax": 0,
        "othercomprehensiveincomechangeinlifedeferredacquisitioncostslifepolicyreservesandothertax": 0
    },
    {
        "date": "2021-03-30",
        "symbol": "CINF",
        "period": "Q1",
        "premiumsearnednet": 1544000000,
        "netinvestmentincome": 174000000,
        "gainlossoninvestments": 504000000,
        "insurancecommissionsandfees": 3000000,
        "otherincome": 2000000,
        "revenues": 2227000000,
        "policyholderbenefitsandclaimsincurrednet": 1003000000,
        "underwritingacquisitionandinsuranceexpenses": 439000000,
        "interestexpense": 13000000,
        "othercostandexpenseoperating": 4000000,
        "benefitslossesandexpenses": 1459000000,
        "incomelossfromcontinuingoperationsbeforeincometaxesminorityinterestandincomelossfromequitymethodinvestments": 768000000,
        "currentincometaxexpensebenefit": 36000000,
        "deferredincometaxexpensebenefit": 112000000,
        "incometaxexpensebenefit": 148000000,
        "netincomeloss": 620000000,
        "earningspersharebasic": 3.85,
        "earningspersharediluted": 3.82,
        "othercomprehensiveincomeunrealizedholdinggainlossonsecuritiesarisingduringperiodbeforetax": -155000000,
        "othercomprehensiveincomedefinedbenefitplansnetunamortizedgainlossarisingduringperiodnetoftax": 3000000,
        "othercomprehensiveincomechangeinlifedeferredacquistioncostslifepolicyreservesandothernetoftax": -8000000,
        "othercomprehensiveincomelossnetoftax": -144000000,
        "comprehensiveincomenetoftax": 476000000,
        "othercomprehensiveincomeunrealizedholdinggainlossonsecuritiesarisingduringperiodtax": -41000000,
        "othercomprehensiveincomelosspensionandotherpostretirementbenefitplansnetactuariallossandpriorservicecostarisingduringperiodtax": 1000000,
        "othercomprehensiveincomechangeinlifedeferredacquisitioncostslifepolicyreservesandothertax": 2000000
    },
    {
        "date": "2020-12-30",
        "symbol": "CINF",
        "period": "Q4",
        "premiumsearnednet": -27000000,
        "netinvestmentincome": -417000000,
        "insurancecommissionsandfees": 1000000,
        "otherincome": 7000000,
        "revenues": 328000000,
        "policyholderbenefitsandclaimsincurrednet": 73000000,
        "underwritingacquisitionandinsuranceexpenses": 457000000,
        "interestexpense": 14000000,
        "othercostandexpenseoperating": 19000000,
        "benefitslossesandexpenses": -4571000000,
        "incomelossfromcontinuingoperationsbeforeincometaxesminorityinterestandincomelossfromequitymethodinvestments": 642000000,
        "currentincometaxexpensebenefit": 66000000,
        "deferredincometaxexpensebenefit": 201000000,
        "incometaxexpensebenefit": 95000000,
        "netincomeloss": 1049000000,
        "earningspersharebasic": 6.52,
        "earningspersharediluted": 6.46,
        "othercomprehensiveincomeunrealizedholdinggainlossonsecuritiesarisingduringperiodbeforetax": 112000000,
        "othercomprehensiveincomelossnetoftax": 83000000,
        "comprehensiveincomenetoftax": 1132000000,
        "othercomprehensiveincomeunrealizedholdinggainlossonsecuritiesarisingduringperiodtax": 30000000
    },
    {
        "date": "2020-09-29",
        "symbol": "CINF",
        "period": "Q3",
        "premiumsearnednet": 1522000000,
        "netinvestmentincome": 167000000,
        "gainlossoninvestments": 533000000,
        "insurancecommissionsandfees": 2000000,
        "otherincome": 3000000,
        "revenues": 2227000000,
        "policyholderbenefitsandclaimsincurrednet": 1143000000,
        "underwritingacquisitionandinsuranceexpenses": 452000000,
        "interestexpense": 13000000,
        "othercostandexpenseoperating": 5000000,
        "benefitslossesandexpenses": 1613000000,
        "incomelossfromcontinuingoperationsbeforeincometaxesminorityinterestandincomelossfromequitymethodinvestments": 614000000,
        "currentincometaxexpensebenefit": 55000000,
        "deferredincometaxexpensebenefit": 75000000,
        "incometaxexpensebenefit": 130000000,
        "netincomeloss": 484000000,
        "earningspersharebasic": 2.9399999999999995,
        "earningspersharediluted": 2.96,
        "othercomprehensiveincomeunrealizedholdinggainlossonsecuritiesarisingduringperiodbeforetax": 89000000,
        "othercomprehensiveincomedefinedbenefitplansnetunamortizedgainlossarisingduringperiodnetoftax": 0,
        "othercomprehensiveincomechangeinlifedeferredacquistioncostslifepolicyreservesandothernetoftax": 0,
        "othercomprehensiveincomelossnetoftax": 89000000,
        "comprehensiveincomenetoftax": 573000000,
        "othercomprehensiveincomeunrealizedholdinggainlossonsecuritiesarisingduringperiodtax": 23000000,
        "othercomprehensiveincomechangeinlifedeferredacquisitioncostslifepolicyreservesandothertax": 0
    },
    {
        "date": "2020-06-29",
        "symbol": "CINF",
        "period": "Q2",
        "premiumsearnednet": 1482000000,
        "netinvestmentincome": 166000000,
        "gainlossoninvestments": 1060000000,
        "insurancecommissionsandfees": 3000000,
        "otherincome": 3000000,
        "revenues": 2714000000,
        "policyholderbenefitsandclaimsincurrednet": 1086000000,
        "underwritingacquisitionandinsuranceexpenses": 464000000,
        "interestexpense": 14000000,
        "othercostandexpenseoperating": 5000000,
        "benefitslossesandexpenses": 1569000000,
        "incomelossfromcontinuingoperationsbeforeincometaxesminorityinterestandincomelossfromequitymethodinvestments": 1145000000,
        "currentincometaxexpensebenefit": 23000000,
        "deferredincometaxexpensebenefit": 213000000,
        "incometaxexpensebenefit": 236000000,
        "netincomeloss": 909000000,
        "earningspersharebasic": 5.65,
        "earningspersharediluted": 5.63,
        "othercomprehensiveincomeunrealizedholdinggainlossonsecuritiesarisingduringperiodbeforetax": 399000000,
        "othercomprehensiveincomedefinedbenefitplansnetunamortizedgainlossarisingduringperiodnetoftax": 1000000,
        "othercomprehensiveincomechangeinlifedeferredacquistioncostslifepolicyreservesandothernetoftax": 7000000,
        "othercomprehensiveincomelossnetoftax": 393000000,
        "comprehensiveincomenetoftax": 1302000000,
        "othercomprehensiveincomeunrealizedholdinggainlossonsecuritiesarisingduringperiodtax": 107000000,
        "othercomprehensiveincomechangeinlifedeferredacquisitioncostslifepolicyreservesandothertax": -2000000
    },
    {
        "date": "2020-03-30",
        "symbol": "CINF",
        "period": "Q1",
        "netincomeloss": -1226000000,
        "othercomprehensiveincomeunrealizedholdinggainlossonsecuritiesarisingduringperiodbeforetax": -256000000,
        "othercomprehensiveincomedefinedbenefitplansnetunamortizedgainlossarisingduringperiodnetoftax": 1000000,
        "othercomprehensiveincomechangeinlifedeferredacquistioncostslifepolicyreservesandothernetoftax": -11000000,
        "othercomprehensiveincomelossnetoftax": -244000000,
        "comprehensiveincomenetoftax": -1470000000,
        "othercomprehensiveincomeunrealizedholdinggainlossonsecuritiesarisingduringperiodtax": -68000000,
        "othercomprehensiveincomechangeinlifedeferredacquisitioncostslifepolicyreservesandothertax": 3000000,
        "premiumsearnednet": 1456000000,
        "netinvestmentincome": 165000000,
        "gainlossoninvestments": -1725000000,
        "insurancecommissionsandfees": 3000000,
        "otherincome": 2000000,
        "revenues": -99000000,
        "policyholderbenefitsandclaimsincurrednet": 1003000000,
        "underwritingacquisitionandinsuranceexpenses": 456000000,
        "interestexpense": 13000000,
        "othercostandexpenseoperating": 5000000,
        "benefitslossesandexpenses": 1477000000,
        "incomelossfromcontinuingoperationsbeforeincometaxesminorityinterestandincomelossfromequitymethodinvestments": -1576000000,
        "currentincometaxexpensebenefit": 3000000,
        "deferredincometaxexpensebenefit": -353000000,
        "incometaxexpensebenefit": -350000000,
        "earningspersharebasic": -7.56,
        "earningspersharediluted": -7.56
    },
    {
        "date": "2019-12-30",
        "symbol": "CINF",
        "period": "Q4",
        "netincomeloss": 626000000,
        "othercomprehensiveincomeunrealizedholdinggainlossonsecuritiesarisingduringperiodbeforetax": 2000000,
        "othercomprehensiveincomechangeinlifedeferredacquistioncostslifepolicyreservesandothernetoftax": 0,
        "othercomprehensiveincomelossnetoftax": 6000000,
        "comprehensiveincomenetoftax": 632000000,
        "othercomprehensiveincomeunrealizedholdinggainlossonsecuritiesarisingduringperiodtax": 0,
        "premiumsearnednet": 25000000,
        "netinvestmentincome": -403000000,
        "otherincome": 8000000,
        "revenues": 566000000,
        "policyholderbenefitsandclaimsincurrednet": 3141000000,
        "underwritingacquisitionandinsuranceexpenses": 442000000,
        "interestexpense": 12000000,
        "othercostandexpenseoperating": 20000000,
        "benefitslossesandexpenses": -3992000000,
        "incomelossfromcontinuingoperationsbeforeincometaxesminorityinterestandincomelossfromequitymethodinvestments": 745000000,
        "currentincometaxexpensebenefit": 48000000,
        "deferredincometaxexpensebenefit": 107000000,
        "incometaxexpensebenefit": -174000000,
        "earningspersharebasic": 3.84,
        "earningspersharediluted": 3.8
    },
    {
        "date": "2019-09-29",
        "symbol": "CINF",
        "period": "Q3",
        "netincomeloss": 248000000,
        "othercomprehensiveincomeunrealizedholdinggainlossonsecuritiesarisingduringperiodbeforetax": 79000000,
        "othercomprehensiveincomechangeinlifedeferredacquistioncostslifepolicyreservesandothernetoftax": 1000000,
        "othercomprehensiveincomelossnetoftax": 78000000,
        "comprehensiveincomenetoftax": 326000000,
        "othercomprehensiveincomeunrealizedholdinggainlossonsecuritiesarisingduringperiodtax": 21000000,
        "othercomprehensiveincomechangeinlifedeferredacquisitioncostslifepolicyreservesandothertax": 0,
        "premiumsearnednet": 2624000000,
        "netinvestmentincome": 161000000,
        "gainlossoninvestments": 86000000,
        "otherincome": 3000000,
        "revenues": 3514000000,
        "policyholderbenefitsandclaimsincurrednet": 1722000000,
        "underwritingacquisitionandinsuranceexpenses": 455000000,
        "interestexpense": 14000000,
        "othercostandexpenseoperating": 5000000,
        "benefitslossesandexpenses": 1406000000,
        "incomelossfromcontinuingoperationsbeforeincometaxesminorityinterestandincomelossfromequitymethodinvestments": 1165000000,
        "currentincometaxexpensebenefit": 28000000,
        "deferredincometaxexpensebenefit": 18000000,
        "incometaxexpensebenefit": 46000000,
        "earningspersharebasic": 1.5100000000000007,
        "earningspersharediluted": 1.490000000000001
    },
    {
        "date": "2019-06-29",
        "symbol": "CINF",
        "period": "Q2",
        "netincomeloss": 428000000,
        "othercomprehensiveincomeunrealizedholdinggainlossonsecuritiesarisingduringperiodbeforetax": 157000000,
        "othercomprehensiveincomedefinedbenefitplansnetunamortizedgainlossarisingduringperiodnetoftax": 1000000,
        "othercomprehensiveincomechangeinlifedeferredacquistioncostslifepolicyreservesandothernetoftax": 4000000,
        "othercomprehensiveincomelossnetoftax": 154000000,
        "comprehensiveincomenetoftax": 582000000,
        "othercomprehensiveincomeunrealizedholdinggainlossonsecuritiesarisingduringperiodtax": 43000000,
        "othercomprehensiveincomechangeinlifedeferredacquisitioncostslifepolicyreservesandothertax": -1000000,
        "premiumsearnednet": 1384000000,
        "netinvestmentincome": 160000000,
        "gainlossoninvestments": 364000000,
        "insurancecommissionsandfees": 3000000,
        "otherincome": 2000000,
        "revenues": 1913000000,
        "policyholderbenefitsandclaimsincurrednet": 936000000,
        "underwritingacquisitionandinsuranceexpenses": 430000000,
        "interestexpense": 13000000,
        "othercostandexpenseoperating": 4000000,
        "benefitslossesandexpenses": 1383000000,
        "incomelossfromcontinuingoperationsbeforeincometaxesminorityinterestandincomelossfromequitymethodinvestments": 530000000,
        "currentincometaxexpensebenefit": 28000000,
        "deferredincometaxexpensebenefit": 74000000,
        "incometaxexpensebenefit": 102000000,
        "earningspersharebasic": 2.62,
        "earningspersharediluted": 2.59
    },
    {
        "date": "2019-03-30",
        "symbol": "CINF",
        "period": "Q1",
        "netincomeloss": 695000000,
        "othercomprehensiveincomeunrealizedholdinggainlossonsecuritiesarisingduringperiodbeforetax": 192000000,
        "othercomprehensiveincomechangeinlifedeferredacquistioncostslifepolicyreservesandothernetoftax": 4000000,
        "othercomprehensiveincomelossnetoftax": 188000000,
        "comprehensiveincomenetoftax": 883000000,
        "othercomprehensiveincomeunrealizedholdinggainlossonsecuritiesarisingduringperiodtax": 50000000,
        "othercomprehensiveincomechangeinlifedeferredacquisitioncostslifepolicyreservesandothertax": -1000000,
        "premiumsearnednet": 155000000,
        "netinvestmentincome": 157000000,
        "gainlossoninvestments": 663000000,
        "feesandcommissions": 1000000,
        "otherincome": 2000000,
        "revenues": 345000000,
        "policyholderbenefitsandclaimsincurrednet": 70000000,
        "underwritingacquisitionandinsuranceexpenses": 411000000,
        "interestexpense": 13000000,
        "othercostandexpenseoperating": 8000000,
        "benefitslossesandexpenses": 1292000000,
        "incomelossfromcontinuingoperationsbeforeincometaxesminorityinterestandincomelossfromequitymethodinvestments": -4000000,
        "currentincometaxexpensebenefit": 28000000,
        "deferredincometaxexpensebenefit": 144000000,
        "incometaxexpensebenefit": 172000000,
        "earningspersharebasic": 4.27,
        "earningspersharediluted": 4.22
    },
    {
        "date": "2018-12-30",
        "symbol": "CINF",
        "period": "Q4",
        "netincomeloss": -452000000,
        "othercomprehensiveincomeunrealizedholdinggainlossonsecuritiesarisingduringperiodbeforetax": 187000000,
        "othercomprehensiveincomechangeinlifedeferredacquistioncostslifepolicyreservesandothernetoftax": 0,
        "othercomprehensiveincomelossnetoftax": 26000000,
        "comprehensiveincomenetoftax": -426000000,
        "othercomprehensiveincomeunrealizedholdinggainlossonsecuritiesarisingduringperiodtax": 9000000,
        "policyholderbenefitsandclaimsincurrednet": 3032000000,
        "underwritingacquisitionandinsuranceexpenses": 398000000,
        "interestexpense": 12000000,
        "othercostandexpenseoperating": 21000000,
        "benefitslossesandexpenses": -3782000000,
        "incomelossfromcontinuingoperationsbeforeincometaxesminorityinterestandincomelossfromequitymethodinvestments": 30000000,
        "currentincometaxexpensebenefit": 48000000,
        "deferredincometaxexpensebenefit": -177000000,
        "incometaxexpensebenefit": -124000000,
        "earningspersharebasic": -2.77,
        "earningspersharediluted": -2.7399999999999998
    },
    {
        "date": "2018-09-29",
        "symbol": "CINF",
        "period": "Q3",
        "netincomeloss": 553000000,
        "othercomprehensiveincomeunrealizedholdinggainlossonsecuritiesarisingduringperiodbeforetax": -60000000,
        "othercomprehensiveincomechangeinlifedeferredacquistioncostslifepolicyreservesandothernetoftax": -1000000,
        "othercomprehensiveincomelossnetoftax": -59000000,
        "comprehensiveincomenetoftax": 494000000,
        "othercomprehensiveincomeunrealizedholdinggainlossonsecuritiesarisingduringperiodtax": -17000000,
        "othercomprehensiveincomechangeinlifedeferredacquisitioncostslifepolicyreservesandothertax": 0,
        "policyholderbenefitsandclaimsincurrednet": 66000000,
        "underwritingacquisitionandinsuranceexpenses": 401000000,
        "interestexpense": 14000000,
        "othercostandexpenseoperating": 3000000,
        "benefitslossesandexpenses": 1297000000,
        "incomelossfromcontinuingoperationsbeforeincometaxesminorityinterestandincomelossfromequitymethodinvestments": -9000000,
        "currentincometaxexpensebenefit": -98000000,
        "deferredincometaxexpensebenefit": 163000000,
        "incometaxexpensebenefit": 65000000,
        "earningspersharebasic": 3.39,
        "earningspersharediluted": 3.36
    },
    {
        "date": "2018-06-29",
        "symbol": "CINF",
        "period": "Q2",
        "netincomeloss": 217000000,
        "othercomprehensiveincomeunrealizedholdinggainlossonsecuritiesarisingduringperiodbeforetax": -62000000,
        "othercomprehensiveincomedefinedbenefitplansnetunamortizedgainlossarisingduringperiodnetoftax": 1000000,
        "othercomprehensiveincomechangeinlifedeferredacquistioncostslifepolicyreservesandothernetoftax": -1000000,
        "othercomprehensiveincomelossnetoftax": -60000000,
        "comprehensiveincomenetoftax": 157000000,
        "othercomprehensiveincomeunrealizedholdinggainlossonsecuritiesarisingduringperiodtax": -18000000,
        "othercomprehensiveincomechangeinlifedeferredacquisitioncostslifepolicyreservesandothertax": 1000000,
        "premiumsearnednet": 153000000,
        "netinvestmentincome": 154000000,
        "realizedinvestmentgainslosses": 105000000,
        "feesandcommissions": 2000000,
        "otherincome": 1000000,
        "revenues": 333000000,
        "policyholderbenefitsandclaimsincurrednet": 62000000,
        "underwritingacquisitionandinsuranceexpenses": 395000000,
        "interestexpense": 13000000,
        "othercostandexpenseoperating": 3000000,
        "benefitslossesandexpenses": 1294000000,
        "incomelossfromcontinuingoperationsbeforeincometaxesminorityinterestandincomelossfromequitymethodinvestments": -32000000,
        "currentincometaxexpensebenefit": 33000000,
        "deferredincometaxexpensebenefit": 14000000,
        "incometaxexpensebenefit": 47000000,
        "earningspersharebasic": 1.33,
        "earningspersharediluted": 1.32
    },
    {
        "date": "2018-03-30",
        "symbol": "CINF",
        "period": "Q1",
        "netincomeloss": -31000000,
        "othercomprehensiveincomeunrealizedholdinggainlossonsecuritiesarisingduringperiodbeforetax": -175000000,
        "othercomprehensiveincomechangeinlifedeferredacquistioncostslifepolicyreservesandothernetoftax": -5000000,
        "othercomprehensiveincomelossnetoftax": -170000000,
        "comprehensiveincomenetoftax": -201000000,
        "othercomprehensiveincomeunrealizedholdinggainlossonsecuritiesarisingduringperiodtax": -46000000,
        "othercomprehensiveincomechangeinlifedeferredacquisitioncostslifepolicyreservesandothertax": 1000000,
        "premiumsearnednet": 151000000,
        "netinvestmentincome": 150000000,
        "realizedinvestmentgainslosses": -191000000,
        "feesandcommissions": 1000000,
        "otherincome": 1000000,
        "revenues": 326000000,
        "policyholderbenefitsandclaimsincurrednet": 63000000,
        "underwritingacquisitionandinsuranceexpenses": 403000000,
        "interestexpense": 13000000,
        "othercostandexpenseoperating": 4000000,
        "benefitslossesandexpenses": 1274000000,
        "incomelossfromcontinuingoperationsbeforeincometaxesminorityinterestandincomelossfromequitymethodinvestments": -9000000,
        "currentincometaxexpensebenefit": 28000000,
        "deferredincometaxexpensebenefit": -47000000,
        "incometaxexpensebenefit": -19000000,
        "earningspersharebasic": -0.19,
        "earningspersharediluted": -0.19
    },
    {
        "date": "2017-12-30",
        "symbol": "CINF",
        "period": "Q4",
        "netincomeloss": 642000000,
        "othercomprehensiveincomeunrealizedholdinggainlossonsecuritiesarisingduringperiodbeforetax": -31000000,
        "othercomprehensiveincomechangeinlifedeferredacquistioncostslifepolicyreservesandothernetoftax": 3000000,
        "othercomprehensiveincomelossnetoftax": 249000000,
        "comprehensiveincomenetoftax": 891000000,
        "othercomprehensiveincomeunrealizedholdinggainlossonsecuritiesarisingduringperiodtax": 128000000,
        "premiumsearnednet": 4289000000,
        "netinvestmentincome": 156000000,
        "realizedinvestmentgainslosses": -8000000,
        "feesandcommissions": 1000000,
        "otherincome": 1000000,
        "revenues": 321000000,
        "policyholderbenefitsandclaimsincurrednet": 2954000000,
        "underwritingacquisitionandinsuranceexpenses": 389000000,
        "interestexpense": 13000000,
        "othercostandexpenseoperating": 17000000,
        "benefitslossesandexpenses": -3708000000,
        "incomelossfromcontinuingoperationsbeforeincometaxesminorityinterestandincomelossfromequitymethodinvestments": 16000000,
        "currentincometaxexpensebenefit": 31000000,
        "incometaxexpensebenefit": -291000000,
        "earningspersharebasic": 3.91,
        "earningspersharediluted": 3.87
    },
    {
        "date": "2017-09-29",
        "symbol": "CINF",
        "period": "Q3",
        "netincomeloss": 102000000,
        "othercomprehensiveincomeunrealizedholdinggainlossonsecuritiesarisingduringperiodbeforetax": 180000000,
        "othercomprehensiveincomechangeinlifedeferredacquistioncostslifepolicyreservesandothernetoftax": 1000000,
        "othercomprehensiveincomelossnetoftax": 122000000,
        "comprehensiveincomenetoftax": 224000000,
        "othercomprehensiveincomeunrealizedholdinggainlossonsecuritiesarisingduringperiodtax": 66000000,
        "premiumsearnednet": 148000000,
        "netinvestmentincome": 153000000,
        "realizedinvestmentgainslosses": 7000000,
        "feesandcommissions": 1000000,
        "otherincome": 2000000,
        "revenues": 315000000,
        "policyholderbenefitsandclaimsincurrednet": 59000000,
        "underwritingacquisitionandinsuranceexpenses": 393000000,
        "interestexpense": 13000000,
        "othercostandexpenseoperating": 3000000,
        "benefitslossesandexpenses": 1283000000,
        "incomelossfromcontinuingoperationsbeforeincometaxesminorityinterestandincomelossfromequitymethodinvestments": -9000000,
        "currentincometaxexpensebenefit": 27000000,
        "deferredincometaxexpensebenefit": 0,
        "incometaxexpensebenefit": 27000000,
        "earningspersharebasic": 0.6200000000000001,
        "earningspersharediluted": 0.6099999999999999
    },
    {
        "date": "2017-06-29",
        "symbol": "CINF",
        "period": "Q2",
        "netincomeloss": 100000000,
        "othercomprehensiveincomeunrealizedholdinggainlossonsecuritiesarisingduringperiodbeforetax": 145000000,
        "othercomprehensiveincomedefinedbenefitplansnetunamortizedgainlossarisingduringperiodnetoftax": 0,
        "othercomprehensiveincomechangeinlifedeferredacquistioncostslifepolicyreservesandothernetoftax": -1000000,
        "othercomprehensiveincomelossnetoftax": 145000000,
        "comprehensiveincomenetoftax": 245000000,
        "othercomprehensiveincomeunrealizedholdinggainlossonsecuritiesarisingduringperiodtax": 77000000,
        "othercomprehensiveincomechangeinlifedeferredacquisitioncostslifepolicyreservesandothertax": 0,
        "premiumsearnednet": 144000000,
        "netinvestmentincome": 151000000,
        "realizedinvestmentgainslosses": -11000000,
        "feesandcommissions": 1000000,
        "otherincome": 1000000,
        "revenues": 308000000,
        "policyholderbenefitsandclaimsincurrednet": 60000000,
        "underwritingacquisitionandinsuranceexpenses": 387000000,
        "interestexpense": 13000000,
        "othercostandexpenseoperating": 4000000,
        "benefitslossesandexpenses": 1258000000,
        "incomelossfromcontinuingoperationsbeforeincometaxesminorityinterestandincomelossfromequitymethodinvestments": -24000000,
        "currentincometaxexpensebenefit": 31000000,
        "deferredincometaxexpensebenefit": -3000000,
        "incometaxexpensebenefit": 28000000,
        "earningspersharebasic": 0.6100000000000001,
        "earningspersharediluted": 0.6000000000000001
    },
    {
        "date": "2017-03-30",
        "symbol": "CINF",
        "period": "Q1",
        "netincomeloss": 201000000,
        "othercomprehensiveincomeunrealizedholdinggainlossonsecuritiesarisingduringperiodbeforetax": 97000000,
        "othercomprehensiveincomedefinedbenefitplansnetunamortizedgainlossarisingduringperiodnetoftax": 1000000,
        "othercomprehensiveincomechangeinlifedeferredacquistioncostslifepolicyreservesandothernetoftax": -1000000,
        "othercomprehensiveincomelossnetoftax": 87000000,
        "comprehensiveincomenetoftax": 288000000,
        "othercomprehensiveincomeunrealizedholdinggainlossonsecuritiesarisingduringperiodtax": 46000000,
        "othercomprehensiveincomechangeinlifedeferredacquisitioncostslifepolicyreservesandothertax": 1000000,
        "premiumsearnednet": 141000000,
        "netinvestmentincome": 149000000,
        "realizedinvestmentgainslosses": 160000000,
        "feesandcommissions": 2000000,
        "otherincome": 1000000,
        "revenues": 302000000,
        "policyholderbenefitsandclaimsincurrednet": 65000000,
        "underwritingacquisitionandinsuranceexpenses": 377000000,
        "interestexpense": 13000000,
        "othercostandexpenseoperating": 4000000,
        "benefitslossesandexpenses": 1247000000,
        "incomelossfromcontinuingoperationsbeforeincometaxesminorityinterestandincomelossfromequitymethodinvestments": -15000000,
        "currentincometaxexpensebenefit": 40000000,
        "deferredincometaxexpensebenefit": 35000000,
        "incometaxexpensebenefit": 75000000,
        "earningspersharebasic": 1.22,
        "earningspersharediluted": 1.21
    },
    {
        "date": "2016-12-30",
        "symbol": "CINF",
        "period": "Q4",
        "netincomeloss": 100000000,
        "othercomprehensiveincomeunrealizedholdinggainlossonsecuritiesarisingduringperiodbeforetax": 204000000,
        "othercomprehensiveincomechangeinlifedeferredacquistioncostslifepolicyreservesandothernetoftax": -4000000,
        "othercomprehensiveincomelossnetoftax": -59000000,
        "comprehensiveincomenetoftax": 41000000,
        "othercomprehensiveincomeunrealizedholdinggainlossonsecuritiesarisingduringperiodtax": -38000000,
        "premiumsearnednet": 4079000000,
        "netinvestmentincome": 153000000,
        "realizedinvestmentgainslosses": -37000000,
        "feesandcommissions": 1000000,
        "otherincome": 0,
        "revenues": 298000000,
        "policyholderbenefitsandclaimsincurrednet": 2673000000,
        "underwritingacquisitionandinsuranceexpenses": 359000000,
        "interestexpense": 13000000,
        "othercostandexpenseoperating": 17000000,
        "benefitslossesandexpenses": -3374000000,
        "incomelossfromcontinuingoperationsbeforeincometaxesminorityinterestandincomelossfromequitymethodinvestments": -160000000,
        "currentincometaxexpensebenefit": 10000000,
        "deferredincometaxexpensebenefit": 18000000,
        "incometaxexpensebenefit": -199000000,
        "earningspersharebasic": 0.6100000000000001,
        "earningspersharediluted": 0.5999999999999996
    },
    {
        "date": "2016-09-29",
        "symbol": "CINF",
        "period": "Q3",
        "netincomeloss": 180000000,
        "othercomprehensiveincomeunrealizedholdinggainlossonsecuritiesarisingduringperiodbeforetax": 82000000,
        "othercomprehensiveincomechangeinlifedeferredacquistioncostslifepolicyreservesandothernetoftax": 3000000,
        "othercomprehensiveincomelossnetoftax": 38000000,
        "comprehensiveincomenetoftax": 218000000,
        "othercomprehensiveincomeunrealizedholdinggainlossonsecuritiesarisingduringperiodtax": 21000000,
        "othercomprehensiveincomechangeinlifedeferredacquisitioncostslifepolicyreservesandothertax": 0,
        "premiumsearnednet": 137000000,
        "netinvestmentincome": 148000000,
        "realizedinvestmentgainslosses": 56000000,
        "feesandcommissions": 1000000,
        "otherincome": 2000000,
        "revenues": 294000000,
        "policyholderbenefitsandclaimsincurrednet": 63000000,
        "underwritingacquisitionandinsuranceexpenses": 380000000,
        "interestexpense": 13000000,
        "othercostandexpenseoperating": 3000000,
        "benefitslossesandexpenses": 1149000000,
        "incomelossfromcontinuingoperationsbeforeincometaxesminorityinterestandincomelossfromequitymethodinvestments": 140000000,
        "currentincometaxexpensebenefit": 60000000,
        "deferredincometaxexpensebenefit": 13000000,
        "incometaxexpensebenefit": 73000000,
        "earningspersharebasic": 1.09,
        "earningspersharediluted": 1.08
    },
    {
        "date": "2016-06-29",
        "symbol": "CINF",
        "period": "Q2",
        "netincomeloss": 123000000,
        "othercomprehensiveincomeunrealizedholdinggainlossonsecuritiesarisingduringperiodbeforetax": 111000000,
        "othercomprehensiveincomechangeinlifedeferredacquistioncostslifepolicyreservesandothernetoftax": 4000000,
        "othercomprehensiveincomelossnetoftax": 183000000,
        "comprehensiveincomenetoftax": 306000000,
        "othercomprehensiveincomeunrealizedholdinggainlossonsecuritiesarisingduringperiodtax": 103000000,
        "othercomprehensiveincomelosspensionandotherpostretirementbenefitplansnetactuariallossandpriorservicecostarisingduringperiodtax": 0,
        "othercomprehensiveincomechangeinlifedeferredacquisitioncostslifepolicyreservesandothertax": -3000000,
        "premiumsearnednet": 135000000,
        "netinvestmentincome": 149000000,
        "realizedinvestmentgainslosses": 44000000,
        "feesandcommissions": 1000000,
        "otherincome": -8000000,
        "revenues": 289000000,
        "policyholderbenefitsandclaimsincurrednet": 62000000,
        "underwritingacquisitionandinsuranceexpenses": 366000000,
        "interestexpense": 13000000,
        "othercostandexpenseoperating": 5000000,
        "benefitslossesandexpenses": 1205000000,
        "incomelossfromcontinuingoperationsbeforeincometaxesminorityinterestandincomelossfromequitymethodinvestments": -20000000,
        "currentincometaxexpensebenefit": 48000000,
        "deferredincometaxexpensebenefit": -5000000,
        "incometaxexpensebenefit": 43000000,
        "earningspersharebasic": 0.75,
        "earningspersharediluted": 0.7400000000000002
    },
    {
        "date": "2016-03-30",
        "symbol": "CINF",
        "period": "Q1",
        "netincomeloss": 188000000,
        "othercomprehensiveincomeunrealizedholdinggainlossonsecuritiesarisingduringperiodbeforetax": 174000000,
        "othercomprehensiveincomechangeinlifedeferredacquistioncostslifepolicyreservesandothernetoftax": 3000000,
        "othercomprehensiveincomelossnetoftax": 187000000,
        "comprehensiveincomenetoftax": 375000000,
        "othercomprehensiveincomeunrealizedholdinggainlossonsecuritiesarisingduringperiodtax": 100000000,
        "othercomprehensiveincomelosspensionandotherpostretirementbenefitplansnetactuariallossandpriorservicecostarisingduringperiodtax": 1000000,
        "othercomprehensiveincomechangeinlifedeferredacquisitioncostslifepolicyreservesandothertax": -1000000,
        "premiumsearnednet": 131000000,
        "netinvestmentincome": 145000000,
        "realizedinvestmentgainslosses": 61000000,
        "feesandcommissions": 1000000,
        "otherincome": 11000000,
        "revenues": 284000000,
        "policyholderbenefitsandclaimsincurrednet": 63000000,
        "underwritingacquisitionandinsuranceexpenses": 360000000,
        "interestexpense": 13000000,
        "othercostandexpenseoperating": 2000000,
        "benefitslossesandexpenses": 1099000000,
        "incomelossfromcontinuingoperationsbeforeincometaxesminorityinterestandincomelossfromequitymethodinvestments": 28000000,
        "currentincometaxexpensebenefit": 65000000,
        "deferredincometaxexpensebenefit": 12000000,
        "incometaxexpensebenefit": 77000000,
        "earningspersharebasic": 1.14,
        "earningspersharediluted": 1.13
    },
    {
        "date": "2015-12-30",
        "symbol": "CINF",
        "period": "Q4",
        "netincomeloss": 156000000,
        "othercomprehensiveincomeunrealizedholdinggainlossonsecuritiesarisingduringperiodbeforetax": 212000000,
        "othercomprehensiveincomechangeinlifedeferredacquistioncostslifepolicyreservesandothernetoftax": -3000000,
        "othercomprehensiveincomelossnetoftax": 64000000,
        "comprehensiveincomenetoftax": 220000000,
        "othercomprehensiveincomeunrealizedholdinggainlossonsecuritiesarisingduringperiodtax": 34000000,
        "premiumsearnednet": 3895000000,
        "netinvestmentincome": 150000000,
        "realizedinvestmentgainslosses": -40000000,
        "otherincome": 12000000,
        "revenues": 281000000,
        "policyholderbenefitsandclaimsincurrednet": 2397000000,
        "underwritingacquisitionandinsuranceexpenses": 354000000,
        "interestexpense": 12000000,
        "othercostandexpenseoperating": 18000000,
        "benefitslossesandexpenses": -3134000000,
        "incomelossfromcontinuingoperationsbeforeincometaxesminorityinterestandincomelossfromequitymethodinvestments": 18000000,
        "currentincometaxexpensebenefit": 51000000,
        "incometaxexpensebenefit": -210000000,
        "earningspersharebasic": 0.96,
        "earningspersharediluted": 0.94
    },
    {
        "date": "2015-09-29",
        "symbol": "CINF",
        "period": "Q3",
        "netincomeloss": 174000000,
        "othercomprehensiveincomeunrealizedholdinggainlossonsecuritiesarisingduringperiodbeforetax": -411000000,
        "othercomprehensiveincomedefinedbenefitplansnetunamortizedgainlossarisingduringperiodnetoftax": 1000000,
        "othercomprehensiveincomechangeinlifedeferredacquistioncostslifepolicyreservesandothernetoftax": -3000000,
        "othercomprehensiveincomelossnetoftax": -234000000,
        "comprehensiveincomenetoftax": -60000000,
        "othercomprehensiveincomeunrealizedholdinggainlossonsecuritiesarisingduringperiodtax": -127000000,
        "premiumsearnednet": 128000000,
        "netinvestmentincome": 143000000,
        "realizedinvestmentgainslosses": 3000000,
        "feesandcommissions": 0,
        "otherincome": 1000000,
        "revenues": 278000000,
        "policyholderbenefitsandclaimsincurrednet": 57000000,
        "underwritingacquisitionandinsuranceexpenses": 348000000,
        "interestexpense": 14000000,
        "othercostandexpenseoperating": 3000000,
        "benefitslossesandexpenses": 1035000000,
        "incomelossfromcontinuingoperationsbeforeincometaxesminorityinterestandincomelossfromequitymethodinvestments": -2000000,
        "currentincometaxexpensebenefit": 64000000,
        "incometaxexpensebenefit": 69000000,
        "earningspersharebasic": 1.06,
        "earningspersharediluted": 1.06
    },
    {
        "date": "2015-06-29",
        "symbol": "CINF",
        "period": "Q2",
        "netincomeloss": 176000000,
        "othercomprehensiveincomeunrealizedholdinggainlossonsecuritiesarisingduringperiodbeforetax": -135000000,
        "othercomprehensiveincomedefinedbenefitplansnetunamortizedgainlossarisingduringperiodnetoftax": 1000000,
        "othercomprehensiveincomechangeinlifedeferredacquistioncostslifepolicyreservesandothernetoftax": -4000000,
        "othercomprehensiveincomelossnetoftax": -202000000,
        "comprehensiveincomenetoftax": -26000000,
        "othercomprehensiveincomeunrealizedholdinggainlossonsecuritiesarisingduringperiodtax": -112000000,
        "othercomprehensiveincomelosspensionandotherpostretirementbenefitplansnetactuariallossandpriorservicecostarisingduringperiodtax": 1000000,
        "othercomprehensiveincomechangeinlifedeferredacquisitioncostslifepolicyreservesandothertax": 2000000,
        "premiumsearnednet": 125000000,
        "netinvestmentincome": 140000000,
        "realizedinvestmentgainslosses": 60000000,
        "feesandcommissions": 1000000,
        "otherincome": 2000000,
        "revenues": 272000000,
        "policyholderbenefitsandclaimsincurrednet": 58000000,
        "underwritingacquisitionandinsuranceexpenses": 340000000,
        "interestexpense": 13000000,
        "othercostandexpenseoperating": 3000000,
        "benefitslossesandexpenses": 1068000000,
        "incomelossfromcontinuingoperationsbeforeincometaxesminorityinterestandincomelossfromequitymethodinvestments": -25000000,
        "currentincometaxexpensebenefit": 70000000,
        "deferredincometaxexpensebenefit": 2000000,
        "incometaxexpensebenefit": 72000000,
        "earningspersharebasic": 1.07,
        "earningspersharediluted": 1.06
    },
    {
        "date": "2015-03-30",
        "symbol": "CINF",
        "period": "Q1",
        "netincomeloss": 128000000,
        "othercomprehensiveincomeunrealizedholdinggainlossonsecuritiesarisingduringperiodbeforetax": -28000000,
        "othercomprehensiveincomedefinedbenefitplansnetunamortizedgainlossarisingduringperiodnetoftax": 1000000,
        "othercomprehensiveincomechangeinlifedeferredacquistioncostslifepolicyreservesandothernetoftax": 1000000,
        "othercomprehensiveincomelossnetoftax": -28000000,
        "comprehensiveincomenetoftax": 100000000,
        "othercomprehensiveincomeunrealizedholdinggainlossonsecuritiesarisingduringperiodtax": -15000000,
        "premiumsearnednet": 123000000,
        "netinvestmentincome": 139000000,
        "realizedinvestmentgainslosses": 47000000,
        "feesandcommissions": 1000000,
        "otherincome": 2000000,
        "revenues": 269000000,
        "policyholderbenefitsandclaimsincurrednet": 60000000,
        "underwritingacquisitionandinsuranceexpenses": 345000000,
        "interestexpense": 13000000,
        "othercostandexpenseoperating": 4000000,
        "benefitslossesandexpenses": 1111000000,
        "incomelossfromcontinuingoperationsbeforeincometaxesminorityinterestandincomelossfromequitymethodinvestments": -3000000,
        "currentincometaxexpensebenefit": 46000000,
        "incometaxexpensebenefit": 46000000,
        "earningspersharebasic": 0.78,
        "earningspersharediluted": 0.77
    },
    {
        "date": "2014-12-30",
        "symbol": "CINF",
        "period": "Q4",
        "netincomeloss": 167000000,
        "othercomprehensiveincomeunrealizedholdinggainlossonsecuritiesarisingduringperiodbeforetax": 161000000,
        "othercomprehensiveincomechangeinlifedeferredacquistioncostslifepolicyreservesandothernetoftax": 1000000,
        "othercomprehensiveincomelossnetoftax": 86000000,
        "comprehensiveincomenetoftax": 253000000,
        "othercomprehensiveincomeunrealizedholdinggainlossonsecuritiesarisingduringperiodtax": 53000000,
        "premiumsearnednet": 1913000000,
        "netinvestmentincome": 140000000,
        "realizedinvestmentgainslosses": 32000000,
        "feesandcommissions": -5000000,
        "otherincome": 1000000,
        "revenues": 633000000,
        "policyholderbenefitsandclaimsincurrednet": 1273000000,
        "underwritingacquisitionandinsuranceexpenses": 334000000,
        "interestexpense": 12000000,
        "othercostandexpenseoperating": 18000000,
        "benefitslossesandexpenses": -3118000000,
        "incomelossfromcontinuingoperationsbeforeincometaxesminorityinterestandincomelossfromequitymethodinvestments": -118000000,
        "currentincometaxexpensebenefit": 53000000,
        "deferredincometaxexpensebenefit": 16000000,
        "incometaxexpensebenefit": -132000000,
        "earningspersharebasic": 1.0199999999999998,
        "earningspersharediluted": 1.0100000000000002
    },
    {
        "date": "2014-09-29",
        "symbol": "CINF",
        "period": "Q3",
        "netincomeloss": 183000000,
        "othercomprehensiveincomeunrealizedholdinggainlossonsecuritiesarisingduringperiodbeforetax": -54000000,
        "othercomprehensiveincomelosspensionandotherpostretirementbenefitplansnetactuariallossandpriorservicecostarisingduringperiodbeforetax": -1000000,
        "othercomprehensiveincomechangeinlifedeferredacquistioncostslifepolicyreservesandothernetoftax": -3000000,
        "othercomprehensiveincomelossnetoftax": -74000000,
        "comprehensiveincomenetoftax": 109000000,
        "othercomprehensiveincomeunrealizedholdinggainlossonsecuritiesarisingduringperiodtax": -42000000,
        "othercomprehensiveincomechangeinlifedeferredacquisitioncostslifepolicyreservesandothertax": 2000000,
        "premiumsearnednet": 46000000,
        "netinvestmentincome": 138000000,
        "realizedinvestmentgainslosses": 65000000,
        "feesandcommissions": 1000000,
        "otherincome": 3000000,
        "revenues": 264000000,
        "policyholderbenefitsandclaimsincurrednet": 622000000,
        "underwritingacquisitionandinsuranceexpenses": 319000000,
        "interestexpense": 13000000,
        "othercostandexpenseoperating": 3000000,
        "benefitslossesandexpenses": 1021000000,
        "incomelossfromcontinuingoperationsbeforeincometaxesminorityinterestandincomelossfromequitymethodinvestments": -4000000,
        "currentincometaxexpensebenefit": 68000000,
        "deferredincometaxexpensebenefit": 8000000,
        "incometaxexpensebenefit": 76000000,
        "earningspersharebasic": 1.12,
        "earningspersharediluted": 1.11
    },
    {
        "date": "2014-06-29",
        "symbol": "CINF",
        "period": "Q2",
        "netincomeloss": 84000000,
        "othercomprehensiveincomeunrealizedholdinggainlossonsecuritiesarisingduringperiodbeforetax": 142000000,
        "othercomprehensiveincomechangeinlifedeferredacquistioncostslifepolicyreservesandothernetoftax": -1000000,
        "othercomprehensiveincomelossnetoftax": 154000000,
        "comprehensiveincomenetoftax": 238000000,
        "othercomprehensiveincomeunrealizedholdinggainlossonsecuritiesarisingduringperiodtax": 82000000,
        "premiumsearnednet": 1059000000,
        "netinvestmentincome": 136000000,
        "realizedinvestmentgainslosses": 14000000,
        "feesandcommissions": 3000000,
        "otherincome": 2000000,
        "revenues": 30000000,
        "policyholderbenefitsandclaimsincurrednet": 56000000,
        "underwritingacquisitionandinsuranceexpenses": 328000000,
        "interestexpense": 13000000,
        "othercostandexpenseoperating": 3000000,
        "benefitslossesandexpenses": 1107000000,
        "incomelossfromcontinuingoperationsbeforeincometaxesminorityinterestandincomelossfromequitymethodinvestments": 130000000,
        "currentincometaxexpensebenefit": 18000000,
        "deferredincometaxexpensebenefit": 5000000,
        "incometaxexpensebenefit": 23000000,
        "earningspersharebasic": 0.51,
        "earningspersharediluted": 0.51
    },
    {
        "date": "2014-03-30",
        "symbol": "CINF",
        "period": "Q1",
        "netincomeloss": 91000000,
        "othercomprehensiveincomeunrealizedholdinggainlossonsecuritiesarisingduringperiodbeforetax": 29000000,
        "othercomprehensiveincomelosspensionandotherpostretirementbenefitplansnetactuariallossandpriorservicecostarisingduringperiodbeforetax": 1000000,
        "othercomprehensiveincomechangeinlifedeferredacquistioncostslifepolicyreservesandothernetoftax": 1000000,
        "othercomprehensiveincomelossnetoftax": 74000000,
        "comprehensiveincomenetoftax": 165000000,
        "othercomprehensiveincomeunrealizedholdinggainlossonsecuritiesarisingduringperiodtax": 41000000,
        "premiumsearnednet": 1027000000,
        "netinvestmentincome": 135000000,
        "realizedinvestmentgainslosses": 22000000,
        "feesandcommissions": 3000000,
        "otherincome": 2000000,
        "revenues": 116000000,
        "policyholderbenefitsandclaimsincurrednet": 676000000,
        "underwritingacquisitionandinsuranceexpenses": 320000000,
        "interestexpense": 14000000,
        "othercostandexpenseoperating": 4000000,
        "benefitslossesandexpenses": 1070000000,
        "incomelossfromcontinuingoperationsbeforeincometaxesminorityinterestandincomelossfromequitymethodinvestments": 2000000,
        "currentincometaxexpensebenefit": 20000000,
        "deferredincometaxexpensebenefit": 8000000,
        "incometaxexpensebenefit": 28000000,
        "earningspersharebasic": 0.56,
        "earningspersharediluted": 0.55
    },
    {
        "date": "2013-12-30",
        "symbol": "CINF",
        "period": "Q4",
        "netincomeloss": 122000000,
        "othercomprehensiveincomelossnetoftax": 237000000,
        "comprehensiveincomenetoftax": 359000000,
        "othercomprehensiveincomeunrealizedholdinggainlossonsecuritiesarisingduringperiodtax": 100000000,
        "othercomprehensiveincomelosspensionandotherpostretirementbenefitplansnetactuariallossandpriorservicecostarisingduringperiodtax": 26000000,
        "premiumsearnednet": -2761000000,
        "netinvestmentincome": -351000000,
        "realizedinvestmentgainslosses": -56000000,
        "feesandcommissions": 2000000,
        "otherincome": 8000000,
        "revenues": -86000000,
        "policyholderbenefitsandclaimsincurrednet": -1496000000,
        "underwritingacquisitionandinsuranceexpenses": 324000000,
        "interestexpense": 13000000,
        "othercostandexpenseoperating": 17000000,
        "benefitslossesandexpenses": -2730000000,
        "incomelossfromcontinuingoperationsbeforeincometaxesminorityinterestandincomelossfromequitymethodinvestments": -159000000,
        "currentincometaxexpensebenefit": 41000000,
        "deferredincometaxexpensebenefit": 4000000,
        "incometaxexpensebenefit": -163000000,
        "earningspersharebasic": 0.7400000000000004,
        "earningspersharediluted": 0.73
    },
    {
        "date": "2013-09-29",
        "symbol": "CINF",
        "period": "Q3",
        "netincomeloss": 131000000,
        "othercomprehensiveincomeunrealizedholdinggainlossonsecuritiesarisingduringperiodbeforetax": 90000000,
        "othercomprehensiveincomelosspensionandotherpostretirementbenefitplansnetactuariallossandpriorservicecostarisingduringperiodbeforetax": -1000000,
        "othercomprehensiveincomechangeinlifedeferredacquistioncostslifepolicyreservesandothernetoftax": -5000000,
        "othercomprehensiveincomelossnetoftax": 46000000,
        "comprehensiveincomenetoftax": 177000000,
        "othercomprehensiveincomeunrealizedholdinggainlossonsecuritiesarisingduringperiodtax": 22000000,
        "othercomprehensiveincomelosspensionandotherpostretirementbenefitplansnetactuariallossandpriorservicecostarisingduringperiodtax": 1000000,
        "othercomprehensiveincomechangeinlifedeferredacquisitioncostslifepolicyreservesandothertax": 2000000,
        "premiumsearnednet": 992000000,
        "netinvestmentincome": 133000000,
        "realizedinvestmentgainslosses": 22000000,
        "feesandcommissions": 2000000,
        "otherincome": 3000000,
        "revenues": 30000000,
        "policyholderbenefitsandclaimsincurrednet": 593000000,
        "underwritingacquisitionandinsuranceexpenses": 312000000,
        "interestexpense": 13000000,
        "othercostandexpenseoperating": 3000000,
        "benefitslossesandexpenses": 970000000,
        "incomelossfromcontinuingoperationsbeforeincometaxesminorityinterestandincomelossfromequitymethodinvestments": 43000000,
        "currentincometaxexpensebenefit": 46000000,
        "deferredincometaxexpensebenefit": 5000000,
        "incometaxexpensebenefit": 51000000,
        "earningspersharebasic": 0.8,
        "earningspersharediluted": 0.79
    },
    {
        "date": "2013-06-29",
        "symbol": "CINF",
        "period": "Q2",
        "netincomeloss": 110000000,
        "othercomprehensiveincomeunrealizedholdinggainlossonsecuritiesarisingduringperiodbeforetax": -282000000,
        "othercomprehensiveincomelosspensionandotherpostretirementbenefitplansnetactuariallossandpriorservicecostarisingduringperiodbeforetax": -2000000,
        "othercomprehensiveincomechangeinlifedeferredacquistioncostslifepolicyreservesandothernetoftax": -16000000,
        "othercomprehensiveincomelossnetoftax": -141000000,
        "comprehensiveincomenetoftax": -31000000,
        "othercomprehensiveincomeunrealizedholdinggainlossonsecuritiesarisingduringperiodtax": -85000000,
        "othercomprehensiveincomelosspensionandotherpostretirementbenefitplansnetactuariallossandpriorservicecostarisingduringperiodtax": 1000000,
        "othercomprehensiveincomechangeinlifedeferredacquisitioncostslifepolicyreservesandothertax": 8000000,
        "premiumsearnednet": 954000000,
        "netinvestmentincome": 131000000,
        "realizedinvestmentgainslosses": 14000000,
        "feesandcommissions": 3000000,
        "otherincome": 2000000,
        "revenues": 131000000,
        "policyholderbenefitsandclaimsincurrednet": 583000000,
        "underwritingacquisitionandinsuranceexpenses": 307000000,
        "interestexpense": 14000000,
        "othercostandexpenseoperating": 4000000,
        "benefitslossesandexpenses": 956000000,
        "incomelossfromcontinuingoperationsbeforeincometaxesminorityinterestandincomelossfromequitymethodinvestments": 127000000,
        "currentincometaxexpensebenefit": 37000000,
        "deferredincometaxexpensebenefit": 1000000,
        "incometaxexpensebenefit": 38000000,
        "earningspersharebasic": 0.67,
        "earningspersharediluted": 0.66
    },
    {
        "date": "2013-03-30",
        "symbol": "CINF",
        "period": "Q1",
        "netincomeloss": 154000000,
        "othercomprehensiveincomeunrealizedholdinggainlossonsecuritiesarisingduringperiodbeforetax": -25000000,
        "othercomprehensiveincomelosspensionandotherpostretirementbenefitplansnetactuariallossandpriorservicecostarisingduringperiodbeforetax": -1000000,
        "othercomprehensiveincomelossnetoftax": 233000000,
        "comprehensiveincomenetoftax": 387000000,
        "othercomprehensiveincomeunrealizedholdinggainlossonsecuritiesarisingduringperiodtax": 124000000,
        "othercomprehensiveincomelosspensionandotherpostretirementbenefitplansnetactuariallossandpriorservicecostarisingduringperiodtax": 1000000,
        "premiumsearnednet": 931000000,
        "netinvestmentincome": 128000000,
        "realizedinvestmentgainslosses": 41000000,
        "feesandcommissions": 1000000,
        "otherincome": 2000000,
        "revenues": 2000000,
        "policyholderbenefitsandclaimsincurrednet": 524000000,
        "underwritingacquisitionandinsuranceexpenses": 300000000,
        "interestexpense": 13000000,
        "othercostandexpenseoperating": 5000000,
        "benefitslossesandexpenses": 886000000,
        "incomelossfromcontinuingoperationsbeforeincometaxesminorityinterestandincomelossfromequitymethodinvestments": -16000000,
        "currentincometaxexpensebenefit": 54000000,
        "deferredincometaxexpensebenefit": 9000000,
        "incometaxexpensebenefit": 63000000,
        "earningspersharebasic": 0.95,
        "earningspersharediluted": 0.94
    },
    {
        "date": "2012-12-30",
        "symbol": "CINF",
        "period": "Q4",
        "premiumsearnednet": -2570000000,
        "netinvestmentincome": -353000000,
        "realizedinvestmentgainslosses": 5000000,
        "feesandcommissions": 2000000,
        "otherincome": 7000000,
        "revenues": 4043000000,
        "policyholderbenefitsandclaimsincurrednet": 2001000000,
        "underwritingacquisitionandinsuranceexpenses": 298000000,
        "interestexpense": 12000000,
        "othercostandexpenseoperating": 17000000,
        "benefitslossesandexpenses": -2668000000,
        "incomelossfromcontinuingoperationsbeforeincometaxesminorityinterestandincomelossfromequitymethodinvestments": -35000000,
        "currentincometaxexpensebenefit": 59000000,
        "deferredincometaxexpensebenefit": 22000000,
        "incometaxexpensebenefit": -68000000,
        "netincomeloss": 192000000,
        "earningspersharebasic": 1.17,
        "earningspersharediluted": 1.1599999999999997,
        "othercomprehensiveincomeunrealizedholdinggainlossonsecuritiesarisingduringperiodbeforetax": -43000000,
        "othercomprehensiveincomeotherbeforetax": 6000000,
        "othercomprehensiveincomelossavailableforsalesecuritiesadjustmentandotherbeforetax": -47000000,
        "othercomprehensiveincomelosstax": -23000000,
        "comprehensiveincomenetoftax": 150000000
    },
    {
        "date": "2012-09-29",
        "symbol": "CINF",
        "period": "Q3",
        "premiumsearnednet": 889000000,
        "netinvestmentincome": 132000000,
        "realizedinvestmentgainslosses": 10000000,
        "feesandcommissions": 1000000,
        "otherincome": 3000000,
        "revenues": 25000000,
        "policyholderbenefitsandclaimsincurrednet": 46000000,
        "underwritingacquisitionandinsuranceexpenses": 296000000,
        "interestexpense": 14000000,
        "othercostandexpenseoperating": 2000000,
        "benefitslossesandexpenses": 883000000,
        "incomelossfromcontinuingoperationsbeforeincometaxesminorityinterestandincomelossfromequitymethodinvestments": -3000000,
        "currentincometaxexpensebenefit": 34000000,
        "deferredincometaxexpensebenefit": 7000000,
        "incometaxexpensebenefit": 41000000,
        "netincomeloss": 111000000,
        "earningspersharebasic": 0.69,
        "earningspersharediluted": 0.68,
        "othercomprehensiveincomeunrealizedholdinggainlossonsecuritiesarisingduringperiodbeforetax": 143000000,
        "othercomprehensiveincomelossreclassificationadjustmentforsaleofsecuritiesincludedinnetincomebeforetax": -10000000,
        "othercomprehensiveincomeotherbeforetax": -6000000,
        "othercomprehensiveincomelossavailableforsalesecuritiesadjustmentandotherbeforetax": 247000000,
        "othercomprehensiveincomelosspensionandotherpostretirementbenefitplansnetactuariallossandpriorservicecostarisingduringperiodbeforetax": -2000000,
        "othercomprehensiveincomelosspensionandotherpostretirementbenefitplansadjustmentbeforetax": -2000000,
        "othercomprehensiveincomelossbeforetax": 249000000,
        "othercomprehensiveincomelosstax": 88000000,
        "othercomprehensiveincomelossnetoftax": 161000000,
        "comprehensiveincomenetoftax": 272000000
    },
    {
        "date": "2012-06-29",
        "symbol": "CINF",
        "period": "Q2",
        "premiumsearnednet": 877000000,
        "netinvestmentincome": 132000000,
        "realizedinvestmentgainslosses": 6000000,
        "feesandcommissions": 2000000,
        "otherincome": 3000000,
        "revenues": 22000000,
        "policyholderbenefitsandclaimsincurrednet": 47000000,
        "underwritingacquisitionandinsuranceexpenses": 287000000,
        "interestexpense": 13000000,
        "othercostandexpenseoperating": 4000000,
        "benefitslossesandexpenses": 991000000,
        "incomelossfromcontinuingoperationsbeforeincometaxesminorityinterestandincomelossfromequitymethodinvestments": -2000000,
        "currentincometaxexpensebenefit": 6000000,
        "deferredincometaxexpensebenefit": -9000000,
        "incometaxexpensebenefit": -3000000,
        "netincomeloss": 32000000,
        "earningspersharebasic": 0.2,
        "earningspersharediluted": 0.2,
        "othercomprehensiveincomeunrealizedholdinggainlossonsecuritiesarisingduringperiodbeforetax": -82000000,
        "othercomprehensiveincomelossreclassificationadjustmentforsaleofsecuritiesincludedinnetincomebeforetax": -6000000,
        "othercomprehensiveincomeotherbeforetax": 3000000,
        "othercomprehensiveincomelossavailableforsalesecuritiesadjustmentandotherbeforetax": -58000000,
        "othercomprehensiveincomelosspensionandotherpostretirementbenefitplansnetactuariallossandpriorservicecostarisingduringperiodbeforetax": -1000000,
        "othercomprehensiveincomelosspensionandotherpostretirementbenefitplansadjustmentbeforetax": -1000000,
        "othercomprehensiveincomelossbeforetax": -57000000,
        "othercomprehensiveincomelosstax": -20000000,
        "othercomprehensiveincomelossnetoftax": -37000000,
        "comprehensiveincomenetoftax": -5000000
    },
    {
        "date": "2012-03-30",
        "symbol": "CINF",
        "period": "Q1",
        "premiumsearnednet": 839000000,
        "netinvestmentincome": 131000000,
        "realizedinvestmentgainslosses": 13000000,
        "feesandcommissions": 1000000,
        "otherincome": 2000000,
        "revenues": 21000000,
        "policyholderbenefitsandclaimsincurrednet": 43000000,
        "underwritingacquisitionandinsuranceexpenses": 274000000,
        "interestexpense": 14000000,
        "othercostandexpenseoperating": 4000000,
        "benefitslossesandexpenses": 874000000,
        "incomelossfromcontinuingoperationsbeforeincometaxesminorityinterestandincomelossfromequitymethodinvestments": -3000000,
        "currentincometaxexpensebenefit": 20000000,
        "deferredincometaxexpensebenefit": 6000000,
        "incometaxexpensebenefit": 26000000,
        "netincomeloss": 86000000,
        "earningspersharebasic": 0.53,
        "earningspersharediluted": 0.53,
        "othercomprehensiveincomeunrealizedholdinggainlossonsecuritiesarisingduringperiodbeforetax": 49000000,
        "othercomprehensiveincomereclassificationadjustmentforsaleofsecuritiesincludedinnetincomebeforetax": 13000000,
        "othercomprehensiveincomeotherbeforetax": 2000000,
        "othercomprehensiveincomelossavailableforsalesecuritiesadjustmentandotherbeforetax": 223000000,
        "othercomprehensiveincomedefinedbenefitplannetpriorservicecostscreditamortizationarisingduringperiodnetoftax": -2000000,
        "othercomprehensiveincomedefinedbenefitplansadjustmentbeforetaxperiodincreasedecrease": 2000000,
        "othercomprehensiveincomelossbeforetaxperiodincreasedecrease": 225000000,
        "othercomprehensiveincomelosstax": 79000000,
        "othercomprehensiveincomelossnetoftaxperiodincreasedecrease": 146000000,
        "comprehensiveincomenetoftax": 232000000
    },
    {
        "date": "2011-12-30",
        "symbol": "CINF",
        "period": "Q4",
        "premiumsearnednet": -2333000000,
        "netinvestmentincome": -352000000,
        "feesandcommissions": 1000000,
        "otherincome": 6000000,
        "gainlossoninvestments": -5000000,
        "realizedinvestmentgainslosses": -62000000,
        "revenues": -10000000,
        "policyholderbenefitsandclaimsincurrednet": -479000000,
        "underwritingacquisitionandinsuranceexpenses": 264000000,
        "othercostandexpenseoperating": 11000000,
        "interestexpense": 13000000,
        "benefitslossesandexpenses": -2780000000,
        "incomelossfromcontinuingoperationsbeforeincometaxesminorityinterestandincomelossfromequitymethodinvestments": 104000000,
        "currentincometaxexpensebenefit": 36000000,
        "deferredincometaxexpensebenefit": 16000000,
        "incometaxexpensebenefit": 33000000,
        "netincomeloss": 102000000,
        "earningspersharebasic": 0.63,
        "earningspersharediluted": 0.63
    },
    {
        "date": "2011-09-29",
        "symbol": "CINF",
        "period": "Q3",
        "premiumsearnednet": 812000000,
        "netinvestmentincome": 130000000,
        "feesandcommissions": 1000000,
        "otherincome": 3000000,
        "otherthantemporaryimpairmentlossesfixedmaturities": 3000000,
        "gainlossoninvestments": 1000000,
        "realizedinvestmentgainslosses": -2000000,
        "revenues": 19000000,
        "policyholderbenefitsandclaimsincurrednet": 49000000,
        "underwritingacquisitionandinsuranceexpenses": 260000000,
        "othercostandexpenseoperating": 4000000,
        "interestexpense": 13000000,
        "benefitslossesandexpenses": 933000000,
        "incomelossfromcontinuingoperationsbeforeincometaxesminorityinterestandincomelossfromequitymethodinvestments": 1000000,
        "currentincometaxexpensebenefit": 17000000,
        "deferredincometaxexpensebenefit": -25000000,
        "incometaxexpensebenefit": -8000000,
        "netincomeloss": 19000000,
        "earningspersharebasic": 0.12,
        "earningspersharediluted": 0.12
    },
    {
        "date": "2011-06-29",
        "symbol": "CINF",
        "period": "Q2",
        "premiumsearnednet": 773000000,
        "netinvestmentincome": 132000000,
        "feesandcommissions": 1000000,
        "otherincome": 2000000,
        "gainlossoninvestments": 67000000,
        "realizedinvestmentgainslosses": 67000000,
        "revenues": 17000000,
        "policyholderbenefitsandclaimsincurrednet": 44000000,
        "underwritingacquisitionandinsuranceexpenses": 251000000,
        "othercostandexpenseoperating": 6000000,
        "interestexpense": 14000000,
        "benefitslossesandexpenses": 1072000000,
        "incomelossfromcontinuingoperationsbeforeincometaxesminorityinterestandincomelossfromequitymethodinvestments": 5000000,
        "currentincometaxexpensebenefit": -50000000,
        "deferredincometaxexpensebenefit": 2000000,
        "incometaxexpensebenefit": -48000000,
        "netincomeloss": -49000000,
        "earningspersharebasic": -0.3,
        "earningspersharediluted": -0.3
    },
    {
        "date": "2011-03-30",
        "symbol": "CINF",
        "period": "Q1",
        "premiumsearnednet": 782000000,
        "netinvestmentincome": 131000000,
        "feesandcommissions": 1000000,
        "otherincome": 3000000,
        "gainlossoninvestments": 12000000,
        "realizedinvestmentgainslosses": 12000000,
        "revenues": 929000000,
        "policyholderbenefitsandclaimsincurrednet": 575000000,
        "underwritingacquisitionandinsuranceexpenses": 261000000,
        "othercostandexpenseoperating": 4000000,
        "interestexpense": 13000000,
        "benefitslossesandexpenses": 853000000,
        "incomelossfromcontinuingoperationsbeforeincometaxesminorityinterestandincomelossfromequitymethodinvestments": 76000000,
        "currentincometaxexpensebenefit": 24000000,
        "deferredincometaxexpensebenefit": -10000000,
        "incometaxexpensebenefit": 14000000,
        "netincomeloss": 62000000,
        "earningspersharebasic": 0.38,
        "earningspersharediluted": 0.38
    },
    {
        "date": "2010-09-29",
        "symbol": "CINF",
        "period": "Q3",
        "premiumsearnednet": 784000000,
        "netinvestmentincome": 128000000,
        "otherincome": 4000000,
        "otherthantemporaryimpairmentlossesinvestmentsportionrecognizedinearningsnet": 1000000,
        "gainlossoninvestments": 156000000,
        "realizedinvestmentgainslosses": 155000000,
        "revenues": 1071000000,
        "policyholderbenefitsandclaimsincurrednet": 575000000,
        "underwritingacquisitionandinsuranceexpenses": 258000000,
        "othercostandexpenseoperating": 4000000,
        "interestexpense": 13000000,
        "benefitslossesandexpenses": 850000000,
        "incomelossfromcontinuingoperationsbeforeincometaxesminorityinterestandincomelossfromequitymethodinvestments": 221000000,
        "currentincometaxexpensebenefit": 59000000,
        "deferredincometaxexpensebenefit": 6000000,
        "incometaxexpensebenefit": 65000000,
        "netincomeloss": 156000000,
        "earningspersharebasic": 0.95,
        "earningspersharediluted": 0.95
    },
    {
        "date": "2010-06-29",
        "symbol": "CINF",
        "period": "Q2",
        "premiumsearnednet": 768000000,
        "netinvestmentincome": 130000000,
        "otherincome": 3000000,
        "otherthantemporaryimpairmentlossesinvestmentsportionrecognizedinearningsnet": 1000000,
        "gainlossoninvestments": -22000000,
        "realizedinvestmentgainslosses": -23000000,
        "revenues": 878000000,
        "policyholderbenefitsandclaimsincurrednet": 595000000,
        "underwritingacquisitionandinsuranceexpenses": 246000000,
        "othercostandexpenseoperating": 3000000,
        "interestexpense": 13000000,
        "benefitslossesandexpenses": 857000000,
        "incomelossfromcontinuingoperationsbeforeincometaxesminorityinterestandincomelossfromequitymethodinvestments": 21000000,
        "currentincometaxexpensebenefit": 10000000,
        "deferredincometaxexpensebenefit": -16000000,
        "incometaxexpensebenefit": -6000000,
        "netincomeloss": 27000000,
        "earningspersharebasic": 0.17,
        "earningspersharediluted": 0.17
    }
]