[
    {
        "date": "2024-09-29",
        "symbol": "META",
        "period": "Q3",
        "revenuefromcontractwithcustomerexcludingassessedtax": 40589000000,
        "costofrevenue": 7375000000,
        "researchanddevelopmentexpense": 11177000000,
        "sellingandmarketingexpense": 2822000000,
        "generalandadministrativeexpense": 1865000000,
        "costsandexpenses": 23239000000,
        "operatingincomeloss": 17350000000,
        "nonoperatingincomeexpense": 472000000,
        "incomelossfromcontinuingoperationsbeforeincometaxesextraordinaryitemsnoncontrollinginterest": 17822000000,
        "incometaxexpensebenefit": 2134000000,
        "netincomeloss": 15688000000,
        "earningspersharebasic": 6.2,
        "earningspersharediluted": 6.03,
        "weightedaveragenumberofsharesoutstandingbasic": 345000000,
        "weightedaveragenumberofdilutedsharesoutstanding": 2600000000,
        "othercomprehensiveincomelossforeigncurrencytransactionandtranslationadjustmentnetoftax": 937000000,
        "othercomprehensiveincomeunrealizedholdinggainlossonsecuritiesarisingduringperiodnetoftax": 566000000,
        "comprehensiveincomenetoftax": 17191000000
    },
    {
        "date": "2024-06-29",
        "symbol": "META",
        "period": "Q2",
        "revenuefromcontractwithcustomerexcludingassessedtax": 39071000000,
        "costofrevenue": 7308000000,
        "researchanddevelopmentexpense": 10537000000,
        "sellingandmarketingexpense": 2721000000,
        "generalandadministrativeexpense": 3658000000,
        "costsandexpenses": 24224000000,
        "operatingincomeloss": 14847000000,
        "nonoperatingincomeexpense": 259000000,
        "incomelossfromcontinuingoperationsbeforeincometaxesextraordinaryitemsnoncontrollinginterest": 15106000000,
        "incometaxexpensebenefit": 1641000000,
        "netincomeloss": 13465000000,
        "earningspersharebasic": 5.31,
        "earningspersharediluted": 5.16,
        "weightedaveragenumberofsharesoutstandingbasic": 2534000000,
        "weightedaveragenumberofdilutedsharesoutstanding": 2610000000,
        "othercomprehensiveincomelossforeigncurrencytransactionandtranslationadjustmentnetoftax": -149000000,
        "othercomprehensiveincomeunrealizedholdinggainlossonsecuritiesarisingduringperiodnetoftax": 109000000,
        "comprehensiveincomenetoftax": 13425000000
    },
    {
        "date": "2023-12-30",
        "symbol": "META",
        "period": "Q4",
        "revenuefromcontractwithcustomerexcludingassessedtax": 40112000000,
        "costofrevenue": 7696000000,
        "researchanddevelopmentexpense": 10517000000,
        "sellingandmarketingexpense": 3226000000,
        "generalandadministrativeexpense": 2289000000,
        "costsandexpenses": 23728000000,
        "operatingincomeloss": 16384000000,
        "nonoperatingincomeexpense": 424000000,
        "incomelossfromcontinuingoperationsbeforeincometaxesextraordinaryitemsnoncontrollinginterest": 16808000000,
        "incometaxexpensebenefit": 2790000000,
        "netincomeloss": 14018000000,
        "earningspersharebasic": 5.45,
        "earningspersharediluted": 5.3,
        "weightedaveragenumberofsharesoutstandingbasic": 2574000000,
        "weightedaveragenumberofdilutedsharesoutstanding": 2629000000,
        "othercomprehensiveincomelossforeigncurrencytransactionandtranslationadjustmentnetoftax": 940000000,
        "comprehensiveincomenetoftax": 15419000000
    },
    {
        "date": "2023-09-29",
        "symbol": "META",
        "period": "Q3",
        "revenuefromcontractwithcustomerexcludingassessedtax": 34146000000,
        "costofrevenue": 6210000000,
        "researchanddevelopmentexpense": 9241000000,
        "sellingandmarketingexpense": 2877000000,
        "generalandadministrativeexpense": 2070000000,
        "costsandexpenses": 20398000000,
        "operatingincomeloss": 13748000000,
        "nonoperatingincomeexpense": 272000000,
        "incomelossfromcontinuingoperationsbeforeincometaxesextraordinaryitemsnoncontrollinginterest": 14020000000,
        "incometaxexpensebenefit": 2437000000,
        "netincomeloss": 11583000000,
        "earningspersharebasic": 4.5,
        "earningspersharediluted": 4.39,
        "weightedaveragenumberofsharesoutstandingbasic": 2576000000,
        "weightedaveragenumberofdilutedsharesoutstanding": 2641000000,
        "othercomprehensiveincomelossforeigncurrencytransactionandtranslationadjustmentnetoftax": -533000000,
        "othercomprehensiveincomelossavailableforsalesecuritiesadjustmentandothernetoftax": 83000000,
        "comprehensiveincomenetoftax": 11133000000
    },
    {
        "date": "2023-06-30",
        "symbol": "META",
        "period": "Q2",
        "revenuefromcontractwithcustomerexcludingassessedtax": 31999000000,
        "costofrevenue": 5945000000,
        "researchanddevelopmentexpense": 9344000000,
        "sellingandmarketingexpense": 3154000000,
        "generalandadministrativeexpense": 4164000000,
        "costsandexpenses": 22607000000,
        "operatingincomeloss": 9392000000,
        "nonoperatingincomeexpense": -99000000,
        "incomelossfromcontinuingoperationsbeforeincometaxesextraordinaryitemsnoncontrollinginterest": 9293000000,
        "incometaxexpensebenefit": 1505000000,
        "netincomeloss": 7788000000,
        "earningspersharebasic": 3.03,
        "earningspersharediluted": 2.98,
        "weightedaveragenumberofsharesoutstandingbasic": 2568000000,
        "weightedaveragenumberofdilutedsharesoutstanding": 2612000000,
        "othercomprehensiveincomelossforeigncurrencytransactionandtranslationadjustmentnetoftax": -37000000,
        "othercomprehensiveincomelossavailableforsalesecuritiesadjustmentandothernetoftax": -88000000,
        "comprehensiveincomenetoftax": 7663000000
    },
    {
        "date": "2023-03-31",
        "symbol": "META",
        "period": "Q1",
        "revenuefromcontractwithcustomerexcludingassessedtax": 28645000000,
        "costofrevenue": 6108000000,
        "researchanddevelopmentexpense": 9381000000,
        "sellingandmarketingexpense": 3044000000,
        "generalandadministrativeexpense": 2885000000,
        "costsandexpenses": 21418000000,
        "operatingincomeloss": 7227000000,
        "nonoperatingincomeexpense": 80000000,
        "incomelossfromcontinuingoperationsbeforeincometaxesextraordinaryitemsnoncontrollinginterest": 7307000000,
        "incometaxexpensebenefit": 1598000000,
        "netincomeloss": 5709000000,
        "earningspersharebasic": 2.21,
        "earningspersharediluted": 2.2,
        "weightedaveragenumberofsharesoutstandingbasic": 2587000000,
        "weightedaveragenumberofdilutedsharesoutstanding": 2596000000,
        "othercomprehensiveincomelossforeigncurrencytransactionandtranslationadjustmentnetoftax": 248000000,
        "othercomprehensiveincomelossavailableforsalesecuritiesadjustmentandothernetoftax": 301000000,
        "comprehensiveincomenetoftax": 6258000000
    },
    {
        "date": "2022-12-31",
        "symbol": "META",
        "period": "Q4",
        "revenuefromcontractwithcustomerexcludingassessedtax": 32165000000,
        "costofrevenue": 8336000000,
        "researchanddevelopmentexpense": 9771000000,
        "sellingandmarketingexpense": 4575000000,
        "generalandadministrativeexpense": 3085000000,
        "costsandexpenses": 25767000000,
        "operatingincomeloss": 6398000000,
        "nonoperatingincomeexpense": -249000000,
        "incomelossfromcontinuingoperationsbeforeincometaxesextraordinaryitemsnoncontrollinginterest": 6149000000,
        "incometaxexpensebenefit": 1496000000,
        "netincomeloss": 4653000000,
        "earningspersharebasic": 1.7800000000000011,
        "earningspersharediluted": 1.77,
        "weightedaveragenumberofsharesoutstandingbasic": -5424000000,
        "weightedaveragenumberofdilutedsharesoutstanding": -5440000000,
        "allocatedsharebasedcompensationexpense": 186000000,
        "othercomprehensiveincomelossforeigncurrencytransactionandtranslationadjustmentnetoftax": 1288000000,
        "othercomprehensiveincomelossavailableforsalesecuritiesadjustmentandothernetoftax": 236000000,
        "comprehensiveincomenetoftax": 6177000000
    },
    {
        "date": "2022-09-30",
        "symbol": "META",
        "period": "Q3",
        "revenuefromcontractwithcustomerexcludingassessedtax": 27714000000,
        "costofrevenue": 5716000000,
        "researchanddevelopmentexpense": 9170000000,
        "sellingandmarketingexpense": 3780000000,
        "generalandadministrativeexpense": 3384000000,
        "costsandexpenses": 22050000000,
        "operatingincomeloss": 5664000000,
        "nonoperatingincomeexpense": -88000000,
        "incomelossfromcontinuingoperationsbeforeincometaxesextraordinaryitemsnoncontrollinginterest": 5576000000,
        "incometaxexpensebenefit": 1181000000,
        "netincomeloss": 4395000000,
        "earningspersharebasic": 1.64,
        "earningspersharediluted": 1.64,
        "weightedaveragenumberofsharesoutstandingbasic": 2682000000,
        "weightedaveragenumberofdilutedsharesoutstanding": 2687000000,
        "allocatedsharebasedcompensationexpense": 209000000,
        "othercomprehensiveincomelossforeigncurrencytransactionandtranslationadjustmentnetoftax": -1037000000,
        "othercomprehensiveincomelossavailableforsalesecuritiesadjustmentandothernetoftax": -606000000,
        "comprehensiveincomenetoftax": 2752000000
    },
    {
        "date": "2022-06-30",
        "symbol": "META",
        "period": "Q2",
        "revenuefromcontractwithcustomerexcludingassessedtax": 28822000000,
        "costofrevenue": 5192000000,
        "researchanddevelopmentexpense": 8690000000,
        "sellingandmarketingexpense": 3595000000,
        "generalandadministrativeexpense": 2987000000,
        "costsandexpenses": 20464000000,
        "operatingincomeloss": 8358000000,
        "nonoperatingincomeexpense": -172000000,
        "incomelossfromcontinuingoperationsbeforeincometaxesextraordinaryitemsnoncontrollinginterest": 8186000000,
        "incometaxexpensebenefit": 1499000000,
        "netincomeloss": 6687000000,
        "earningspersharebasic": 2.47,
        "earningspersharediluted": 2.46,
        "weightedaveragenumberofsharesoutstandingbasic": 2704000000,
        "weightedaveragenumberofdilutedsharesoutstanding": 2713000000,
        "allocatedsharebasedcompensationexpense": 213000000,
        "othercomprehensiveincomelossforeigncurrencytransactionandtranslationadjustmentnetoftax": -1076000000,
        "othercomprehensiveincomelossavailableforsalesecuritiesadjustmentandothernetoftax": -339000000,
        "comprehensiveincomenetoftax": 5272000000
    },
    {
        "date": "2022-03-31",
        "symbol": "META",
        "period": "Q1",
        "revenuefromcontractwithcustomerexcludingassessedtax": 27908000000,
        "costofrevenue": 6005000000,
        "researchanddevelopmentexpense": 7707000000,
        "sellingandmarketingexpense": 3312000000,
        "generalandadministrativeexpense": 2360000000,
        "costsandexpenses": 19384000000,
        "operatingincomeloss": 8524000000,
        "nonoperatingincomeexpense": 384000000,
        "incomelossfromcontinuingoperationsbeforeincometaxesextraordinaryitemsnoncontrollinginterest": 8908000000,
        "incometaxexpensebenefit": 1443000000,
        "netincomeloss": 7465000000,
        "earningspersharebasic": 2.74,
        "earningspersharediluted": 2.72,
        "weightedaveragenumberofsharesoutstandingbasic": 2725000000,
        "weightedaveragenumberofdilutedsharesoutstanding": 2742000000,
        "allocatedsharebasedcompensationexpense": 160000000,
        "othercomprehensiveincomelossforeigncurrencytransactionandtranslationadjustmentnetoftax": -359000000,
        "othercomprehensiveincomelossavailableforsalesecuritiesadjustmentandothernetoftax": -944000000,
        "comprehensiveincomenetoftax": 6162000000
    },
    {
        "date": "2021-12-31",
        "symbol": "META",
        "period": "Q4",
        "revenuefromcontractwithcustomerexcludingassessedtax": 33671000000,
        "costofrevenue": 6348000000,
        "researchanddevelopmentexpense": 7046000000,
        "sellingandmarketingexpense": 4387000000,
        "generalandadministrativeexpense": 3305000000,
        "costsandexpenses": 21086000000,
        "operatingincomeloss": 12585000000,
        "nonoperatingincomeexpense": 118000000,
        "incomelossfromcontinuingoperationsbeforeincometaxesextraordinaryitemsnoncontrollinginterest": 12703000000,
        "incometaxexpensebenefit": 2418000000,
        "netincomeloss": 10285000000,
        "earningspersharebasic": 3.710000000000001,
        "earningspersharediluted": 3.6399999999999997,
        "weightedaveragenumberofsharesoutstandingbasic": -5680000000,
        "weightedaveragenumberofdilutedsharesoutstanding": -5759000000,
        "allocatedsharebasedcompensationexpense": 149000000,
        "othercomprehensiveincomelossforeigncurrencytransactionandtranslationadjustmentnetoftax": -260000000,
        "othercomprehensiveincomelossavailableforsalesecuritiesadjustmentandothernetoftax": -226000000,
        "comprehensiveincomenetoftax": 9799000000
    },
    {
        "date": "2021-09-29",
        "symbol": "META",
        "period": "Q3",
        "revenuefromcontractwithcustomerexcludingassessedtax": 29010000000,
        "costofrevenue": 5771000000,
        "researchanddevelopmentexpense": 6316000000,
        "sellingandmarketingexpense": 3554000000,
        "generalandadministrativeexpense": 2946000000,
        "costsandexpenses": 18587000000,
        "operatingincomeloss": 10423000000,
        "nonoperatingincomeexpense": 142000000,
        "incomelossfromcontinuingoperationsbeforeincometaxesextraordinaryitemsnoncontrollinginterest": 10565000000,
        "incometaxexpensebenefit": 1371000000,
        "netincomeloss": 9194000000,
        "earningspersharebasic": 3.27,
        "earningspersharediluted": 3.22,
        "weightedaveragenumberofsharesoutstandingbasic": 2814000000,
        "weightedaveragenumberofdilutedsharesoutstanding": 2859000000,
        "allocatedsharebasedcompensationexpense": 147000000,
        "othercomprehensiveincomelossforeigncurrencytransactionandtranslationadjustmentnetoftax": -424000000,
        "othercomprehensiveincomelossavailableforsalesecuritiesadjustmentandothernetoftax": -68000000,
        "comprehensiveincomenetoftax": 8702000000
    },
    {
        "date": "2021-06-29",
        "symbol": "META",
        "period": "Q2",
        "revenuefromcontractwithcustomerexcludingassessedtax": 29077000000,
        "costofrevenue": 5399000000,
        "researchanddevelopmentexpense": 6096000000,
        "sellingandmarketingexpense": 3259000000,
        "generalandadministrativeexpense": 1956000000,
        "costsandexpenses": 16710000000,
        "operatingincomeloss": 12367000000,
        "nonoperatingincomeexpense": 146000000,
        "incomelossfromcontinuingoperationsbeforeincometaxesextraordinaryitemsnoncontrollinginterest": 12513000000,
        "incometaxexpensebenefit": 2119000000,
        "netincomeloss": 10394000000,
        "earningspersharebasic": 3.67,
        "earningspersharediluted": 3.61,
        "weightedaveragenumberofsharesoutstandingbasic": 2834000000,
        "weightedaveragenumberofdilutedsharesoutstanding": 2877000000,
        "allocatedsharebasedcompensationexpense": 163000000,
        "othercomprehensiveincomelossforeigncurrencytransactionandtranslationadjustmentnetoftax": 169000000,
        "othercomprehensiveincomelossavailableforsalesecuritiesadjustmentandothernetoftax": -38000000,
        "comprehensiveincomenetoftax": 10525000000
    },
    {
        "date": "2021-03-31",
        "symbol": "META",
        "period": "Q1",
        "revenuefromcontractwithcustomerexcludingassessedtax": 26171000000,
        "costofrevenue": 5131000000,
        "researchanddevelopmentexpense": 5197000000,
        "sellingandmarketingexpense": 2843000000,
        "generalandadministrativeexpense": 1622000000,
        "costsandexpenses": 14793000000,
        "operatingincomeloss": 11378000000,
        "nonoperatingincomeexpense": 125000000,
        "incomelossfromcontinuingoperationsbeforeincometaxesextraordinaryitemsnoncontrollinginterest": 11503000000,
        "incometaxexpensebenefit": 2006000000,
        "netincomeloss": 9497000000,
        "earningspersharebasic": 3.34,
        "earningspersharediluted": 3.3,
        "weightedaveragenumberofsharesoutstandingbasic": 2847000000,
        "weightedaveragenumberofdilutedsharesoutstanding": 2882000000,
        "allocatedsharebasedcompensationexpense": 118000000,
        "othercomprehensiveincomelossforeigncurrencytransactionandtranslationadjustmentnetoftax": -601000000,
        "othercomprehensiveincomelossavailableforsalesecuritiesadjustmentandothernetoftax": -172000000,
        "comprehensiveincomenetoftax": 8724000000
    },
    {
        "date": "2020-12-31",
        "symbol": "META",
        "period": "Q4",
        "revenuefromcontractwithcustomerexcludingassessedtax": 28071000000,
        "costofrevenue": 5210000000,
        "researchanddevelopmentexpense": 5207000000,
        "sellingandmarketingexpense": 3281000000,
        "generalandadministrativeexpense": 1598000000,
        "costsandexpenses": 15296000000,
        "operatingincomeloss": 12775000000,
        "nonoperatingincomeexpense": 280000000,
        "incomelossfromcontinuingoperationsbeforeincometaxesextraordinaryitemsnoncontrollinginterest": 13055000000,
        "incometaxexpensebenefit": 1835000000,
        "netincomeloss": 11220000000,
        "earningspersharebasic": 3.9300000000000006,
        "earningspersharediluted": 3.87,
        "weightedaveragenumberofsharesoutstandingbasic": -5700000000,
        "weightedaveragenumberofdilutedsharesoutstanding": -5750000000,
        "allocatedsharebasedcompensationexpense": 120000000,
        "othercomprehensiveincomelossforeigncurrencytransactionandtranslationadjustmentnetoftax": 683000000,
        "othercomprehensiveincomelossavailableforsalesecuritiesadjustmentandothernetoftax": -64000000,
        "comprehensiveincomenetoftax": 11839000000
    },
    {
        "date": "2020-09-29",
        "symbol": "META",
        "period": "Q3",
        "netincomeloss": 7846000000,
        "othercomprehensiveincomelossforeigncurrencytransactionandtranslationadjustmentnetoftax": 502000000,
        "othercomprehensiveincomelossavailableforsalesecuritiesadjustmentandothernetoftax": -52000000,
        "comprehensiveincomenetoftax": 8296000000,
        "revenuefromcontractwithcustomerexcludingassessedtax": 21470000000,
        "costofrevenue": 4194000000,
        "researchanddevelopmentexpense": 4763000000,
        "sellingandmarketingexpense": 2683000000,
        "generalandadministrativeexpense": 1790000000,
        "costsandexpenses": 13430000000,
        "operatingincomeloss": 8040000000,
        "nonoperatingincomeexpense": 93000000,
        "incomelossfromcontinuingoperationsbeforeincometaxesextraordinaryitemsnoncontrollinginterest": 8133000000,
        "incometaxexpensebenefit": 287000000,
        "earningspersharebasic": 2.75,
        "earningspersharediluted": 2.71,
        "weightedaveragenumberofsharesoutstandingbasic": 2850000000,
        "weightedaveragenumberofdilutedsharesoutstanding": 2891000000,
        "allocatedsharebasedcompensationexpense": 116000000
    },
    {
        "date": "2020-06-29",
        "symbol": "META",
        "period": "Q2",
        "netincomeloss": 5178000000,
        "othercomprehensiveincomelossforeigncurrencytransactionandtranslationadjustmentnetoftax": 247000000,
        "othercomprehensiveincomelossavailableforsalesecuritiesadjustmentandothernetoftax": 155000000,
        "comprehensiveincomenetoftax": 5580000000,
        "revenuefromcontractwithcustomerexcludingassessedtax": 18687000000,
        "costofrevenue": 3829000000,
        "researchanddevelopmentexpense": 4462000000,
        "sellingandmarketingexpense": 2840000000,
        "generalandadministrativeexpense": 1593000000,
        "costsandexpenses": 12724000000,
        "operatingincomeloss": 5963000000,
        "nonoperatingincomeexpense": 168000000,
        "incomelossfromcontinuingoperationsbeforeincometaxesextraordinaryitemsnoncontrollinginterest": 6131000000,
        "incometaxexpensebenefit": 953000000,
        "earningspersharebasic": 1.82,
        "earningspersharediluted": 1.8,
        "weightedaveragenumberofsharesoutstandingbasic": 2850000000,
        "weightedaveragenumberofdilutedsharesoutstanding": 2879000000,
        "allocatedsharebasedcompensationexpense": 117000000
    },
    {
        "date": "2020-03-31",
        "symbol": "META",
        "period": "Q1",
        "netincomeloss": 4902000000,
        "othercomprehensiveincomelossforeigncurrencytransactionandtranslationadjustmentnetoftax": -376000000,
        "othercomprehensiveincomelossavailableforsalesecuritiesadjustmentandothernetoftax": 321000000,
        "comprehensiveincomenetoftax": 4847000000,
        "revenuefromcontractwithcustomerexcludingassessedtax": 17737000000,
        "costofrevenue": 3459000000,
        "researchanddevelopmentexpense": 4015000000,
        "sellingandmarketingexpense": 2787000000,
        "generalandadministrativeexpense": 1583000000,
        "costsandexpenses": 11844000000,
        "operatingincomeloss": 5893000000,
        "nonoperatingincomeexpense": -32000000,
        "incomelossfromcontinuingoperationsbeforeincometaxesextraordinaryitemsnoncontrollinginterest": 5861000000,
        "incometaxexpensebenefit": 959000000,
        "earningspersharebasic": 1.72,
        "earningspersharediluted": 1.71,
        "weightedaveragenumberofsharesoutstandingbasic": 2851000000,
        "weightedaveragenumberofdilutedsharesoutstanding": 2868000000,
        "allocatedsharebasedcompensationexpense": 94000000
    },
    {
        "date": "2019-12-31",
        "symbol": "META",
        "period": "Q4",
        "netincomeloss": 7349000000,
        "othercomprehensiveincomelossforeigncurrencytransactionandtranslationadjustmentnetoftax": 352000000,
        "othercomprehensiveincomelossavailableforsalesecuritiesadjustmentandothernetoftax": 8000000,
        "comprehensiveincomenetoftax": 7709000000,
        "revenuefromcontractwithcustomerexcludingassessedtax": 52393000000,
        "costofrevenue": 3492000000,
        "researchanddevelopmentexpense": 3877000000,
        "sellingandmarketingexpense": 3026000000,
        "generalandadministrativeexpense": 1829000000,
        "costsandexpenses": 12224000000,
        "operatingincomeloss": 8858000000,
        "nonoperatingincomeexpense": 311000000,
        "incomelossfromcontinuingoperationsbeforeincometaxesextraordinaryitemsnoncontrollinginterest": 9169000000,
        "incometaxexpensebenefit": 1820000000,
        "netincomelossavailabletocommonstockholdersbasic": 9387000000,
        "earningspersharebasic": 2.5800000000000005,
        "earningspersharediluted": 2.5499999999999994,
        "weightedaveragenumberofsharesoutstandingbasic": -3315000000,
        "weightedaveragenumberofdilutedsharesoutstanding": -3335000000,
        "allocatedsharebasedcompensationexpense": 64000000
    },
    {
        "date": "2019-09-30",
        "symbol": "META",
        "period": "Q3",
        "netincomeloss": 6091000000,
        "othercomprehensiveincomelossforeigncurrencytransactionandtranslationadjustmentnetoftax": -418000000,
        "othercomprehensiveincomelossavailableforsalesecuritiesadjustmentandothernetoftax": 52000000,
        "comprehensiveincomenetoftax": 5725000000,
        "revenuefromcontractwithcustomerexcludingassessedtax": 7540000000,
        "costofrevenue": 3155000000,
        "researchanddevelopmentexpense": 3548000000,
        "sellingandmarketingexpense": 2416000000,
        "generalandadministrativeexpense": 1348000000,
        "costsandexpenses": 10467000000,
        "operatingincomeloss": 7185000000,
        "nonoperatingincomeexpense": 144000000,
        "incomelossfromcontinuingoperationsbeforeincometaxesextraordinaryitemsnoncontrollinginterest": 7329000000,
        "incometaxexpensebenefit": 1238000000,
        "netincomelossavailabletocommonstockholdersbasic": 6091000000,
        "earningspersharebasic": 2.13,
        "earningspersharediluted": 2.12,
        "weightedaveragenumberofsharesoutstandingbasic": 2854000000,
        "weightedaveragenumberofdilutedsharesoutstanding": 2874000000,
        "allocatedsharebasedcompensationexpense": 91000000
    },
    {
        "date": "2019-06-30",
        "symbol": "META",
        "period": "Q2",
        "netincomeloss": 2616000000,
        "othercomprehensiveincomelossforeigncurrencytransactionandtranslationadjustmentnetoftax": 90000000,
        "othercomprehensiveincomelossavailableforsalesecuritiesadjustmentandothernetoftax": 208000000,
        "comprehensiveincomenetoftax": 2914000000,
        "revenuefromcontractwithcustomerexcludingassessedtax": 7140000000,
        "costofrevenue": 3307000000,
        "researchanddevelopmentexpense": 3315000000,
        "sellingandmarketingexpense": 2414000000,
        "generalandadministrativeexpense": 3224000000,
        "costsandexpenses": 12260000000,
        "operatingincomeloss": 4626000000,
        "nonoperatingincomeexpense": 206000000,
        "incomelossfromcontinuingoperationsbeforeincometaxesextraordinaryitemsnoncontrollinginterest": 4832000000,
        "incometaxexpensebenefit": 2216000000,
        "netincomelossavailabletocommonstockholdersbasic": 2616000000,
        "earningspersharebasic": 0.92,
        "earningspersharediluted": 0.91,
        "weightedaveragenumberofsharesoutstandingbasic": 2855000000,
        "weightedaveragenumberofdilutedsharesoutstanding": 2875000000,
        "allocatedsharebasedcompensationexpense": 109000000
    },
    {
        "date": "2019-03-31",
        "symbol": "META",
        "period": "Q1",
        "netincomeloss": 2429000000,
        "othercomprehensiveincomelossforeigncurrencytransactionandtranslationadjustmentnetoftax": -175000000,
        "othercomprehensiveincomelossavailableforsalesecuritiesadjustmentandothernetoftax": 154000000,
        "comprehensiveincomenetoftax": 2408000000,
        "revenuefromcontractwithcustomerexcludingassessedtax": 3624000000,
        "costofrevenue": 2816000000,
        "researchanddevelopmentexpense": 2860000000,
        "sellingandmarketingexpense": 2020000000,
        "generalandadministrativeexpense": 4064000000,
        "costsandexpenses": 11760000000,
        "operatingincomeloss": 3317000000,
        "nonoperatingincomeexpense": 165000000,
        "incomelossfromcontinuingoperationsbeforeincometaxesextraordinaryitemsnoncontrollinginterest": 3482000000,
        "incometaxexpensebenefit": 1053000000,
        "netincomelossavailabletocommonstockholdersbasic": 391000000,
        "earningspersharebasic": 0.85,
        "earningspersharediluted": 0.85,
        "weightedaveragenumberofsharesoutstandingbasic": 460000000,
        "weightedaveragenumberofdilutedsharesoutstanding": 462000000,
        "allocatedsharebasedcompensationexpense": 113000000
    },
    {
        "date": "2018-12-31",
        "symbol": "META",
        "period": "Q4",
        "netincomeloss": 6882000000,
        "othercomprehensiveincomelossforeigncurrencytransactionandtranslationadjustmentnetoftax": -129000000,
        "othercomprehensiveincomelossavailableforsalesecuritiesadjustmentandothernetoftax": 177000000,
        "comprehensiveincomenetoftax": 6930000000,
        "costofrevenue": 2796000000,
        "researchanddevelopmentexpense": 2855000000,
        "sellingandmarketingexpense": 2467000000,
        "generalandadministrativeexpense": 976000000,
        "costsandexpenses": 9094000000,
        "operatingincomeloss": 7820000000,
        "nonoperatingincomeexpense": 151000000,
        "incomelossfromcontinuingoperationsbeforeincometaxesextraordinaryitemsnoncontrollinginterest": 7971000000,
        "incometaxexpensebenefit": 1089000000,
        "netincomelossavailabletocommonstockholdersbasic": 1132000000,
        "earningspersharebasic": 2.3900000000000006,
        "earningspersharediluted": 2.3700000000000006,
        "weightedaveragenumberofsharesoutstandingbasic": -4000000,
        "weightedaveragenumberofdilutedsharesoutstanding": -4000000,
        "allocatedsharebasedcompensationexpense": 131000000
    },
    {
        "date": "2018-09-30",
        "symbol": "META",
        "period": "Q3",
        "netincomeloss": 13505000000,
        "othercomprehensiveincomelossforeigncurrencytransactionandtranslationadjustmentnetoftax": -43000000,
        "othercomprehensiveincomelossavailableforsalesecuritiesadjustmentandothernetoftax": -47000000,
        "comprehensiveincomenetoftax": 5047000000,
        "revenues": 13727000000,
        "costofrevenue": 2418000000,
        "researchanddevelopmentexpense": 2657000000,
        "sellingandmarketingexpense": 1929000000,
        "generalandadministrativeexpense": 943000000,
        "costsandexpenses": 7947000000,
        "operatingincomeloss": 5780000000,
        "nonoperatingincomeexpense": 132000000,
        "incomelossfromcontinuingoperationsbeforeincometaxesextraordinaryitemsnoncontrollinginterest": 5912000000,
        "incometaxexpensebenefit": 775000000,
        "netincomelossavailabletocommonstockholdersbasic": 844000000,
        "earningspersharebasic": 1.78,
        "earningspersharediluted": 1.77,
        "weightedaveragenumberofsharesoutstandingbasic": -7000000,
        "weightedaveragenumberofdilutedsharesoutstanding": -9000000,
        "allocatedsharebasedcompensationexpense": 132000000
    },
    {
        "date": "2018-06-30",
        "symbol": "META",
        "period": "Q2",
        "netincomeloss": 860000000,
        "othercomprehensiveincomelossforeigncurrencytransactionandtranslationadjustmentnetoftax": -372000000,
        "othercomprehensiveincomelossavailableforsalesecuritiesadjustmentandothernetoftax": -21000000,
        "comprehensiveincomenetoftax": 4712000000,
        "revenues": 13231000000,
        "costofrevenue": 2214000000,
        "researchanddevelopmentexpense": 2523000000,
        "sellingandmarketingexpense": 1855000000,
        "generalandadministrativeexpense": 775000000,
        "costsandexpenses": 7367000000,
        "operatingincomeloss": 5864000000,
        "nonoperatingincomeexpense": 4000000,
        "incomelossfromcontinuingoperationsbeforeincometaxesextraordinaryitemsnoncontrollinginterest": 5868000000,
        "incometaxexpensebenefit": 763000000,
        "undistributedearningslossallocatedtoparticipatingsecuritiesbasic": 0,
        "netincomelossavailabletocommonstockholdersbasic": 860000000,
        "earningspersharebasic": 1.76,
        "earningspersharediluted": 1.7400000000000002,
        "weightedaveragenumberofsharesoutstandingbasic": -9000000,
        "weightedaveragenumberofdilutedsharesoutstanding": -8000000,
        "allocatedsharebasedcompensationexpense": 139000000
    },
    {
        "date": "2018-03-31",
        "symbol": "META",
        "period": "Q1",
        "netincomeloss": 865000000,
        "othercomprehensiveincomelossforeigncurrencytransactionandtranslationadjustmentnetoftax": 94000000,
        "othercomprehensiveincomelossavailableforsalesecuritiesadjustmentandothernetoftax": -161000000,
        "comprehensiveincomenetoftax": 4921000000,
        "revenues": 11966000000,
        "costofrevenue": 1927000000,
        "researchanddevelopmentexpense": 2238000000,
        "sellingandmarketingexpense": 1595000000,
        "generalandadministrativeexpense": 757000000,
        "costsandexpenses": 6517000000,
        "operatingincomeloss": 5449000000,
        "nonoperatingincomeexpense": 161000000,
        "incomelossfromcontinuingoperationsbeforeincometaxesextraordinaryitemsnoncontrollinginterest": 5610000000,
        "incometaxexpensebenefit": 622000000,
        "undistributedearningslossallocatedtoparticipatingsecuritiesbasic": 1000000,
        "netincomelossavailabletocommonstockholdersbasic": 865000000,
        "earningspersharebasic": 1.72,
        "earningspersharediluted": 1.69,
        "weightedaveragenumberofsharesoutstandingbasic": 504000000,
        "weightedaveragenumberofdilutedsharesoutstanding": 508000000,
        "allocatedsharebasedcompensationexpense": 109000000
    },
    {
        "date": "2017-12-31",
        "symbol": "META",
        "period": "Q4",
        "netincomeloss": 13796000000,
        "othercomprehensiveincomelossforeigncurrencytransactionandtranslationadjustmentnetoftax": 86000000,
        "othercomprehensiveincomelossavailableforsalesecuritiesadjustmentandothernetoftax": -113000000,
        "comprehensiveincomenetoftax": 4242000000,
        "revenues": 7295000000,
        "costofrevenue": 1610000000,
        "researchanddevelopmentexpense": 1949000000,
        "sellingandmarketingexpense": 1374000000,
        "generalandadministrativeexpense": 686000000,
        "costsandexpenses": 5619000000,
        "operatingincomeloss": 7353000000,
        "nonoperatingincomeexpense": 109000000,
        "incomelossfromcontinuingoperationsbeforeincometaxesextraordinaryitemsnoncontrollinginterest": 7462000000,
        "incometaxexpensebenefit": 3193000000,
        "undistributedearningslossallocatedtoparticipatingsecuritiesbasic": -6000000,
        "netincomelossavailabletocommonstockholdersbasic": 761000000,
        "earningspersharebasic": 1.4700000000000002,
        "earningspersharediluted": 1.4399999999999995,
        "weightedaveragenumberofsharesoutstandingbasic": -1068000000,
        "weightedaveragenumberofdilutedsharesoutstanding": -1085000000,
        "allocatedsharebasedcompensationexpense": 106000000
    },
    {
        "date": "2017-09-30",
        "symbol": "META",
        "period": "Q3",
        "netincomeloss": 854000000,
        "othercomprehensiveincomelossforeigncurrencytransactionandtranslationadjustmentnetoftax": 174000000,
        "othercomprehensiveincomelossavailableforsalesecuritiesadjustmentandothernetoftax": -4000000,
        "comprehensiveincomenetoftax": 4877000000,
        "revenues": 5846000000,
        "costofrevenue": 1448000000,
        "researchanddevelopmentexpense": 2052000000,
        "sellingandmarketingexpense": 1170000000,
        "generalandadministrativeexpense": 536000000,
        "costsandexpenses": 5206000000,
        "operatingincomeloss": 5122000000,
        "nonoperatingincomeexpense": 114000000,
        "incomelossfromcontinuingoperationsbeforeincometaxesextraordinaryitemsnoncontrollinginterest": 5236000000,
        "incometaxexpensebenefit": 529000000,
        "undistributedearningslossallocatedtoparticipatingsecuritiesbasic": 3000000,
        "netincomelossavailabletocommonstockholdersbasic": 854000000,
        "earningspersharebasic": 1.62,
        "earningspersharediluted": 1.59,
        "weightedaveragenumberofsharesoutstandingbasic": 527000000,
        "weightedaveragenumberofdilutedsharesoutstanding": 533000000,
        "allocatedsharebasedcompensationexpense": 114000000
    },
    {
        "date": "2017-06-30",
        "symbol": "META",
        "period": "Q2",
        "netincomeloss": 717000000,
        "othercomprehensiveincomelossforeigncurrencytransactionandtranslationadjustmentnetoftax": 246000000,
        "othercomprehensiveincomelossavailableforsalesecuritiesadjustmentandothernetoftax": 10000000,
        "comprehensiveincomenetoftax": 4150000000,
        "revenues": 5273000000,
        "costofrevenue": 1237000000,
        "researchanddevelopmentexpense": 1919000000,
        "sellingandmarketingexpense": 1124000000,
        "generalandadministrativeexpense": 640000000,
        "costsandexpenses": 4920000000,
        "operatingincomeloss": 4401000000,
        "nonoperatingincomeexpense": 87000000,
        "incomelossfromcontinuingoperationsbeforeincometaxesextraordinaryitemsnoncontrollinginterest": 4488000000,
        "incometaxexpensebenefit": 594000000,
        "undistributedearningslossallocatedtoparticipatingsecuritiesbasic": 4000000,
        "netincomelossavailabletocommonstockholdersbasic": 717000000,
        "earningspersharebasic": 1.34,
        "earningspersharediluted": 1.32,
        "weightedaveragenumberofsharesoutstandingbasic": 534000000,
        "weightedaveragenumberofdilutedsharesoutstanding": 542000000,
        "allocatedsharebasedcompensationexpense": 120000000
    },
    {
        "date": "2017-03-31",
        "symbol": "META",
        "period": "Q1",
        "netincomeloss": 567000000,
        "othercomprehensiveincomelossforeigncurrencytransactionandtranslationadjustmentnetoftax": 60000000,
        "othercomprehensiveincomelossavailableforsalesecuritiesadjustmentandothernetoftax": 17000000,
        "comprehensiveincomenetoftax": 3141000000,
        "revenues": 4505000000,
        "costofrevenue": 1159000000,
        "researchanddevelopmentexpense": 1834000000,
        "sellingandmarketingexpense": 1057000000,
        "generalandadministrativeexpense": 655000000,
        "costsandexpenses": 4705000000,
        "operatingincomeloss": 3327000000,
        "nonoperatingincomeexpense": 81000000,
        "incomelossfromcontinuingoperationsbeforeincometaxesextraordinaryitemsnoncontrollinginterest": 3408000000,
        "incometaxexpensebenefit": 344000000,
        "undistributedearningslossallocatedtoparticipatingsecuritiesbasic": 1000000,
        "netincomelossavailabletocommonstockholdersbasic": 566000000,
        "earningspersharebasic": 1.06,
        "earningspersharediluted": 1.04,
        "weightedaveragenumberofsharesoutstandingbasic": 535000000,
        "weightedaveragenumberofdilutedsharesoutstanding": 545000000,
        "allocatedsharebasedcompensationexpense": 96000000
    },
    {
        "date": "2016-12-31",
        "symbol": "META",
        "period": "Q4",
        "netincomeloss": 9079000000,
        "othercomprehensiveincomelossforeigncurrencytransactionandtranslationadjustmentnetoftax": -208000000,
        "comprehensiveincomenetoftax": 3941000000,
        "revenues": 4775000000,
        "costofrevenue": 1048000000,
        "researchanddevelopmentexpense": 1574000000,
        "sellingandmarketingexpense": 1122000000,
        "generalandadministrativeexpense": 515000000,
        "costsandexpenses": 4259000000,
        "operatingincomeloss": 4550000000,
        "nonoperatingincomeexpense": -32000000,
        "incomelossfromcontinuingoperationsbeforeincometaxesextraordinaryitemsnoncontrollinginterest": 4518000000,
        "incometaxexpensebenefit": 245000000,
        "undistributedearningslossallocatedtoparticipatingsecuritiesbasic": 2000000,
        "netincomelossavailabletocommonstockholdersbasic": 807000000,
        "earningspersharebasic": 1.4799999999999998,
        "earningspersharediluted": 1.4400000000000004,
        "weightedaveragenumberofsharesoutstandingbasic": -1095000000,
        "weightedaveragenumberofdilutedsharesoutstanding": -1115000000,
        "allocatedsharebasedcompensationexpense": 99000000
    },
    {
        "date": "2016-09-30",
        "symbol": "META",
        "period": "Q3",
        "netincomeloss": 454000000,
        "othercomprehensiveincomelossforeigncurrencytransactionandtranslationadjustmentnetoftax": 35000000,
        "othercomprehensiveincomelossavailableforsalesecuritiesadjustmentandothernetoftax": -33000000,
        "comprehensiveincomenetoftax": 2381000000,
        "revenues": 3827000000,
        "costofrevenue": 987000000,
        "researchanddevelopmentexpense": 1539000000,
        "sellingandmarketingexpense": 925000000,
        "generalandadministrativeexpense": 438000000,
        "costsandexpenses": 3889000000,
        "operatingincomeloss": 3122000000,
        "nonoperatingincomeexpense": 47000000,
        "incomelossfromcontinuingoperationsbeforeincometaxesextraordinaryitemsnoncontrollinginterest": 3169000000,
        "incometaxexpensebenefit": 790000000,
        "undistributedearningslossallocatedtoparticipatingsecuritiesbasic": 1000000,
        "netincomelossavailabletocommonstockholdersbasic": 453000000,
        "earningspersharebasic": 0.83,
        "earningspersharediluted": 0.82,
        "weightedaveragenumberofsharesoutstandingbasic": 548000000,
        "weightedaveragenumberofdilutedsharesoutstanding": 557000000,
        "allocatedsharebasedcompensationexpense": 94000000
    },
    {
        "date": "2016-06-30",
        "symbol": "META",
        "period": "Q2",
        "netincomeloss": 393000000,
        "othercomprehensiveincomelossforeigncurrencytransactionandtranslationadjustmentnetoftax": -116000000,
        "othercomprehensiveincomelossavailableforsalesecuritiesadjustmentnetoftax": 19000000,
        "comprehensiveincomenetoftax": 1958000000,
        "revenues": 3584000000,
        "costofrevenue": 916000000,
        "researchanddevelopmentexpense": 1463000000,
        "sellingandmarketingexpense": 899000000,
        "generalandadministrativeexpense": 412000000,
        "costsandexpenses": 3690000000,
        "operatingincomeloss": 2746000000,
        "nonoperatingincomeexpense": 20000000,
        "incomelossfromcontinuingoperationsbeforeincometaxesextraordinaryitemsnoncontrollinginterest": 2766000000,
        "incometaxexpensebenefit": 711000000,
        "undistributedearningslossallocatedtoparticipatingsecuritiesbasic": 1000000,
        "netincomelossavailabletocommonstockholdersbasic": 392000000,
        "earningspersharebasic": 0.72,
        "earningspersharediluted": 0.71,
        "weightedaveragenumberofsharesoutstandingbasic": 546000000,
        "weightedaveragenumberofdilutedsharesoutstanding": 560000000,
        "allocatedsharebasedcompensationexpense": 93000000
    },
    {
        "date": "2016-03-31",
        "symbol": "META",
        "period": "Q1",
        "netincomeloss": 291000000,
        "othercomprehensiveincomelossforeigncurrencytransactionandtranslationadjustmentnetoftax": 137000000,
        "othercomprehensiveincomelossavailableforsalesecuritiesadjustmentnetoftax": 42000000,
        "comprehensiveincomenetoftax": 1689000000,
        "revenues": 2873000000,
        "costofrevenue": 838000000,
        "researchanddevelopmentexpense": 1343000000,
        "sellingandmarketingexpense": 826000000,
        "generalandadministrativeexpense": 366000000,
        "costsandexpenses": 3373000000,
        "operatingincomeloss": 2009000000,
        "nonoperatingincomeexpense": 56000000,
        "incomelossfromcontinuingoperationsbeforeincometaxesextraordinaryitemsnoncontrollinginterest": 2065000000,
        "incometaxexpensebenefit": 555000000,
        "undistributedearningslossallocatedtoparticipatingsecuritiesbasic": 1000000,
        "netincomelossavailabletocommonstockholdersbasic": 290000000,
        "earningspersharebasic": 0.53,
        "earningspersharediluted": 0.52,
        "weightedaveragenumberofsharesoutstandingbasic": 547000000,
        "weightedaveragenumberofdilutedsharesoutstanding": 558000000,
        "allocatedsharebasedcompensationexpense": 82000000
    },
    {
        "date": "2015-12-31",
        "symbol": "META",
        "period": "Q4",
        "netincomeloss": 3267000000,
        "othercomprehensiveincomelossforeigncurrencytransactionandtranslationadjustmentnetoftax": -48000000,
        "othercomprehensiveincomelossavailableforsalesecuritiesadjustmentnetoftax": -27000000,
        "comprehensiveincomenetoftax": 1486000000,
        "revenues": 3027000000,
        "costofrevenue": 824000000,
        "researchanddevelopmentexpense": 1314000000,
        "sellingandmarketingexpense": 772000000,
        "generalandadministrativeexpense": 371000000,
        "costsandexpenses": 3281000000,
        "operatingincomeloss": 2560000000,
        "incomelossfromcontinuingoperationsbeforeincometaxesextraordinaryitemsnoncontrollinginterest": 2557000000,
        "incometaxexpensebenefit": 996000000,
        "netincomelossavailabletocommonstockholdersbasic": 306000000,
        "earningspersharebasic": 0.55,
        "earningspersharediluted": 0.55,
        "weightedaveragenumberofsharesoutstandingbasic": -554000000,
        "weightedaveragenumberofdilutedsharesoutstanding": -575000000,
        "allocatedsharebasedcompensationexpense": 84000000
    },
    {
        "date": "2015-09-30",
        "symbol": "META",
        "period": "Q3",
        "netincomeloss": 177000000,
        "othercomprehensiveincomelossforeigncurrencytransactionandtranslationadjustmentnetoftax": -22000000,
        "othercomprehensiveincomelossavailableforsalesecuritiesadjustmentnetoftax": -1000000,
        "comprehensiveincomenetoftax": 873000000,
        "revenues": 2335000000,
        "costofrevenue": 720000000,
        "researchanddevelopmentexpense": 1271000000,
        "sellingandmarketingexpense": 706000000,
        "generalandadministrativeexpense": 345000000,
        "costsandexpenses": 3042000000,
        "operatingincomeloss": 1459000000,
        "nonoperatingincomeexpense": -27000000,
        "incomelossfromcontinuingoperationsbeforeincometaxesextraordinaryitemsnoncontrollinginterest": 1432000000,
        "incometaxexpensebenefit": 536000000,
        "undistributedearningslossallocatedtoparticipatingsecuritiesbasic": 1000000,
        "netincomelossavailabletocommonstockholdersbasic": 176000000,
        "earningspersharebasic": 0.32,
        "earningspersharediluted": 0.31,
        "weightedaveragenumberofsharesoutstandingbasic": 554000000,
        "weightedaveragenumberofdilutedsharesoutstanding": 571000000,
        "allocatedsharebasedcompensationexpense": 82000000
    },
    {
        "date": "2015-06-30",
        "symbol": "META",
        "period": "Q2",
        "netincomeloss": 142000000,
        "othercomprehensiveincomelossforeigncurrencytransactionandtranslationadjustmentnetoftax": 91000000,
        "othercomprehensiveincomelossavailableforsalesecuritiesadjustmentnetoftax": -1000000,
        "comprehensiveincomenetoftax": 809000000,
        "revenues": 2162000000,
        "costofrevenue": 669000000,
        "researchanddevelopmentexpense": 1169000000,
        "sellingandmarketingexpense": 627000000,
        "generalandadministrativeexpense": 305000000,
        "costsandexpenses": 2770000000,
        "operatingincomeloss": 1273000000,
        "nonoperatingincomeexpense": 0,
        "incomelossfromcontinuingoperationsbeforeincometaxesextraordinaryitemsnoncontrollinginterest": 1273000000,
        "incometaxexpensebenefit": 554000000,
        "undistributedearningslossallocatedtoparticipatingsecuritiesbasic": 0,
        "netincomelossavailabletocommonstockholdersbasic": 142000000,
        "earningspersharebasic": 0.26,
        "earningspersharediluted": 0.25,
        "weightedaveragenumberofsharesoutstandingbasic": -1000000,
        "weightedaveragenumberofdilutedsharesoutstanding": -1000000,
        "allocatedsharebasedcompensationexpense": 82000000
    },
    {
        "date": "2015-03-31",
        "symbol": "META",
        "period": "Q1",
        "netincomeloss": 102000000,
        "othercomprehensiveincomelossforeigncurrencytransactionandtranslationadjustmentnetoftax": -223000000,
        "othercomprehensiveincomelossavailableforsalesecuritiesadjustmentnetoftax": 4000000,
        "comprehensiveincomenetoftax": 293000000,
        "revenues": 1891000000,
        "costofrevenue": 654000000,
        "researchanddevelopmentexpense": 1062000000,
        "sellingandmarketingexpense": 620000000,
        "generalandadministrativeexpense": 274000000,
        "costsandexpenses": 2610000000,
        "operatingincomeloss": 933000000,
        "nonoperatingincomeexpense": -1000000,
        "incomelossfromcontinuingoperationsbeforeincometaxesextraordinaryitemsnoncontrollinginterest": 932000000,
        "incometaxexpensebenefit": 420000000,
        "undistributedearningslossallocatedtoparticipatingsecuritiesbasic": 1000000,
        "netincomelossavailabletocommonstockholdersbasic": 101000000,
        "earningspersharebasic": 0.18,
        "earningspersharediluted": 0.18,
        "weightedaveragenumberofsharesoutstandingbasic": 555000000,
        "weightedaveragenumberofdilutedsharesoutstanding": 578000000,
        "allocatedsharebasedcompensationexpense": 72000000
    },
    {
        "date": "2014-12-31",
        "symbol": "META",
        "period": "Q4",
        "netincomeloss": 1991000000,
        "othercomprehensiveincomelossforeigncurrencytransactionandtranslationadjustmentnetoftax": -116000000,
        "comprehensiveincomenetoftax": 582000000,
        "revenues": 2326000000,
        "costofrevenue": 652000000,
        "researchanddevelopmentexpense": 1111000000,
        "sellingandmarketingexpense": 625000000,
        "generalandadministrativeexpense": 330000000,
        "costsandexpenses": 2718000000,
        "operatingincomeloss": 1133000000,
        "incomelossfromcontinuingoperationsbeforeincometaxesextraordinaryitemsnoncontrollinginterest": 1114000000,
        "incometaxexpensebenefit": 413000000,
        "netincomelossavailabletocommonstockholdersbasic": 140000000,
        "earningspersharebasic": 0.25,
        "earningspersharediluted": 0.25,
        "weightedaveragenumberofsharesoutstandingbasic": -3454000000,
        "allocatedsharebasedcompensationexpense": 129000000
    },
    {
        "date": "2014-09-30",
        "symbol": "META",
        "period": "Q3",
        "netincomeloss": 632000000,
        "othercomprehensiveincomelossforeigncurrencytransactionandtranslationadjustmentnetoftax": -102000000,
        "othercomprehensiveincomelossavailableforsalesecuritiesadjustmentnetoftax": -2000000,
        "comprehensiveincomenetoftax": 702000000,
        "revenues": 1468000000,
        "costofrevenue": 565000000,
        "researchanddevelopmentexpense": 608000000,
        "sellingandmarketingexpense": 374000000,
        "generalandadministrativeexpense": 259000000,
        "costsandexpenses": 1806000000,
        "operatingincomeloss": 1397000000,
        "nonoperatingincomeexpense": -61000000,
        "incomelossfromcontinuingoperationsbeforeincometaxesextraordinaryitemsnoncontrollinginterest": 1336000000,
        "incometaxexpensebenefit": 530000000,
        "undistributedearningslossallocatedtoparticipatingsecuritiesbasic": 3000000,
        "netincomelossavailabletocommonstockholdersbasic": 173000000,
        "earningspersharebasic": 0.31,
        "earningspersharediluted": 0.3,
        "weightedaveragenumberofsharesoutstandingbasic": 2028000000,
        "weightedaveragenumberofdilutedsharesoutstanding": 591000000,
        "allocatedsharebasedcompensationexpense": 53000000
    },
    {
        "date": "2014-06-30",
        "symbol": "META",
        "period": "Q2",
        "netincomeloss": 173000000,
        "othercomprehensiveincomelossforeigncurrencytransactionandtranslationadjustmentnetoftax": -20000000,
        "othercomprehensiveincomelossavailableforsalesecuritiesadjustmentnetoftax": 0,
        "comprehensiveincomenetoftax": 771000000,
        "revenues": 1650000000,
        "costofrevenue": 474000000,
        "researchanddevelopmentexpense": 492000000,
        "sellingandmarketingexpense": 358000000,
        "generalandadministrativeexpense": 197000000,
        "costsandexpenses": 1521000000,
        "operatingincomeloss": 1389000000,
        "incomelossfromcontinuingoperationsbeforeincometaxesextraordinaryitemsnoncontrollinginterest": 1385000000,
        "incometaxexpensebenefit": 594000000,
        "undistributedearningsallocatedtoparticipatingsecurities": 3000000,
        "netincomelossavailabletocommonstockholdersbasic": -180000000,
        "earningspersharebasic": 0.31000000000000005,
        "earningspersharediluted": 0.30000000000000004,
        "weightedaveragenumberofsharesoutstandingbasic": 10000000,
        "weightedaveragenumberofdilutedsharesoutstanding": 0,
        "allocatedsharebasedcompensationexpense": 55000000
    },
    {
        "date": "2014-03-31",
        "symbol": "META",
        "period": "Q1",
        "netincomeloss": 144000000,
        "othercomprehensiveincomelossforeigncurrencytransactionandtranslationadjustmentnetoftax": -1000000,
        "othercomprehensiveincomelossavailableforsalesecuritiesadjustmentnetoftax": 2000000,
        "comprehensiveincomenetoftax": 643000000,
        "revenues": 1373000000,
        "costofrevenue": 462000000,
        "researchanddevelopmentexpense": 455000000,
        "sellingandmarketingexpense": 323000000,
        "generalandadministrativeexpense": 187000000,
        "costsandexpenses": 1427000000,
        "operatingincomeloss": 1075000000,
        "incomelossfromcontinuingoperationsbeforeincometaxesextraordinaryitemsnoncontrollinginterest": 1075000000,
        "incometaxexpensebenefit": 433000000,
        "undistributedearningsallocatedtoparticipatingsecurities": 2000000,
        "netincomelossavailabletocommonstockholdersbasic": 496000000,
        "earningspersharebasic": 0.25,
        "earningspersharediluted": 0.25,
        "weightedaveragenumberofsharesoutstandingbasic": 1977000000,
        "weightedaveragenumberofdilutedsharesoutstanding": 2609000000,
        "allocatedsharebasedcompensationexpense": 12000000
    },
    {
        "date": "2013-12-31",
        "symbol": "META",
        "period": "Q4",
        "netincomeloss": 765000000,
        "othercomprehensiveincomelossforeigncurrencytransactionandtranslationadjustmentnetoftax": 4000000,
        "othercomprehensiveincomeunrealizedgainlossonderivativesarisingduringperiodnetoftax": 0,
        "comprehensiveincomenetoftax": 525000000,
        "revenues": 1078000000,
        "costofrevenue": 490000000,
        "researchanddevelopmentexpense": 409000000,
        "sellingandmarketingexpense": 292000000,
        "generalandadministrativeexpense": 261000000,
        "costsandexpenses": 1452000000,
        "operatingincomeloss": 1133000000,
        "interestexpense": 6000000,
        "nonoperatingincomeexpense": 3000000,
        "incomelossfromcontinuingoperationsbeforeincometaxesextraordinaryitemsnoncontrollinginterest": 1130000000,
        "incometaxexpensebenefit": 607000000,
        "undistributedearningsallocatedtoparticipatingsecurities": 2000000,
        "netincomelossavailabletocommonstockholdersbasic": 37000000,
        "earningspersharebasic": 0.21999999999999995,
        "earningspersharediluted": 0.20999999999999994,
        "weightedaveragenumberofsharesoutstandingbasic": -3545000000,
        "weightedaveragenumberofdilutedsharesoutstanding": -3185000000,
        "allocatedsharebasedcompensationexpense": 198000000
    },
    {
        "date": "2013-09-30",
        "symbol": "META",
        "period": "Q3",
        "netincomeloss": 105000000,
        "othercomprehensiveincomelossforeigncurrencytransactionandtranslationadjustmentnetoftax": 38000000,
        "othercomprehensiveincomelossavailableforsalesecuritiesadjustmentnetoftax": 4000000,
        "othercomprehensiveincomeunrealizedgainlossonderivativesarisingduringperiodnetoftax": -1000000,
        "comprehensiveincomenetoftax": 466000000,
        "revenues": 940000000,
        "costofrevenue": 507000000,
        "researchanddevelopmentexpense": 369000000,
        "sellingandmarketingexpense": 233000000,
        "generalandadministrativeexpense": 171000000,
        "costsandexpenses": 1280000000,
        "operatingincomeloss": 736000000,
        "interestexpense": 21000000,
        "nonoperatingincomeexpense": 11000000,
        "incomelossfromcontinuingoperationsbeforeincometaxesextraordinaryitemsnoncontrollinginterest": 726000000,
        "incometaxexpensebenefit": 301000000,
        "undistributedearningsallocatedtoparticipatingsecurities": 2000000,
        "netincomelossavailabletocommonstockholdersbasic": 104000000,
        "earningspersharebasic": 0.17,
        "earningspersharediluted": 0.17,
        "weightedaveragenumberofsharesoutstandingbasic": 1827000000,
        "weightedaveragenumberofdilutedsharesoutstanding": 701000000,
        "allocatedsharebasedcompensationexpense": 12000000
    },
    {
        "date": "2013-06-30",
        "symbol": "META",
        "period": "Q2",
        "netincomeloss": 88000000,
        "othercomprehensiveincomelossforeigncurrencytransactionandtranslationadjustmentnetoftax": -13000000,
        "othercomprehensiveincomelossavailableforsalesecuritiesadjustmentnetoftax": -3000000,
        "othercomprehensiveincomeunrealizedgainlossonderivativesarisingduringperiodnetoftax": 2000000,
        "comprehensiveincomenetoftax": 319000000,
        "revenues": 818000000,
        "costofrevenue": 465000000,
        "researchanddevelopmentexpense": 344000000,
        "sellingandmarketingexpense": 269000000,
        "generalandadministrativeexpense": 173000000,
        "costsandexpenses": 1251000000,
        "operatingincomeloss": 562000000,
        "interestexpense": 14000000,
        "nonoperatingincomeexpense": -3000000,
        "incomelossfromcontinuingoperationsbeforeincometaxesextraordinaryitemsnoncontrollinginterest": 545000000,
        "incometaxexpensebenefit": 212000000,
        "undistributedearningsallocatedtoparticipatingsecurities": 2000000,
        "netincomelossavailabletocommonstockholdersbasic": 88000000,
        "earningspersharebasic": 0.14,
        "earningspersharediluted": 0.13,
        "weightedaveragenumberofsharesoutstandingbasic": 635000000,
        "weightedaveragenumberofdilutedsharesoutstanding": 2502000000,
        "allocatedsharebasedcompensationexpense": 224000000
    },
    {
        "date": "2013-03-31",
        "symbol": "META",
        "period": "Q1",
        "netincomeloss": 156000000,
        "othercomprehensiveincomelossforeigncurrencytransactionandtranslationadjustmentnetoftax": -18000000,
        "othercomprehensiveincomeunrealizedgainlossonderivativesarisingduringperiodnetoftax": 1000000,
        "comprehensiveincomenetoftax": 202000000,
        "revenues": 777000000,
        "costofrevenue": 413000000,
        "researchanddevelopmentexpense": 293000000,
        "sellingandmarketingexpense": 203000000,
        "generalandadministrativeexpense": 176000000,
        "costsandexpenses": 1085000000,
        "operatingincomeloss": 373000000,
        "interestexpense": 15000000,
        "nonoperatingincomeexpense": -5000000,
        "incomelossfromcontinuingoperationsbeforeincometaxesextraordinaryitemsnoncontrollinginterest": 353000000,
        "incometaxexpensebenefit": 134000000,
        "undistributedearningsallocatedtoparticipatingsecurities": 1000000,
        "netincomelossavailabletocommonstockholdersbasic": 155000000,
        "earningspersharebasic": 0.09,
        "earningspersharediluted": 0.09,
        "weightedaveragenumberofsharesoutstandingbasic": 1705000000,
        "weightedaveragenumberofdilutedsharesoutstanding": 2499000000,
        "allocatedsharebasedcompensationexpense": 170000000
    },
    {
        "date": "2012-09-29",
        "symbol": "META",
        "period": "Q3",
        "netincomeloss": -19000000,
        "othercomprehensiveincomelossforeigncurrencytransactionandtranslationadjustmentnetoftax": 21000000,
        "othercomprehensiveincomelossavailableforsalesecuritiesadjustmentnetoftax": 2000000,
        "comprehensiveincomenetoftax": -36000000,
        "revenues": 665000000,
        "costofrevenue": 322000000,
        "researchanddevelopmentexpense": 244000000,
        "sellingandmarketingexpense": 168000000,
        "generalandadministrativeexpense": 151000000,
        "costsandexpenses": 885000000,
        "operatingincomeloss": 377000000,
        "interestexpense": 11000000,
        "othernonoperatingincomeexpense": 6000000,
        "incomelossfromcontinuingoperationsbeforeincometaxesextraordinaryitemsnoncontrollinginterest": 372000000,
        "incometaxexpensebenefit": 431000000,
        "netincomelossavailabletocommonstockholdersbasic": -19000000,
        "earningspersharebasic": -0.02,
        "earningspersharediluted": -0.02,
        "weightedaveragenumberofsharesoutstandingbasic": 1627000000,
        "weightedaveragenumberofdilutedsharesoutstanding": 2420000000,
        "sharebasedcompensation": 28000000
    }
]