[
    {
        "date": "2024-10-30",
        "symbol": "PANW",
        "period": "Q1",
        "revenuefromcontractwithcustomerexcludingassessedtax": 2138800000,
        "costofgoodsandservicessold": 554100000,
        "grossprofit": 1584700000,
        "researchanddevelopmentexpense": 480400000,
        "sellingandmarketingexpense": 720100000,
        "generalandadministrativeexpense": 97700000,
        "operatingexpenses": 1298200000,
        "operatingincomeloss": 286500000,
        "interestexpensenonoperating": 1200000,
        "othernonoperatingincomeexpensenet": 83300000,
        "incomelossfromcontinuingoperationsbeforeincometaxesextraordinaryitemsnoncontrollinginterest": 368600000,
        "incometaxexpensebenefit": 17900000,
        "netincomeloss": 350700000,
        "earningspersharebasic": 1.07,
        "earningspersharediluted": 0.99,
        "weightedaveragenumberofsharesoutstandingbasic": 326800000,
        "weightedaveragenumberofdilutedsharesoutstanding": 354500000,
        "othercomprehensiveincomelossavailableforsalesecuritiesadjustmentnetoftax": -3600000,
        "othercomprehensiveincomelosscashflowhedgegainlossreclassificationaftertax": -1200000,
        "othercomprehensiveincomelosscashflowhedgegainlossafterreclassificationandtaxparent": 1200000,
        "othercomprehensiveincomelossnetoftaxportionattributabletoparent": -2400000,
        "comprehensiveincomenetoftax": 348300000
    },
    {
        "date": "2024-04-29",
        "symbol": "PANW",
        "period": "Q3",
        "revenuefromcontractwithcustomerexcludingassessedtax": 391000000,
        "costofgoodsandservicessold": 77900000,
        "grossprofit": 1471200000,
        "researchanddevelopmentexpense": 457200000,
        "sellingandmarketingexpense": 718700000,
        "generalandadministrativeexpense": 118600000,
        "operatingexpenses": 1294500000,
        "operatingincomeloss": 176700000,
        "interestexpense": 2300000,
        "othernonoperatingincomeexpensenet": 76800000,
        "incomelossfromcontinuingoperationsbeforeincometaxesextraordinaryitemsnoncontrollinginterest": 251200000,
        "incometaxexpensebenefit": -27600000,
        "netincomeloss": 278800000,
        "earningspersharebasic": 0.86,
        "earningspersharediluted": 0.79,
        "weightedaveragenumberofsharesoutstandingbasic": 322900000,
        "weightedaveragenumberofdilutedsharesoutstanding": 354600000,
        "othercomprehensiveincomelossavailableforsalesecuritiesadjustmentnetoftax": -39300000,
        "othercomprehensiveincomelosscashflowhedgegainlossbeforereclassificationaftertax": -15100000,
        "othercomprehensiveincomelosscashflowhedgegainlossreclassificationaftertax": -5500000,
        "othercomprehensiveincomelosscashflowhedgegainlossafterreclassificationandtaxparent": -9600000,
        "othercomprehensiveincomelossnetoftaxportionattributabletoparent": -48900000,
        "comprehensiveincomenetoftax": 229900000
    },
    {
        "date": "2023-10-30",
        "symbol": "PANW",
        "period": "Q1",
        "revenuefromcontractwithcustomerexcludingassessedtax": 341100000,
        "costofgoodsandservicessold": 77400000,
        "grossprofit": 1405300000,
        "researchanddevelopmentexpense": 409500000,
        "sellingandmarketingexpense": 660500000,
        "generalandadministrativeexpense": 120100000,
        "operatingexpenses": 1190100000,
        "operatingincomeloss": 215200000,
        "interestexpense": 2900000,
        "othernonoperatingincomeexpensenet": 70300000,
        "incomelossfromcontinuingoperationsbeforeincometaxesextraordinaryitemsnoncontrollinginterest": 282600000,
        "incometaxexpensebenefit": 88400000,
        "netincomeloss": 194200000,
        "earningspersharebasic": 0.63,
        "earningspersharediluted": 0.56,
        "weightedaveragenumberofsharesoutstandingbasic": 310100000,
        "weightedaveragenumberofdilutedsharesoutstanding": 349800000,
        "othercomprehensiveincomelossavailableforsalesecuritiesadjustmentnetoftax": -18200000,
        "othercomprehensiveincomelosscashflowhedgegainlossbeforereclassificationaftertax": -40900000,
        "othercomprehensiveincomelosscashflowhedgegainlossreclassificationaftertax": -9300000,
        "othercomprehensiveincomelosscashflowhedgegainlossafterreclassificationandtaxparent": -31600000,
        "othercomprehensiveincomelossnetoftaxportionattributabletoparent": -49800000,
        "comprehensiveincomenetoftax": 144400000
    },
    {
        "date": "2023-04-29",
        "symbol": "PANW",
        "period": "Q3",
        "revenuefromcontractwithcustomerexcludingassessedtax": 388100000,
        "costofgoodsandservicessold": 93400000,
        "grossprofit": 1246100000,
        "researchanddevelopmentexpense": 413700000,
        "sellingandmarketingexpense": 639500000,
        "generalandadministrativeexpense": 114200000,
        "operatingexpenses": 1167400000,
        "operatingincomeloss": 78700000,
        "interestexpense": 7800000,
        "othernonoperatingincomeexpensenet": 60100000,
        "incomelossfromcontinuingoperationsbeforeincometaxesextraordinaryitemsnoncontrollinginterest": 131000000,
        "incometaxexpensebenefit": 23200000,
        "netincomeloss": 107800000,
        "earningspersharebasic": 0.35,
        "earningspersharediluted": 0.31,
        "weightedaveragenumberofsharesoutstandingbasic": 303900000,
        "weightedaveragenumberofdilutedsharesoutstanding": 344700000,
        "othercomprehensiveincomelossavailableforsalesecuritiesadjustmentnetoftax": 1800000,
        "othercomprehensiveincomelosscashflowhedgegainlossbeforereclassificationaftertax": -17700000,
        "othercomprehensiveincomelosscashflowhedgegainlossreclassificationaftertax": -6300000,
        "othercomprehensiveincomelosscashflowhedgegainlossafterreclassificationandtaxparent": -11400000,
        "othercomprehensiveincomelossnetoftaxportionattributabletoparent": -9600000,
        "comprehensiveincomenetoftax": 98200000
    },
    {
        "date": "2023-01-30",
        "symbol": "PANW",
        "period": "Q2",
        "revenuefromcontractwithcustomerexcludingassessedtax": 352900000,
        "costofgoodsandservicessold": 100500000,
        "grossprofit": 1188900000,
        "researchanddevelopmentexpense": 404100000,
        "sellingandmarketingexpense": 625500000,
        "generalandadministrativeexpense": 119400000,
        "operatingexpenses": 1149000000,
        "operatingincomeloss": 39900000,
        "interestexpense": 6900000,
        "othernonoperatingincomeexpensenet": 51400000,
        "incomelossfromcontinuingoperationsbeforeincometaxesextraordinaryitemsnoncontrollinginterest": 84400000,
        "incometaxexpensebenefit": 200000,
        "netincomeloss": 84200000,
        "earningspersharebasic": 0.28,
        "earningspersharediluted": 0.25,
        "weightedaveragenumberofsharesoutstandingbasic": 302300000,
        "weightedaveragenumberofdilutedsharesoutstanding": 331600000,
        "othercomprehensiveincomelossavailableforsalesecuritiesadjustmentnetoftax": 33500000,
        "othercomprehensiveincomelosscashflowhedgegainlossbeforereclassificationaftertax": 63100000,
        "othercomprehensiveincomelosscashflowhedgegainlossreclassificationaftertax": -3400000,
        "othercomprehensiveincomelosscashflowhedgegainlossafterreclassificationandtaxparent": 66500000,
        "othercomprehensiveincomelossnetoftaxportionattributabletoparent": 100000000,
        "comprehensiveincomenetoftax": 184200000
    },
    {
        "date": "2022-10-30",
        "symbol": "PANW",
        "period": "Q1",
        "revenuefromcontractwithcustomerexcludingassessedtax": 330000000,
        "costofgoodsandservicessold": 120100000,
        "grossprofit": 1101500000,
        "researchanddevelopmentexpense": 371800000,
        "sellingandmarketingexpense": 615000000,
        "generalandadministrativeexpense": 99500000,
        "operatingexpenses": 1086300000,
        "operatingincomeloss": 15200000,
        "interestexpense": 6800000,
        "othernonoperatingincomeexpensenet": 26000000,
        "incomelossfromcontinuingoperationsbeforeincometaxesextraordinaryitemsnoncontrollinginterest": 34400000,
        "incometaxexpensebenefit": 14400000,
        "netincomeloss": 20000000,
        "earningspersharebasic": 0.07,
        "earningspersharediluted": 0.06,
        "weightedaveragenumberofsharesoutstandingbasic": 299800000,
        "weightedaveragenumberofdilutedsharesoutstanding": 338400000,
        "othercomprehensiveincomelossavailableforsalesecuritiesadjustmentnetoftax": -27800000,
        "othercomprehensiveincomelosscashflowhedgegainlossbeforereclassificationaftertax": -42500000,
        "othercomprehensiveincomelosscashflowhedgegainlossreclassificationaftertax": -14800000,
        "othercomprehensiveincomelosscashflowhedgegainlossafterreclassificationandtaxparent": -27700000,
        "othercomprehensiveincomelossnetoftaxportionattributabletoparent": -55500000,
        "comprehensiveincomenetoftax": -35500000
    },
    {
        "date": "2022-07-30",
        "symbol": "PANW",
        "period": "Q4",
        "revenuefromcontractwithcustomerexcludingassessedtax": 408100000,
        "costofgoodsandservicessold": 142800000,
        "grossprofit": 1058200000,
        "researchanddevelopmentexpense": 363800000,
        "sellingandmarketingexpense": 570600000,
        "generalandadministrativeexpense": 108400000,
        "operatingexpenses": 1042800000,
        "operatingincomeloss": 15400000,
        "interestexpense": 6900000,
        "othernonoperatingincomeexpensenet": 8800000,
        "incomelossfromcontinuingoperationsbeforeincometaxesextraordinaryitemsnoncontrollinginterest": 17300000,
        "incometaxexpensebenefit": 14000000,
        "netincomeloss": 3300000,
        "othercomprehensiveincomelossavailableforsalesecuritiesadjustmentnetoftax": 600000,
        "othercomprehensiveincomelosscashflowhedgegainlossafterreclassificationandtaxparent": 2100000,
        "othercomprehensiveincomelossnetoftaxportionattributabletoparent": 2700000,
        "comprehensiveincomenetoftax": 6000000
    },
    {
        "date": "2022-04-29",
        "symbol": "PANW",
        "period": "Q3",
        "revenuefromcontractwithcustomerexcludingassessedtax": 351500000,
        "costofgoodsandservicessold": 126000000,
        "grossprofit": 946200000,
        "researchanddevelopmentexpense": 355400000,
        "sellingandmarketingexpense": 543600000,
        "generalandadministrativeexpense": 94800000,
        "operatingexpenses": 993800000,
        "operatingincomeloss": -47600000,
        "interestexpense": 6800000,
        "othernonoperatingincomeexpensenet": 1900000,
        "incomelossfromcontinuingoperationsbeforeincometaxesextraordinaryitemsnoncontrollinginterest": -52500000,
        "incometaxexpensebenefit": 20700000,
        "netincomeloss": -73200000,
        "earningspersharebasic": -0.74,
        "earningspersharediluted": -0.74,
        "weightedaveragenumberofsharesoutstandingbasic": 98900000,
        "weightedaveragenumberofdilutedsharesoutstanding": 98900000,
        "othercomprehensiveincomelossavailableforsalesecuritiesadjustmentnetoftax": -14600000,
        "othercomprehensiveincomelosscashflowhedgegainlossafterreclassificationandtaxparent": -13500000,
        "othercomprehensiveincomelossnetoftaxportionattributabletoparent": -28100000,
        "comprehensiveincomenetoftax": -101300000
    },
    {
        "date": "2022-01-30",
        "symbol": "PANW",
        "period": "Q2",
        "revenuefromcontractwithcustomerexcludingassessedtax": 308000000,
        "costofgoodsandservicessold": 97800000,
        "grossprofit": 911600000,
        "researchanddevelopmentexpense": 359000000,
        "sellingandmarketingexpense": 528800000,
        "generalandadministrativeexpense": 97700000,
        "operatingexpenses": 985500000,
        "operatingincomeloss": -73900000,
        "interestexpense": 6800000,
        "othernonoperatingincomeexpensenet": -100000,
        "incomelossfromcontinuingoperationsbeforeincometaxesextraordinaryitemsnoncontrollinginterest": -80800000,
        "incometaxexpensebenefit": 12700000,
        "netincomeloss": -93500000,
        "earningspersharebasicanddiluted": -0.95,
        "weightedaveragenumberofshareoutstandingbasicanddiluted": 98200000,
        "othercomprehensiveincomelossavailableforsalesecuritiesadjustmentnetoftax": -8800000,
        "othercomprehensiveincomelosscashflowhedgegainlossafterreclassificationandtaxparent": -10100000,
        "othercomprehensiveincomelossnetoftaxportionattributabletoparent": -18900000,
        "comprehensiveincomenetoftax": -112400000
    },
    {
        "date": "2021-10-30",
        "symbol": "PANW",
        "period": "Q1",
        "revenuefromcontractwithcustomerexcludingassessedtax": 295500000,
        "costofgoodsandservicessold": 88900000,
        "grossprofit": 866800000,
        "researchanddevelopmentexpense": 339500000,
        "sellingandmarketingexpense": 505900000,
        "generalandadministrativeexpense": 104100000,
        "operatingexpenses": 949500000,
        "operatingincomeloss": -82700000,
        "interestexpense": 6900000,
        "othernonoperatingincomeexpensenet": -1600000,
        "incomelossfromcontinuingoperationsbeforeincometaxesextraordinaryitemsnoncontrollinginterest": -91200000,
        "incometaxexpensebenefit": 12400000,
        "netincomeloss": -103600000,
        "earningspersharebasicanddiluted": -1.06,
        "weightedaveragenumberofshareoutstandingbasicanddiluted": 97600000,
        "othercomprehensiveincomelossavailableforsalesecuritiesadjustmentnetoftax": -2200000,
        "othercomprehensiveincomelosscashflowhedgegainlossafterreclassificationandtaxparent": 800000,
        "othercomprehensiveincomelossnetoftaxportionattributabletoparent": -1400000,
        "comprehensiveincomenetoftax": -105000000
    },
    {
        "date": "2021-07-30",
        "symbol": "PANW",
        "period": "Q4",
        "revenuefromcontractwithcustomerexcludingassessedtax": 339400000,
        "costofgoodsandservicessold": 88800000,
        "grossprofit": 860400000,
        "researchanddevelopmentexpense": 325300000,
        "sellingandmarketingexpense": 489800000,
        "generalandadministrativeexpense": 105700000,
        "operatingexpenses": 920800000,
        "operatingincomeloss": -60400000,
        "interestexpense": 41400000,
        "othernonoperatingincomeexpensenet": -500000,
        "incomelossfromcontinuingoperationsbeforeincometaxesextraordinaryitemsnoncontrollinginterest": -102300000,
        "incometaxexpensebenefit": 17000000,
        "netincomeloss": -119300000,
        "othercomprehensiveincomelossavailableforsalesecuritiesadjustmentnetoftax": -600000,
        "othercomprehensiveincomelosscashflowhedgegainlossafterreclassificationandtaxparent": -12900000,
        "othercomprehensiveincomelossnetoftaxportionattributabletoparent": -13500000,
        "comprehensiveincomenetoftax": -132800000
    },
    {
        "date": "2021-04-29",
        "symbol": "PANW",
        "period": "Q3",
        "revenuefromcontractwithcustomerexcludingassessedtax": 288900000,
        "costofgoodsandservicessold": 81900000,
        "grossprofit": 743300000,
        "researchanddevelopmentexpense": 311000000,
        "sellingandmarketingexpense": 448000000,
        "generalandadministrativeexpense": 94700000,
        "operatingexpenses": 853700000,
        "operatingincomeloss": -110400000,
        "interestexpense": 41000000,
        "othernonoperatingincomeexpensenet": 1000000,
        "incomelossfromcontinuingoperationsbeforeincometaxesextraordinaryitemsnoncontrollinginterest": -150400000,
        "incometaxexpensebenefit": -5300000,
        "netincomeloss": -145100000,
        "earningspersharebasicanddiluted": -1.5,
        "weightedaveragenumberofshareoutstandingbasicanddiluted": 96900000,
        "othercomprehensiveincomelossavailableforsalesecuritiesadjustmentnetoftax": -800000,
        "othercomprehensiveincomelosscashflowhedgegainlossafterreclassificationandtaxparent": -5500000,
        "othercomprehensiveincomelossnetoftaxportionattributabletoparent": -6300000,
        "comprehensiveincomenetoftax": -151400000
    },
    {
        "date": "2021-01-30",
        "symbol": "PANW",
        "period": "Q2",
        "revenuefromcontractwithcustomerexcludingassessedtax": 254700000,
        "costofgoodsandservicessold": 75600000,
        "grossprofit": 709300000,
        "researchanddevelopmentexpense": 266700000,
        "sellingandmarketingexpense": 427400000,
        "generalandadministrativeexpense": 104000000,
        "operatingexpenses": 798100000,
        "operatingincomeloss": -88800000,
        "interestexpense": 40700000,
        "othernonoperatingincomeexpensenet": -500000,
        "incomelossfromcontinuingoperationsbeforeincometaxesextraordinaryitemsnoncontrollinginterest": -130000000,
        "incometaxexpensebenefit": 12300000,
        "netincomeloss": -142300000,
        "earningspersharebasicanddiluted": -1.48,
        "weightedaveragenumberofshareoutstandingbasicanddiluted": 95900000,
        "othercomprehensiveincomelossavailableforsalesecuritiesadjustmentnetoftax": -300000,
        "othercomprehensiveincomelosscashflowhedgegainlossafterreclassificationandtaxparent": 7000000,
        "othercomprehensiveincomelossnetoftaxportionattributabletoparent": 6700000,
        "comprehensiveincomenetoftax": -135600000
    },
    {
        "date": "2020-10-30",
        "symbol": "PANW",
        "period": "Q1",
        "revenuefromcontractwithcustomerexcludingassessedtax": 237300000,
        "costofgoodsandservicessold": 62200000,
        "grossprofit": 668200000,
        "researchanddevelopmentexpense": 237400000,
        "sellingandmarketingexpense": 388600000,
        "generalandadministrativeexpense": 86700000,
        "operatingexpenses": 712700000,
        "operatingincomeloss": -44500000,
        "interestexpense": 40200000,
        "othernonoperatingincomeexpensenet": 2400000,
        "incomelossfromcontinuingoperationsbeforeincometaxesextraordinaryitemsnoncontrollinginterest": -82300000,
        "incometaxexpensebenefit": 9900000,
        "netincomeloss": -92200000,
        "earningspersharebasicanddiluted": -0.97,
        "weightedaveragenumberofshareoutstandingbasicanddiluted": 95500000,
        "othercomprehensiveincomelossavailableforsalesecuritiesadjustmentnetoftax": -1300000,
        "othercomprehensiveincomelosscashflowhedgegainlossafterreclassificationandtaxparent": -6000000,
        "othercomprehensiveincomelossnetoftaxportionattributabletoparent": -7300000,
        "comprehensiveincomenetoftax": -99500000
    },
    {
        "date": "2020-04-29",
        "symbol": "PANW",
        "period": "Q3",
        "revenuefromcontractwithcustomerexcludingassessedtax": 280900000,
        "costofgoodsandservicessold": 73300000,
        "grossprofit": 611100000,
        "researchanddevelopmentexpense": 196300000,
        "sellingandmarketingexpense": 388400000,
        "generalandadministrativeexpense": 82900000,
        "operatingexpenses": 667600000,
        "operatingincomeloss": -56500000,
        "interestexpense": 19400000,
        "othernonoperatingincomeexpensenet": 8100000,
        "incomelossfromcontinuingoperationsbeforeincometaxesextraordinaryitemsnoncontrollinginterest": -67800000,
        "incometaxexpensebenefit": 7000000,
        "netincomeloss": -74800000,
        "earningspersharebasicanddiluted": -0.77,
        "weightedaveragenumberofshareoutstandingbasicanddiluted": 96700000,
        "othercomprehensiveincomelossavailableforsalesecuritiesadjustmentnetoftax": 400000,
        "othercomprehensiveincomelosscashflowhedgegainlossafterreclassificationandtaxparent": -600000,
        "othercomprehensiveincomelossnetoftaxportionattributabletoparent": -200000,
        "comprehensiveincomenetoftax": -75000000
    },
    {
        "date": "2020-01-30",
        "symbol": "PANW",
        "period": "Q2",
        "netincomeloss": -73700000,
        "othercomprehensiveincomelossavailableforsalesecuritiesadjustmentnetoftax": -1100000,
        "othercomprehensiveincomelosscashflowhedgegainlossafterreclassificationandtaxparent": -100000,
        "othercomprehensiveincomelossnetoftaxportionattributabletoparent": -1200000,
        "comprehensiveincomenetoftax": -74900000,
        "revenuefromcontractwithcustomerexcludingassessedtax": 246500000,
        "costofgoodsandservicessold": 68700000,
        "grossprofit": 583600000,
        "researchanddevelopmentexpense": 185400000,
        "sellingandmarketingexpense": 374900000,
        "generalandadministrativeexpense": 76200000,
        "operatingexpenses": 636500000,
        "operatingincomeloss": -52900000,
        "interestexpense": 19000000,
        "othernonoperatingincomeexpensenet": 10800000,
        "incomelossfromcontinuingoperationsbeforeincometaxesextraordinaryitemsnoncontrollinginterest": -61100000,
        "incometaxexpensebenefit": 12600000,
        "earningspersharebasicanddiluted": -0.75,
        "weightedaveragenumberofshareoutstandingbasicanddiluted": 98300000
    },
    {
        "date": "2019-10-30",
        "symbol": "PANW",
        "period": "Q1",
        "netincomeloss": -59600000,
        "othercomprehensiveincomelossavailableforsalesecuritiesadjustmentnetoftax": 2700000,
        "othercomprehensiveincomelosscashflowhedgegainlossafterreclassificationandtaxparent": 400000,
        "othercomprehensiveincomelossnetoftaxportionattributabletoparent": 3100000,
        "comprehensiveincomenetoftax": -56500000,
        "revenuefromcontractwithcustomerexcludingassessedtax": 231200000,
        "costofgoodsandservicessold": 65100000,
        "grossprofit": 554200000,
        "researchanddevelopmentexpense": 170500000,
        "sellingandmarketingexpense": 365700000,
        "generalandadministrativeexpense": 69800000,
        "operatingexpenses": 606000000,
        "operatingincomeloss": -51800000,
        "interestexpense": 18900000,
        "othernonoperatingincomeexpensenet": 16200000,
        "incomelossfromcontinuingoperationsbeforeincometaxesextraordinaryitemsnoncontrollinginterest": -54500000,
        "incometaxexpensebenefit": 5100000,
        "earningspersharebasicanddiluted": -0.62,
        "weightedaveragenumberofshareoutstandingbasicanddiluted": 96600000
    },
    {
        "date": "2019-07-30",
        "symbol": "PANW",
        "period": "Q4",
        "netincomeloss": -20800000,
        "othercomprehensiveincomelossavailableforsalesecuritiesadjustmentnetoftax": 2300000,
        "othercomprehensiveincomelossnetoftaxportionattributabletoparent": 3500000,
        "comprehensiveincomenetoftax": -17300000,
        "revenuefromcontractwithcustomerexcludingassessedtax": 150100000,
        "costofgoodsandservicessold": -20500000,
        "grossprofit": 588400000,
        "researchanddevelopmentexpense": 158700000,
        "sellingandmarketingexpense": 370400000,
        "generalandadministrativeexpense": 69200000,
        "operatingexpenses": 598300000,
        "operatingincomeloss": -9900000,
        "interestexpense": 20000000,
        "othernonoperatingincomeexpensenet": 16200000,
        "incomelossfromcontinuingoperationsbeforeincometaxesextraordinaryitemsnoncontrollinginterest": -13700000,
        "incometaxexpensebenefit": 7100000,
        "earningspersharebasicanddiluted": -0.22000000000000003,
        "weightedaveragenumberofshareoutstandingbasicanddiluted": -187700000
    },
    {
        "date": "2019-04-29",
        "symbol": "PANW",
        "period": "Q3",
        "netincomeloss": -20200000,
        "othercomprehensiveincomelossavailableforsalesecuritiesadjustmentnetoftax": 2400000,
        "othercomprehensiveincomelosscashflowhedgegainlossafterreclassificationandtaxparent": 200000,
        "othercomprehensiveincomelossnetoftaxportionattributabletoparent": 2600000,
        "comprehensiveincomenetoftax": -17600000,
        "revenuefromcontractwithcustomerexcludingassessedtax": 138700000,
        "costofgoodsandservicessold": 126900000,
        "grossprofit": 521700000,
        "researchanddevelopmentexpense": 139100000,
        "sellingandmarketingexpense": 339000000,
        "generalandadministrativeexpense": 62300000,
        "operatingexpenses": 540400000,
        "operatingincomeloss": -18700000,
        "interestexpense": 20600000,
        "othernonoperatingincomeexpensenet": 18200000,
        "incomelossfromcontinuingoperationsbeforeincometaxesextraordinaryitemsnoncontrollinginterest": -21100000,
        "incometaxexpensebenefit": -900000,
        "earningspersharebasicanddiluted": -0.21,
        "weightedaveragenumberofshareoutstandingbasicanddiluted": 94400000
    },
    {
        "date": "2019-01-30",
        "symbol": "PANW",
        "period": "Q2",
        "netincomeloss": -2600000,
        "othercomprehensiveincomelossavailableforsalesecuritiesadjustmentnetoftax": 4800000,
        "othercomprehensiveincomelossderivativesqualifyingashedgesnetoftax": 4400000,
        "othercomprehensiveincomelossnetoftaxportionattributabletoparent": 9200000,
        "comprehensiveincomenetoftax": 6600000,
        "revenuefromcontractwithcustomerexcludingassessedtax": 148300000,
        "costofgoodssold": 82500000,
        "costofservices": 120100000,
        "costofgoodsandservicessold": 202600000,
        "grossprofit": 508600000,
        "researchanddevelopmentexpense": 128300000,
        "sellingandmarketingexpense": 320000000,
        "generalandadministrativeexpense": 53700000,
        "operatingexpenses": 502000000,
        "operatingincomeloss": 6600000,
        "interestexpense": 20600000,
        "othernonoperatingincomeexpensenet": 16000000,
        "incomelossfromcontinuingoperationsbeforeincometaxesextraordinaryitemsnoncontrollinginterest": 2000000,
        "incometaxexpensebenefit": 4600000,
        "earningspersharebasicanddiluted": -0.03,
        "weightedaveragenumberofshareoutstandingbasicanddiluted": 94000000
    },
    {
        "date": "2018-10-30",
        "symbol": "PANW",
        "period": "Q1",
        "netincomeloss": -38300000,
        "othercomprehensiveincomelossavailableforsalesecuritiesadjustmentnetoftax": 900000,
        "othercomprehensiveincomelossderivativesqualifyingashedgesnetoftax": -3500000,
        "othercomprehensiveincomelossnetoftaxportionattributabletoparent": -2600000,
        "comprehensiveincomenetoftax": -40900000,
        "revenuefromcontractwithcustomerexcludingassessedtax": 127700000,
        "costofgoodssold": 73200000,
        "costofservices": 110300000,
        "costofgoodsandservicessold": 183500000,
        "grossprofit": 472500000,
        "researchanddevelopmentexpense": 113400000,
        "sellingandmarketingexpense": 314600000,
        "generalandadministrativeexpense": 76600000,
        "operatingexpenses": 504600000,
        "operatingincomeloss": -32100000,
        "interestexpense": 22700000,
        "othernonoperatingincomeexpensenet": 13000000,
        "incomelossfromcontinuingoperationsbeforeincometaxesextraordinaryitemsnoncontrollinginterest": -41800000,
        "incometaxexpensebenefit": -3500000,
        "earningspersharebasicanddiluted": -0.41,
        "weightedaveragenumberofshareoutstandingbasicanddiluted": 93800000
    },
    {
        "date": "2018-07-30",
        "symbol": "PANW",
        "period": "Q4",
        "netincomeloss": 23400000,
        "othercomprehensiveincomelossavailableforsalesecuritiesadjustmentnetoftax": 1600000,
        "othercomprehensiveincomelossderivativesqualifyingashedgesnetoftax": -4800000,
        "othercomprehensiveincomelossnetoftaxportionattributabletoparent": -3200000,
        "comprehensiveincomenetoftax": -5500000,
        "salesrevenuegoodsnet": 275900000,
        "salesrevenueservicesnet": 382700000,
        "salesrevenuenet": 658600000,
        "costofgoodssold": 82000000,
        "costofservices": 102700000,
        "costofgoodsandservicessold": 184700000,
        "grossprofit": 473400000,
        "researchanddevelopmentexpense": 110300000,
        "sellingandmarketingexpense": 297800000,
        "generalandadministrativeexpense": 56700000,
        "operatingexpenses": 440600000,
        "operatingincomeloss": 33500000,
        "interestexpense": 10400000,
        "incometaxexpensebenefit": 10700000,
        "earningspersharebasicanddiluted": 0.2599999999999999,
        "weightedaveragenumberofshareoutstandingbasicanddiluted": -182200000
    },
    {
        "date": "2018-04-29",
        "symbol": "PANW",
        "period": "Q3",
        "netincomeloss": -46700000,
        "othercomprehensiveincomelossavailableforsalesecuritiesadjustmentnetoftax": -1900000,
        "othercomprehensiveincomelossderivativesqualifyingashedgesnetoftax": -4100000,
        "othercomprehensiveincomelossnetoftaxportionattributabletoparent": -6000000,
        "comprehensiveincomenetoftax": -52700000,
        "salesrevenuegoodsnet": 215200000,
        "salesrevenueservicesnet": 351900000,
        "salesrevenuenet": 567100000,
        "costofgoodssold": 68900000,
        "costofservices": 91000000,
        "costofgoodsandservicessold": 159900000,
        "grossprofit": 407200000,
        "researchanddevelopmentexpense": 99600000,
        "sellingandmarketingexpense": 277100000,
        "generalandadministrativeexpense": 82100000,
        "operatingexpenses": 458800000,
        "operatingincomeloss": -51600000,
        "interestexpense": 6500000,
        "nonoperatingincomeexpense": 8600000,
        "incomelossfromcontinuingoperationsbeforeincometaxesminorityinterestandincomelossfromequitymethodinvestments": -49500000,
        "incometaxexpensebenefit": -2800000,
        "earningspersharebasicanddiluted": -0.51,
        "weightedaveragenumberofshareoutstandingbasicanddiluted": 91900000
    },
    {
        "date": "2018-01-30",
        "symbol": "PANW",
        "period": "Q2",
        "netincomeloss": -34900000,
        "othercomprehensiveincomelossavailableforsalesecuritiesadjustmentnetoftax": -5300000,
        "othercomprehensiveincomelossderivativesqualifyingashedgesnetoftax": 5100000,
        "othercomprehensiveincomelossnetoftaxportionattributabletoparent": -200000,
        "comprehensiveincomenetoftax": -35100000,
        "salesrevenuegoodsnet": 202200000,
        "salesrevenueservicesnet": 340200000,
        "salesrevenuenet": 542400000,
        "costofgoodssold": 63900000,
        "costofservices": 95400000,
        "costofgoodsandservicessold": 159300000,
        "grossprofit": 383100000,
        "researchanddevelopmentexpense": 96600000,
        "sellingandmarketingexpense": 265000000,
        "generalandadministrativeexpense": 53300000,
        "operatingexpenses": 414900000,
        "operatingincomeloss": -31800000,
        "interestexpense": 6400000,
        "nonoperatingincomeexpense": 4900000,
        "incomelossfromcontinuingoperationsbeforeincometaxesminorityinterestandincomelossfromequitymethodinvestments": -33300000,
        "incometaxexpensebenefit": 1600000,
        "earningspersharebasicanddiluted": -0.38,
        "weightedaveragenumberofshareoutstandingbasicanddiluted": 91100000
    },
    {
        "date": "2017-10-30",
        "symbol": "PANW",
        "period": "Q1",
        "netincomeloss": -64000000,
        "othercomprehensiveincomelossavailableforsalesecuritiesadjustmentnetoftax": -1900000,
        "othercomprehensiveincomelossderivativesqualifyingashedgesnetoftax": -1700000,
        "othercomprehensiveincomelossnetoftaxportionattributabletoparent": -3600000,
        "comprehensiveincomenetoftax": -67600000,
        "salesrevenuegoodsnet": 186500000,
        "salesrevenueservicesnet": 319000000,
        "salesrevenuenet": 505500000,
        "costofgoodssold": 57600000,
        "costofservices": 83800000,
        "costofgoodsandservicessold": 141400000,
        "grossprofit": 364100000,
        "researchanddevelopmentexpense": 94200000,
        "sellingandmarketingexpense": 258500000,
        "generalandadministrativeexpense": 65700000,
        "operatingexpenses": 418400000,
        "operatingincomeloss": -54300000,
        "interestexpense": 6300000,
        "nonoperatingincomeexpense": 4800000,
        "incomelossfromcontinuingoperationsbeforeincometaxesminorityinterestandincomelossfromequitymethodinvestments": -55800000,
        "incometaxexpensebenefit": 8200000,
        "earningspersharebasicanddiluted": -0.7,
        "weightedaveragenumberofshareoutstandingbasicanddiluted": 90900000
    },
    {
        "date": "2017-07-30",
        "symbol": "PANW",
        "period": "Q4",
        "netincomeloss": -27400000,
        "othercomprehensiveincomelossderivativesqualifyingashedgesnetoftax": 400000,
        "comprehensiveincomenetoftax": -66300000,
        "salesrevenuegoodsnet": 212300000,
        "salesrevenueservicesnet": -254000000,
        "salesrevenuenet": 509100000,
        "costofgoodssold": 63700000,
        "costofservices": 74800000,
        "costofgoodsandservicessold": 138500000,
        "grossprofit": 370600000,
        "researchanddevelopmentexpense": 87300000,
        "sellingandmarketingexpense": 273600000,
        "generalandadministrativeexpense": 65200000,
        "operatingexpenses": 397900000,
        "operatingincomeloss": -55500000,
        "interestexpense": 6200000,
        "nonoperatingincomeexpense": 2900000,
        "incomelossfromcontinuingoperationsbeforeincometaxesminorityinterestandincomelossfromequitymethodinvestments": -30600000,
        "incometaxexpensebenefit": 8300000,
        "earningspersharebasicanddiluted": -0.7400000000000002,
        "weightedaveragenumberofshareoutstandingbasicanddiluted": 100000
    },
    {
        "date": "2017-04-29",
        "symbol": "PANW",
        "period": "Q3",
        "netincomeloss": -60800000,
        "othercomprehensiveincomelossavailableforsalesecuritiesadjustmentnetoftax": 0,
        "othercomprehensiveincomelossderivativesqualifyingashedgesnetoftax": 900000,
        "comprehensiveincomenetoftax": -59900000,
        "salesrevenuegoodsnet": 164200000,
        "salesrevenueservicesnet": 267600000,
        "salesrevenuenet": 431800000,
        "costofgoodssold": 49700000,
        "costofservices": 73900000,
        "costofgoodsandservicessold": 123600000,
        "grossprofit": 308200000,
        "researchanddevelopmentexpense": 85600000,
        "sellingandmarketingexpense": 231800000,
        "generalandadministrativeexpense": 44100000,
        "operatingexpenses": 356400000,
        "operatingincomeloss": -53300000,
        "interestexpense": 6200000,
        "nonoperatingincomeexpense": 2100000,
        "incomelossfromcontinuingoperationsbeforeincometaxesminorityinterestandincomelossfromequitymethodinvestments": -52300000,
        "incometaxexpensebenefit": 3400000,
        "earningspersharebasicanddiluted": -0.6699999999999999,
        "weightedaveragenumberofshareoutstandingbasicanddiluted": -90000000
    },
    {
        "date": "2017-01-30",
        "symbol": "PANW",
        "period": "Q2",
        "netincomeloss": -66600000,
        "othercomprehensiveincomelossavailableforsalesecuritiesadjustmentnetoftax": -2900000,
        "othercomprehensiveincomelossderivativesqualifyingashedgesnetoftax": -300000,
        "comprehensiveincomenetoftax": -69800000,
        "salesrevenuegoodsnet": 168800000,
        "salesrevenueservicesnet": 253800000,
        "salesrevenuenet": 422600000,
        "costofgoodssold": 45800000,
        "costofservices": 67400000,
        "costofgoodsandservicessold": 113200000,
        "grossprofit": 309400000,
        "researchanddevelopmentexpense": 89900000,
        "sellingandmarketingexpense": 232700000,
        "generalandadministrativeexpense": 47200000,
        "operatingexpenses": 363800000,
        "operatingincomeloss": -60400000,
        "interestexpense": 6100000,
        "nonoperatingincomeexpense": 2700000,
        "incomelossfromcontinuingoperationsbeforeincometaxesminorityinterestandincomelossfromequitymethodinvestments": -57800000,
        "incometaxexpensebenefit": 2800000,
        "earningspersharebasicanddiluted": -0.73,
        "weightedaveragenumberofshareoutstandingbasicanddiluted": 90700000
    },
    {
        "date": "2016-10-30",
        "symbol": "PANW",
        "period": "Q1",
        "netincomeloss": -61800000,
        "othercomprehensiveincomelossavailableforsalesecuritiesadjustmentnetoftax": -1800000,
        "othercomprehensiveincomelossderivativesqualifyingashedgesnetoftax": -1100000,
        "comprehensiveincomenetoftax": -64700000,
        "salesrevenuegoodsnet": 163800000,
        "salesrevenueservicesnet": 234300000,
        "salesrevenuenet": 398100000,
        "costofgoodssold": 42200000,
        "costofservices": 59100000,
        "costofgoodsandservicessold": 101300000,
        "grossprofit": 296800000,
        "researchanddevelopmentexpense": 84600000,
        "sellingandmarketingexpense": 220300000,
        "generalandadministrativeexpense": 41800000,
        "operatingexpenses": 346700000,
        "operatingincomeloss": -49900000,
        "interestexpense": 6000000,
        "nonoperatingincomeexpense": 2500000,
        "incomelossfromcontinuingoperationsbeforeincometaxesminorityinterestandincomelossfromequitymethodinvestments": -53400000,
        "incometaxexpensebenefit": 8400000,
        "earningspersharebasicanddiluted": -0.69,
        "weightedaveragenumberofshareoutstandingbasicanddiluted": 89800000
    },
    {
        "date": "2016-07-30",
        "symbol": "PANW",
        "period": "Q4",
        "netincomeloss": -54500000,
        "othercomprehensiveincomelossavailableforsalesecuritiesadjustmentnetoftax": 400000,
        "comprehensiveincomenetoftax": -54100000,
        "salesrevenuegoodsnet": 191100000,
        "salesrevenueservicesnet": -147300000,
        "salesrevenuenet": 400800000,
        "costofgoodssold": 48500000,
        "costofservices": 53200000,
        "costofgoodsandservicessold": 101700000,
        "grossprofit": 299100000,
        "researchanddevelopmentexpense": 76500000,
        "sellingandmarketingexpense": 228100000,
        "generalandadministrativeexpense": 39900000,
        "operatingexpenses": 344500000,
        "operatingincomeloss": -45400000,
        "interestexpense": 6000000,
        "nonoperatingincomeexpense": 2700000,
        "incomelossfromcontinuingoperationsbeforeincometaxesminorityinterestandincomelossfromequitymethodinvestments": -48700000,
        "incometaxexpensebenefit": 5800000,
        "earningspersharebasicanddiluted": -0.6199999999999999,
        "weightedaveragenumberofshareoutstandingbasicanddiluted": -172400000
    },
    {
        "date": "2016-04-29",
        "symbol": "PANW",
        "period": "Q3",
        "netincomeloss": -70200000,
        "othercomprehensiveincomelossavailableforsalesecuritiesadjustmentnetoftax": 1300000,
        "comprehensiveincomenetoftax": -68900000,
        "salesrevenuegoodsnet": 162100000,
        "salesrevenueservicesnet": 183700000,
        "salesrevenuenet": 345800000,
        "costofgoodssold": 43200000,
        "costofservices": 51700000,
        "costofgoodsandservicessold": 94900000,
        "grossprofit": 250900000,
        "researchanddevelopmentexpense": 74000000,
        "sellingandmarketingexpense": 202000000,
        "generalandadministrativeexpense": 33500000,
        "operatingexpenses": 309500000,
        "operatingincomeloss": -58600000,
        "interestexpense": 5800000,
        "nonoperatingincomeexpense": 1000000,
        "incomelossfromcontinuingoperationsbeforeincometaxesminorityinterestandincomelossfromequitymethodinvestments": -63400000,
        "incometaxexpensebenefit": 6800000,
        "earningspersharebasicanddiluted": -0.8,
        "weightedaveragenumberofshareoutstandingbasicanddiluted": 87800000
    },
    {
        "date": "2016-01-30",
        "symbol": "PANW",
        "period": "Q2",
        "netincomeloss": -62500000,
        "othercomprehensiveincomelossavailableforsalesecuritiesadjustmentnetoftax": -300000,
        "comprehensiveincomenetoftax": -62800000,
        "salesrevenuegoodsnet": 169900000,
        "salesrevenueservicesnet": 164800000,
        "salesrevenuenet": 334700000,
        "costofgoodssold": 44900000,
        "costofservices": 49300000,
        "costofgoodsandservicessold": 94200000,
        "grossprofit": 240500000,
        "researchanddevelopmentexpense": 74000000,
        "sellingandmarketingexpense": 187600000,
        "generalandadministrativeexpense": 34200000,
        "operatingexpenses": 295800000,
        "operatingincomeloss": -55300000,
        "interestexpense": 5800000,
        "nonoperatingincomeexpense": 2500000,
        "incomelossfromcontinuingoperationsbeforeincometaxesminorityinterestandincomelossfromequitymethodinvestments": -58600000,
        "incometaxexpensebenefit": 3900000,
        "earningspersharebasicanddiluted": -0.72,
        "weightedaveragenumberofshareoutstandingbasicanddiluted": 86600000
    },
    {
        "date": "2015-10-30",
        "symbol": "PANW",
        "period": "Q1",
        "netincomeloss": -38700000,
        "othercomprehensiveincomelossavailableforsalesecuritiesadjustmentnetoftax": -300000,
        "comprehensiveincomenetoftax": -39000000,
        "salesrevenuegoodsnet": 147700000,
        "salesrevenueservicesnet": 149500000,
        "salesrevenuenet": 297200000,
        "costofgoodssold": 38800000,
        "costofservices": 40400000,
        "costofgoodsandservicessold": 79200000,
        "grossprofit": 218000000,
        "researchanddevelopmentexpense": 59700000,
        "sellingandmarketingexpense": 158300000,
        "generalandadministrativeexpense": 30800000,
        "operatingexpenses": 248800000,
        "operatingincomeloss": -30800000,
        "interestexpense": 5800000,
        "nonoperatingincomeexpense": 2200000,
        "incomelossfromcontinuingoperationsbeforeincometaxesminorityinterestandincomelossfromequitymethodinvestments": -34400000,
        "incometaxexpensebenefit": 4300000,
        "earningspersharebasicanddiluted": -0.45,
        "weightedaveragenumberofshareoutstandingbasicanddiluted": 85100000
    },
    {
        "date": "2015-07-30",
        "symbol": "PANW",
        "period": "Q4",
        "netincomeloss": -45971000,
        "othercomprehensiveincomeunrealizedholdinggainlossonsecuritiesarisingduringperiodnetoftax": -219000,
        "comprehensiveincomenetoftax": -46199000,
        "salesrevenuegoodsnet": 154037000,
        "salesrevenueservicesnet": -82834000,
        "salesrevenuenet": 283879000,
        "costofgoodssold": 38462000,
        "costofservices": 35856000,
        "costofgoodsandservicessold": 74318000,
        "grossprofit": 209561000,
        "researchanddevelopmentexpense": 53089000,
        "sellingandmarketingexpense": 162429000,
        "generalandadministrativeexpense": 28576000,
        "operatingexpenses": 244094000,
        "operatingincomeloss": -34533000,
        "interestexpense": 5666000,
        "nonoperatingincomeexpense": -346000,
        "incomelossfromcontinuingoperationsbeforeincometaxesminorityinterestandincomelossfromequitymethodinvestments": -40545000,
        "incometaxexpensebenefit": 5426000,
        "earningspersharebasicanddiluted": -0.5499999999999999,
        "weightedaveragenumberofshareoutstandingbasicanddiluted": -160913000
    },
    {
        "date": "2015-04-29",
        "symbol": "PANW",
        "period": "Q3",
        "netincomeloss": -45935000,
        "othercomprehensiveincomeunrealizedholdinggainlossonsecuritiesarisingduringperiodnetoftax": -77000,
        "othercomprehensiveincomelossreclassificationadjustmentfromaociforsaleofsecuritiesnetoftax": 4000,
        "othercomprehensiveincomelossavailableforsalesecuritiesadjustmentnetoftax": -81000,
        "comprehensiveincomenetoftax": -46016000,
        "salesrevenuegoodsnet": 121524000,
        "salesrevenueservicesnet": 112648000,
        "salesrevenuenet": 234172000,
        "costofgoodssold": 32851000,
        "costofservices": 31544000,
        "costofgoodsandservicessold": 64395000,
        "grossprofit": 169777000,
        "researchanddevelopmentexpense": 48486000,
        "sellingandmarketingexpense": 131026000,
        "generalandadministrativeexpense": 26989000,
        "operatingexpenses": 206501000,
        "operatingincomeloss": -36724000,
        "interestexpense": 5631000,
        "nonoperatingincomeexpense": -55000,
        "incomelossfromcontinuingoperationsbeforeincometaxesminorityinterestandincomelossfromequitymethodinvestments": -42410000,
        "incometaxexpensebenefit": 3525000,
        "earningspersharebasicanddiluted": -0.56,
        "weightedaveragenumberofshareoutstandingbasicanddiluted": 82320000
    },
    {
        "date": "2015-01-30",
        "symbol": "PANW",
        "period": "Q2",
        "netincomeloss": -43008000,
        "othercomprehensiveincomeunrealizedholdinggainlossonsecuritiesarisingduringperiodnetoftax": 234000,
        "othercomprehensiveincomelossavailableforsalesecuritiesadjustmentnetoftax": 234000,
        "comprehensiveincomenetoftax": -42774000,
        "salesrevenuegoodsnet": 115621000,
        "salesrevenueservicesnet": 102034000,
        "salesrevenuenet": 217655000,
        "costofgoodssold": 30640000,
        "costofservices": 28685000,
        "costofgoodsandservicessold": 59325000,
        "grossprofit": 158330000,
        "researchanddevelopmentexpense": 46948000,
        "sellingandmarketingexpense": 122875000,
        "generalandadministrativeexpense": 27023000,
        "operatingexpenses": 196846000,
        "operatingincomeloss": -38516000,
        "interestexpense": 5539000,
        "nonoperatingincomeexpense": 344000,
        "incomelossfromcontinuingoperationsbeforeincometaxesminorityinterestandincomelossfromequitymethodinvestments": -43711000,
        "incometaxexpensebenefit": -703000,
        "earningspersharebasicanddiluted": -0.53,
        "weightedaveragenumberofshareoutstandingbasicanddiluted": 80824000
    },
    {
        "date": "2014-10-30",
        "symbol": "PANW",
        "period": "Q1",
        "netincomeloss": -30068000,
        "othercomprehensiveincomeunrealizedholdinggainlossonsecuritiesarisingduringperiodnetoftax": 92000,
        "comprehensiveincomenetoftax": -29976000,
        "salesrevenuegoodsnet": 101476000,
        "salesrevenueservicesnet": 90870000,
        "salesrevenuenet": 192346000,
        "costofgoodssold": 29141000,
        "costofservices": 24320000,
        "costofgoodsandservicessold": 53461000,
        "grossprofit": 138885000,
        "researchanddevelopmentexpense": 37305000,
        "sellingandmarketingexpense": 106366000,
        "generalandadministrativeexpense": 18977000,
        "operatingexpenses": 162648000,
        "operatingincomeloss": -23763000,
        "interestexpense": 5489000,
        "nonoperatingincomeexpense": 341000,
        "incomelossfromcontinuingoperationsbeforeincometaxesminorityinterestandincomelossfromequitymethodinvestments": -28911000,
        "incometaxexpensebenefit": 1157000,
        "earningspersharebasicanddiluted": -0.38,
        "weightedaveragenumberofshareoutstandingbasicanddiluted": 79388000
    },
    {
        "date": "2014-07-30",
        "symbol": "PANW",
        "period": "Q4",
        "netincomeloss": -32058000,
        "othercomprehensiveincomeunrealizedholdinggainlossonsecuritiesarisingduringperiodnetoftax": -159000,
        "comprehensiveincomenetoftax": -32224000,
        "salesrevenuegoodsnet": 99707000,
        "salesrevenueservicesnet": -56276000,
        "salesrevenuenet": 178231000,
        "costofgoodssold": 26903000,
        "costofservices": 21704000,
        "costofgoodsandservicessold": 48607000,
        "grossprofit": 129624000,
        "researchanddevelopmentexpense": 32830000,
        "sellingandmarketingexpense": 106668000,
        "generalandadministrativeexpense": 15574000,
        "operatingexpenses": 155072000,
        "operatingincomeloss": -25448000,
        "nonoperatingincomeexpense": -4941000,
        "incomelossfromcontinuingoperationsbeforeincometaxesminorityinterestandincomelossfromequitymethodinvestments": -32891000,
        "incometaxexpensebenefit": -833000,
        "earningspersharebasicanddiluted": -0.38999999999999935,
        "weightedaveragenumberofshareoutstandingbasicanddiluted": 1164000
    },
    {
        "date": "2014-04-29",
        "symbol": "PANW",
        "period": "Q3",
        "netincomeloss": -146587000,
        "othercomprehensiveincomeunrealizedholdinggainlossonsecuritiesarisingduringperiodnetoftax": 18000,
        "comprehensiveincomenetoftax": -146569000,
        "salesrevenuegoodsnet": 84128000,
        "salesrevenueservicesnet": 66572000,
        "salesrevenuenet": 150700000,
        "costofgoodssold": 20425000,
        "costofservices": 19285000,
        "costofgoodsandservicessold": 39710000,
        "grossprofit": 110990000,
        "researchanddevelopmentexpense": 27837000,
        "sellingandmarketingexpense": 83995000,
        "generalandadministrativeexpense": 3717000,
        "operatingexpenses": 256722000,
        "operatingincomeloss": -145732000,
        "investmentincomeinterest": 272000,
        "nonoperatingincomeexpense": 145000,
        "incomelossfromcontinuingoperationsbeforeincometaxesminorityinterestandincomelossfromequitymethodinvestments": -145315000,
        "incometaxexpensebenefit": 1272000,
        "earningspersharebasicanddiluted": -2.0000000000000004,
        "weightedaveragenumberofshareoutstandingbasicanddiluted": -71408000
    },
    {
        "date": "2014-01-30",
        "symbol": "PANW",
        "period": "Q2",
        "netincomeloss": -39946000,
        "othercomprehensiveincomeunrealizedholdinggainlossonsecuritiesarisingduringperiodnetoftax": 48000,
        "othercomprehensiveincomelossreclassificationadjustmentforsaleofsecuritiesincludedinnetincomenetoftax": -10000,
        "othercomprehensiveincomelossavailableforsalesecuritiesadjustmentnetoftax": 38000,
        "comprehensiveincomenetoftax": -39908000,
        "salesrevenuegoodsnet": 80823000,
        "salesrevenueservicesnet": 60245000,
        "salesrevenuenet": 141068000,
        "costofgoodssold": 20221000,
        "costofservices": 17283000,
        "costofgoodsandservicessold": 37504000,
        "grossprofit": 103564000,
        "researchanddevelopmentexpense": 24253000,
        "sellingandmarketingexpense": 76734000,
        "generalandadministrativeexpense": 39733000,
        "operatingexpenses": 140720000,
        "operatingincomeloss": -37156000,
        "investmentincomeinterest": 187000,
        "nonoperatingincomeexpense": -371000,
        "incomelossfromcontinuingoperationsbeforeincometaxesminorityinterestandincomelossfromequitymethodinvestments": -37340000,
        "incometaxexpensebenefit": 2606000,
        "netincomelossavailabletocommonstockholdersbasic": -39946000,
        "earningspersharebasicanddiluted": -0.55,
        "weightedaveragenumberofshareoutstandingbasicanddiluted": 72854000
    },
    {
        "date": "2013-10-30",
        "symbol": "PANW",
        "period": "Q1",
        "netincomeloss": -7861000,
        "othercomprehensiveincomeunrealizedholdinggainlossonsecuritiesarisingduringperiodnetoftax": 21000,
        "comprehensiveincomenetoftax": -7840000,
        "salesrevenuegoodsnet": 75485000,
        "salesrevenueservicesnet": 52695000,
        "salesrevenuenet": 128180000,
        "costofgoodssold": 17954000,
        "costofservices": 15853000,
        "costofgoodsandservicessold": 33807000,
        "grossprofit": 94373000,
        "researchanddevelopmentexpense": 19893000,
        "sellingandmarketingexpense": 67366000,
        "generalandadministrativeexpense": 14125000,
        "operatingexpenses": 101384000,
        "operatingincomeloss": -7011000,
        "investmentincomeinterest": 160000,
        "nonoperatingincomeexpense": 237000,
        "incomelossfromcontinuingoperationsbeforeincometaxesminorityinterestandincomelossfromequitymethodinvestments": -6614000,
        "incometaxexpensebenefit": 1247000,
        "netincomelossavailabletocommonstockholdersbasic": -7861000,
        "earningspersharebasicanddiluted": -0.11,
        "weightedaveragenumberofshareoutstandingbasicanddiluted": 71681000
    },
    {
        "date": "2013-07-30",
        "symbol": "PANW",
        "period": "Q4",
        "netincomeloss": -15836000,
        "othercomprehensiveincomeunrealizedholdinggainlossonsecuritiesarisingduringperiodnetoftax": -39000,
        "comprehensiveincomenetoftax": -15875000,
        "salesrevenuegoodsnet": 65456000,
        "salesrevenueservicesnet": 46929000,
        "salesrevenuenet": 112385000,
        "costofgoodssold": 16505000,
        "costofservices": 13753000,
        "costofgoodsandservicessold": 30258000,
        "grossprofit": 82127000,
        "researchanddevelopmentexpense": 17627000,
        "sellingandmarketingexpense": 59635000,
        "generalandadministrativeexpense": 11748000,
        "operatingexpenses": 89010000,
        "operatingincomeloss": -6883000,
        "investmentincomeinterest": 137000,
        "nonoperatingincomeexpense": -132000,
        "incomelossfromcontinuingoperationsbeforeincometaxesminorityinterestandincomelossfromequitymethodinvestments": -6878000,
        "incometaxexpensebenefit": 8958000
    },
    {
        "date": "2013-04-29",
        "symbol": "PANW",
        "period": "Q3",
        "netincomeloss": -7282000,
        "othercomprehensiveincomeunrealizedholdinggainlossonsecuritiesarisingduringperiodnetoftax": 34000,
        "comprehensiveincomenetoftax": -7248000,
        "salesrevenuegoodsnet": 60793000,
        "salesrevenueservicesnet": 40496000,
        "salesrevenuenet": 101289000,
        "costofgoodssold": 15855000,
        "costofservices": 11835000,
        "costofgoodsandservicessold": 27690000,
        "grossprofit": 73599000,
        "researchanddevelopmentexpense": 16048000,
        "sellingandmarketingexpense": 51733000,
        "generalandadministrativeexpense": 12268000,
        "operatingexpenses": 80049000,
        "operatingincomeloss": -6450000,
        "investmentincomeinterest": 133000,
        "nonoperatingincomeexpense": -157000,
        "incomelossfromcontinuingoperationsbeforeincometaxesminorityinterestandincomelossfromequitymethodinvestments": -6474000,
        "incometaxexpensebenefit": 808000,
        "netincomelossavailabletocommonstockholdersbasic": -7282000,
        "netincomelossavailabletocommonstockholdersdiluted": -7282000,
        "earningspersharebasic": -0.1,
        "earningspersharediluted": -0.1,
        "weightedaveragenumberofsharesoutstandingbasic": 69575000,
        "weightedaveragenumberofdilutedsharesoutstanding": 69575000
    },
    {
        "date": "2013-01-30",
        "symbol": "PANW",
        "period": "Q2",
        "netincomeloss": -2613000,
        "othercomprehensiveincomeunrealizedholdinggainlossonsecuritiesarisingduringperiodnetoftax": 16000,
        "comprehensiveincomenetoftax": -2597000,
        "salesrevenuegoodsnet": 61944000,
        "salesrevenueservicesnet": 34555000,
        "salesrevenuenet": 96499000,
        "costofgoodssold": 16636000,
        "costofservices": 10982000,
        "costofgoodsandservicessold": 27618000,
        "grossprofit": 68881000,
        "researchanddevelopmentexpense": 15495000,
        "sellingandmarketingexpense": 45796000,
        "generalandadministrativeexpense": 9747000,
        "operatingexpenses": 71038000,
        "operatingincomeloss": -2157000,
        "investmentincomeinterest": 116000,
        "nonoperatingincomeexpense": -60000,
        "incomelossfromcontinuingoperationsbeforeincometaxesminorityinterestandincomelossfromequitymethodinvestments": -2101000,
        "incometaxexpensebenefit": 512000,
        "netincomelossavailabletocommonstockholdersbasicanddiluted": -2613000,
        "earningspersharebasicanddiluted": -0.04,
        "weightedaveragenumberofshareoutstandingbasicanddiluted": 67651000
    },
    {
        "date": "2012-10-30",
        "symbol": "PANW",
        "period": "Q1",
        "netincomeloss": -3515000,
        "othercomprehensiveincomeunrealizedholdinggainlossonsecuritiesarisingduringperiodnetoftax": -27000,
        "comprehensiveincomenetoftax": -3542000,
        "salesrevenuegoodsnet": 55514000,
        "salesrevenueservicesnet": 30420000,
        "salesrevenuenet": 85934000,
        "costofgoodssold": 14416000,
        "costofservices": 9774000,
        "costofgoodsandservicessold": 24190000,
        "grossprofit": 61744000,
        "researchanddevelopmentexpense": 13312000,
        "sellingandmarketingexpense": 42607000,
        "generalandadministrativeexpense": 8956000,
        "operatingexpenses": 64875000,
        "operatingincomeloss": -3131000,
        "investmentincomeinterest": 98000,
        "nonoperatingincomeexpense": -170000,
        "incomelossfromcontinuingoperationsbeforeincometaxesminorityinterestandincomelossfromequitymethodinvestments": -3203000,
        "incometaxexpensebenefit": 312000,
        "netincomelossavailabletocommonstockholdersbasicanddiluted": -3515000,
        "earningspersharebasicanddiluted": -0.05,
        "weightedaveragenumberofshareoutstandingbasicanddiluted": 66813000
    }
]