[
    {
        "date": "2024-09-29",
        "symbol": "UAL",
        "period": "Q3",
        "revenuefromcontractwithcustomerexcludingassessedtax": 700000000,
        "laborandrelatedexpense": 4323000000,
        "fuelcosts": 2993000000,
        "landingfeesandotherrentals": 866000000,
        "aircraftmaintenancematerialsandrepairs": 765000000,
        "depreciationdepletionandamortization": 742000000,
        "airlinecapacitypurchasearrangements": 651000000,
        "sellingexpense": 574000000,
        "aircraftrental": 65000000,
        "restructuringsettlementandimpairmentprovisions": -5000000,
        "othercostandexpenseoperating": 2304000000,
        "costsandexpenses": 13278000000,
        "operatingincomeloss": 1565000000,
        "interestexpensenonoperating": 379000000,
        "investmentincomeinterest": 187000000,
        "interestcostscapitalizedadjustment": 53000000,
        "unrealizedgainlossoninvestments": -90000000,
        "othernonoperatingincomeexpense": -50000000,
        "nonoperatingincomeexpense": -279000000,
        "incomelossfromcontinuingoperationsbeforeincometaxesextraordinaryitemsnoncontrollinginterest": 1286000000,
        "incometaxexpensebenefit": 321000000,
        "netincomeloss": 965000000,
        "earningspersharebasic": 2.93,
        "earningspersharediluted": 2.9,
        "othercomprehensiveincomelosspensionandotherpostretirementbenefitplansadjustmentnetoftax": 24000000,
        "othercomprehensiveincomeinvestmentsandothernetoftax": 12000000,
        "othercomprehensiveincomelossnetoftax": -12000000,
        "comprehensiveincomenetoftax": 953000000
    },
    {
        "date": "2024-06-29",
        "symbol": "UAL",
        "period": "Q2",
        "revenuefromcontractwithcustomerexcludingassessedtax": 700000000,
        "laborandrelatedexpense": 4098000000,
        "fuelcosts": 3133000000,
        "landingfeesandotherrentals": 866000000,
        "aircraftmaintenancematerialsandrepairs": 716000000,
        "depreciationdepletionandamortization": 719000000,
        "airlinecapacitypurchasearrangements": 612000000,
        "sellingexpense": 626000000,
        "aircraftrental": 40000000,
        "restructuringsettlementandimpairmentprovisions": 36000000,
        "othercostandexpenseoperating": 2210000000,
        "costsandexpenses": 13056000000,
        "operatingincomeloss": 1930000000,
        "interestcostsincurred": 427000000,
        "investmentincomeinterest": 190000000,
        "interestcostscapitalizedadjustment": 60000000,
        "unrealizedgainlossoninvestments": -33000000,
        "othernonoperatingincomeexpense": 20000000,
        "nonoperatingincomeexpense": -190000000,
        "incomelossfromcontinuingoperationsbeforeincometaxesextraordinaryitemsnoncontrollinginterest": 1740000000,
        "incometaxexpensebenefit": 416000000,
        "netincomeloss": 1324000000,
        "earningspersharebasic": 4.02,
        "earningspersharediluted": 3.96,
        "othercomprehensiveincomelosspensionandotherpostretirementbenefitplansadjustmentnetoftax": 17000000,
        "othercomprehensiveincomeinvestmentsandothernetoftax": 1000000,
        "othercomprehensiveincomelossnetoftax": -16000000,
        "comprehensiveincomenetoftax": 1308000000
    },
    {
        "date": "2024-03-30",
        "symbol": "UAL",
        "period": "Q1",
        "revenuefromcontractwithcustomerexcludingassessedtax": 714000000,
        "laborandrelatedexpense": 3932000000,
        "fuelcosts": 2954000000,
        "landingfeesandotherrentals": 804000000,
        "aircraftmaintenancematerialsandrepairs": 773000000,
        "depreciationdepletionandamortization": 708000000,
        "airlinecapacitypurchasearrangements": 585000000,
        "sellingexpense": 480000000,
        "aircraftrental": 43000000,
        "restructuringsettlementandimpairmentprovisions": 13000000,
        "othercostandexpenseoperating": 2148000000,
        "costsandexpenses": 12440000000,
        "operatingincomeloss": 99000000,
        "interestcostsincurred": 454000000,
        "investmentincomeinterest": 177000000,
        "interestcostscapitalizedadjustment": 61000000,
        "unrealizedgainlossoninvestments": -37000000,
        "othernonoperatingincomeexpense": -10000000,
        "nonoperatingincomeexpense": -263000000,
        "incomelossfromcontinuingoperationsbeforeincometaxesextraordinaryitemsnoncontrollinginterest": -164000000,
        "incometaxexpensebenefit": -40000000,
        "netincomeloss": -124000000,
        "earningspersharebasic": -0.38,
        "earningspersharediluted": -0.38,
        "othercomprehensiveincomelosspensionandotherpostretirementbenefitplansadjustmentnetoftax": 17000000,
        "othercomprehensiveincomeinvestmentsandothernetoftax": -2000000,
        "othercomprehensiveincomelossnetoftax": -19000000,
        "comprehensiveincomenetoftax": -143000000
    },
    {
        "date": "2023-12-30",
        "symbol": "UAL",
        "period": "Q4",
        "revenuefromcontractwithcustomerexcludingassessedtax": 654000000,
        "laborandrelatedexpense": 3841000000,
        "fuelcosts": 3315000000,
        "landingfeesandotherrentals": 793000000,
        "aircraftmaintenancematerialsandrepairs": 664000000,
        "depreciationdepletionandamortization": 684000000,
        "airlinecapacitypurchasearrangements": 594000000,
        "sellingexpense": 571000000,
        "aircraftrental": 46000000,
        "restructuringsettlementandimpairmentprovisions": 47000000,
        "othercostandexpenseoperating": 2071000000,
        "costsandexpenses": 12626000000,
        "operatingincomeloss": 1000000000,
        "interestcostsincurred": 484000000,
        "investmentincomeinterest": 207000000,
        "interestcostscapitalizedadjustment": 54000000,
        "unrealizedgainlossoninvestments": -27000000,
        "othernonoperatingincomeexpense": 22000000,
        "nonoperatingincomeexpense": -228000000,
        "incomelossfromcontinuingoperationsbeforeincometaxesextraordinaryitemsnoncontrollinginterest": 772000000,
        "incometaxexpensebenefit": 170000000,
        "netincomeloss": 601000000,
        "earningspersharebasic": 1.8199999999999998,
        "earningspersharediluted": 1.8199999999999994,
        "othercomprehensiveincomelosspensionandotherpostretirementbenefitplansadjustmentnetoftax": 172000000,
        "othercomprehensiveincomeinvestmentsandothernetoftax": 19000000,
        "othercomprehensiveincomelossnetoftax": -153000000,
        "comprehensiveincomenetoftax": 448000000
    },
    {
        "date": "2023-09-29",
        "symbol": "UAL",
        "period": "Q3",
        "revenuefromcontractwithcustomerexcludingassessedtax": 700000000,
        "laborandrelatedexpense": 3914000000,
        "fuelcosts": 3342000000,
        "landingfeesandotherrentals": 801000000,
        "aircraftmaintenancematerialsandrepairs": 684000000,
        "depreciationdepletionandamortization": 663000000,
        "airlinecapacitypurchasearrangements": 592000000,
        "sellingexpense": 516000000,
        "aircraftrental": 46000000,
        "restructuringsettlementandimpairmentprovisions": 29000000,
        "othercostandexpenseoperating": 2158000000,
        "costsandexpenses": 12745000000,
        "operatingincomeloss": 1739000000,
        "interestcostsincurred": 493000000,
        "investmentincomeinterest": 234000000,
        "interestcostscapitalizedadjustment": 48000000,
        "unrealizedgainlossoninvestments": -54000000,
        "othernonoperatingincomeexpense": 12000000,
        "nonoperatingincomeexpense": -253000000,
        "incomelossfromcontinuingoperationsbeforeincometaxesextraordinaryitemsnoncontrollinginterest": 1486000000,
        "incometaxexpensebenefit": 348000000,
        "netincomeloss": 1138000000,
        "earningspersharebasic": 3.47,
        "earningspersharediluted": 3.42,
        "othercomprehensiveincomelosspensionandotherpostretirementbenefitplansadjustmentnetoftax": 20000000,
        "othercomprehensiveincomeinvestmentsandothernetoftax": 8000000,
        "othercomprehensiveincomelossnetoftax": -12000000,
        "comprehensiveincomenetoftax": 1126000000
    },
    {
        "date": "2023-06-29",
        "symbol": "UAL",
        "period": "Q2",
        "revenuefromcontractwithcustomerexcludingassessedtax": 700000000,
        "laborandrelatedexpense": 3710000000,
        "fuelcosts": 2820000000,
        "landingfeesandotherrentals": 765000000,
        "aircraftmaintenancematerialsandrepairs": 686000000,
        "depreciationdepletionandamortization": 669000000,
        "airlinecapacitypurchasearrangements": 599000000,
        "sellingexpense": 487000000,
        "aircraftrental": 49000000,
        "restructuringsettlementandimpairmentprovisions": 859000000,
        "othercostandexpenseoperating": 2016000000,
        "costsandexpenses": 12660000000,
        "operatingincomeloss": 1518000000,
        "interestcostsincurred": 493000000,
        "investmentincomeinterest": 216000000,
        "interestcostscapitalizedadjustment": 42000000,
        "unrealizedgainlossoninvestments": 84000000,
        "othernonoperatingincomeexpense": 21000000,
        "nonoperatingincomeexpense": -130000000,
        "incomelossfromcontinuingoperationsbeforeincometaxesextraordinaryitemsnoncontrollinginterest": 1388000000,
        "incometaxexpensebenefit": 313000000,
        "netincomeloss": 1075000000,
        "earningspersharebasic": 3.28,
        "earningspersharediluted": 3.24,
        "othercomprehensiveincomelosspensionandotherpostretirementbenefitplansadjustmentnetoftax": 34000000,
        "othercomprehensiveincomeinvestmentsandothernetoftax": -24000000,
        "othercomprehensiveincomelossnetoftax": -58000000,
        "comprehensiveincomenetoftax": 1017000000
    },
    {
        "date": "2023-03-30",
        "symbol": "UAL",
        "period": "Q1",
        "revenuefromcontractwithcustomerexcludingassessedtax": 646000000,
        "laborandrelatedexpense": 3322000000,
        "fuelcosts": 3174000000,
        "landingfeesandotherrentals": 717000000,
        "aircraftmaintenancematerialsandrepairs": 702000000,
        "depreciationdepletionandamortization": 655000000,
        "airlinecapacitypurchasearrangements": 615000000,
        "sellingexpense": 403000000,
        "aircraftrental": 56000000,
        "restructuringsettlementandimpairmentprovisions": 14000000,
        "othercostandexpenseoperating": 1814000000,
        "costsandexpenses": 11472000000,
        "operatingincomeloss": -43000000,
        "interestcostsincurred": 486000000,
        "investmentincomeinterest": 170000000,
        "interestcostscapitalizedadjustment": 38000000,
        "unrealizedgainlossoninvestments": 24000000,
        "othernonoperatingincomeexpense": 41000000,
        "nonoperatingincomeexpense": -213000000,
        "incomelossfromcontinuingoperationsbeforeincometaxesextraordinaryitemsnoncontrollinginterest": -256000000,
        "incometaxexpensebenefit": -62000000,
        "netincomeloss": -194000000,
        "earningspersharebasic": -0.59,
        "earningspersharediluted": -0.59,
        "othercomprehensiveincomelosspensionandotherpostretirementbenefitplansadjustmentnetoftax": 35000000,
        "othercomprehensiveincomeinvestmentsandothernetoftax": 21000000,
        "othercomprehensiveincomelossnetoftax": -14000000,
        "comprehensiveincomenetoftax": -208000000
    },
    {
        "date": "2022-12-30",
        "symbol": "UAL",
        "period": "Q4",
        "revenuefromcontractwithcustomerexcludingassessedtax": 700000000,
        "fuelcosts": 3317000000,
        "laborandrelatedexpense": 3000000000,
        "landingfeesandotherrentals": 657000000,
        "depreciationdepletionandamortization": 624000000,
        "airlinecapacitypurchasearrangements": 571000000,
        "aircraftmaintenancematerialsandrepairs": 600000000,
        "sellingexpense": 434000000,
        "aircraftrental": 59000000,
        "restructuringsettlementandimpairmentprovisions": 16000000,
        "othercostandexpenseoperating": 1745000000,
        "costsandexpenses": 11023000000,
        "operatingincomeloss": 1377000000,
        "interestcostsincurred": 479000000,
        "investmentincomeinterest": 156000000,
        "interestcostscapitalizedadjustment": 32000000,
        "othernonoperatingincomeexpense": 12000000,
        "nonoperatingincomeexpense": -247000000,
        "incomelossfromcontinuingoperationsbeforeincometaxesextraordinaryitemsnoncontrollinginterest": 1130000000,
        "incometaxexpensebenefit": 286000000,
        "netincomeloss": 844000000,
        "earningspersharebasic": 2.59,
        "earningspersharediluted": 2.56,
        "othercomprehensiveincomelossnetoftax": 1139000000,
        "comprehensiveincomenetoftax": 1983000000
    },
    {
        "date": "2022-09-29",
        "symbol": "UAL",
        "period": "Q3",
        "revenuefromcontractwithcustomerexcludingassessedtax": 581000000,
        "fuelcosts": 3755000000,
        "laborandrelatedexpense": 2843000000,
        "landingfeesandotherrentals": 639000000,
        "aircraftmaintenancematerialsandrepairs": 619000000,
        "depreciationdepletionandamortization": 610000000,
        "airlinecapacitypurchasearrangements": 596000000,
        "sellingexpense": 482000000,
        "aircraftrental": 65000000,
        "restructuringsettlementandimpairmentprovisions": 20000000,
        "othercostandexpenseoperating": 1789000000,
        "costsandexpenses": 11418000000,
        "operatingincomeloss": 1459000000,
        "interestcostsincurred": 455000000,
        "interestcostscapitalizedadjustment": 27000000,
        "investmentincomeinterest": 104000000,
        "othernonoperatingincomeexpense": -9000000,
        "nonoperatingincomeexpense": -305000000,
        "incomelossfromcontinuingoperationsbeforeincometaxesextraordinaryitemsnoncontrollinginterest": 1154000000,
        "incometaxexpensebenefit": 212000000,
        "netincomeloss": 942000000,
        "earningspersharebasic": 2.9000000000000004,
        "earningspersharediluted": 2.91,
        "othercomprehensiveincomelosspensionandotherpostretirementbenefitplansadjustmentnetoftax": 0,
        "othercomprehensiveincomelossnetoftax": -20000000,
        "comprehensiveincomenetoftax": 922000000
    },
    {
        "date": "2022-06-29",
        "symbol": "UAL",
        "period": "Q2",
        "revenuefromcontractwithcustomerexcludingassessedtax": 600000000,
        "laborandrelatedexpense": 2836000000,
        "fuelcosts": 3811000000,
        "landingfeesandotherrentals": 668000000,
        "depreciationdepletionandamortization": 611000000,
        "airlinecapacitypurchasearrangements": 567000000,
        "aircraftmaintenancematerialsandrepairs": 527000000,
        "sellingexpense": 393000000,
        "aircraftrental": 67000000,
        "restructuringsettlementandimpairmentprovisions": 112000000,
        "othercostandexpenseoperating": 1642000000,
        "costsandexpenses": 11234000000,
        "operatingincomeloss": 878000000,
        "interestcostsincurred": 420000000,
        "interestcostscapitalizedadjustment": 22000000,
        "investmentincomeinterest": 33000000,
        "unrealizedgainlossoninvestments": -40000000,
        "othernonoperatingincomeexpense": -14000000,
        "nonoperatingincomeexpense": -419000000,
        "incomelossfromcontinuingoperationsbeforeincometaxesextraordinaryitemsnoncontrollinginterest": 459000000,
        "incometaxexpensebenefit": 129000000,
        "netincomeloss": 330000000,
        "earningspersharebasic": 1.01,
        "earningspersharediluted": 1,
        "othercomprehensiveincomelosspensionandotherpostretirementbenefitplansadjustmentnetoftax": -4000000,
        "othercomprehensiveincomeinvestmentsandothernetoftax": -11000000,
        "othercomprehensiveincomelossnetoftax": -7000000,
        "comprehensiveincomenetoftax": 323000000
    },
    {
        "date": "2022-03-30",
        "symbol": "UAL",
        "period": "Q1",
        "revenuefromcontractwithcustomerexcludingassessedtax": 519000000,
        "laborandrelatedexpense": 2787000000,
        "fuelcosts": 2230000000,
        "landingfeesandotherrentals": 612000000,
        "depreciationdepletionandamortization": 611000000,
        "airlinecapacitypurchasearrangements": 565000000,
        "aircraftmaintenancematerialsandrepairs": 407000000,
        "sellingexpense": 226000000,
        "aircraftrental": 61000000,
        "restructuringsettlementandimpairmentprovisions": -8000000,
        "othercostandexpenseoperating": 1450000000,
        "costsandexpenses": 8941000000,
        "operatingincomeloss": -1375000000,
        "interestcostsincurred": 424000000,
        "interestcostscapitalizedadjustment": 24000000,
        "investmentincomeinterest": 5000000,
        "othernonoperatingincomeexpense": 19000000,
        "nonoperatingincomeexpense": -376000000,
        "incomelossfromcontinuingoperationsbeforeincometaxesextraordinaryitemsnoncontrollinginterest": -1751000000,
        "incometaxexpensebenefit": -374000000,
        "netincomeloss": -1377000000,
        "earningspersharebasic": -4.24,
        "earningspersharediluted": -4.24,
        "othercomprehensiveincomelosspensionandotherpostretirementbenefitplansadjustmentnetoftax": -5000000,
        "othercomprehensiveincomelossnetoftax": 5000000,
        "comprehensiveincomenetoftax": -1372000000
    },
    {
        "date": "2021-12-30",
        "symbol": "UAL",
        "period": "Q4",
        "revenuefromcontractwithcustomerexcludingassessedtax": 505000000,
        "laborandrelatedexpense": 2579000000,
        "fuelcosts": 1962000000,
        "depreciationdepletionandamortization": 619000000,
        "landingfeesandotherrentals": 681000000,
        "airlinecapacitypurchasearrangements": 601000000,
        "aircraftmaintenancematerialsandrepairs": 399000000,
        "sellingexpense": 235000000,
        "aircraftrental": 63000000,
        "restructuringsettlementandimpairmentprovisions": 56000000,
        "othercostandexpenseoperating": 1404000000,
        "costsandexpenses": 8599000000,
        "operatingincomeloss": -407000000,
        "interestcostsincurred": 429000000,
        "interestcostscapitalizedadjustment": 23000000,
        "investmentincomeinterest": 6000000,
        "unrealizedgainlossoninvestments": -125000000,
        "othernonoperatingincomeexpense": 88000000,
        "nonoperatingincomeexpense": -437000000,
        "incomelossfromcontinuingoperationsbeforeincometaxesextraordinaryitemsnoncontrollinginterest": -844000000,
        "incometaxexpensebenefit": -199000000,
        "netincomeloss": -645000000,
        "othercomprehensiveincomelosspensionandotherpostretirementbenefitplansadjustmentnetoftax": -182000000,
        "othercomprehensiveincomelossnetoftax": 182000000,
        "comprehensiveincomenetoftax": -463000000
    },
    {
        "date": "2021-09-29",
        "symbol": "UAL",
        "period": "Q3",
        "revenuefromcontractwithcustomerexcludingassessedtax": 484000000,
        "laborandrelatedexpense": 2487000000,
        "fuelcosts": 1710000000,
        "depreciationdepletionandamortization": 623000000,
        "landingfeesandotherrentals": 652000000,
        "airlinecapacitypurchasearrangements": 520000000,
        "aircraftmaintenancematerialsandrepairs": 346000000,
        "sellingexpense": 218000000,
        "aircraftrental": 58000000,
        "restructuringsettlementandimpairmentprovisions": -1098000000,
        "othercostandexpenseoperating": 1197000000,
        "costsandexpenses": 6713000000,
        "operatingincomeloss": 1037000000,
        "interestcostsincurred": 449000000,
        "interestcostscapitalizedadjustment": 18000000,
        "investmentincomeinterest": 11000000,
        "unrealizedgainlossoninvestments": -34000000,
        "othernonoperatingincomeexpense": 21000000,
        "nonoperatingincomeexpense": -433000000,
        "incomelossfromcontinuingoperationsbeforeincometaxesextraordinaryitemsnoncontrollinginterest": 604000000,
        "incometaxexpensebenefit": 130000000,
        "netincomeloss": 474000000,
        "earningspersharebasic": 1.46,
        "earningspersharediluted": 1.44,
        "othercomprehensiveincomelosspensionandotherpostretirementbenefitplansadjustmentnetoftax": 9000000,
        "othercomprehensiveincomeinvestmentsandothernetoftax": -1000000,
        "othercomprehensiveincomelossnetoftax": -10000000,
        "comprehensiveincomenetoftax": 464000000
    },
    {
        "date": "2021-06-29",
        "symbol": "UAL",
        "period": "Q2",
        "revenuefromcontractwithcustomerexcludingassessedtax": 449000000,
        "laborandrelatedexpense": 2276000000,
        "fuelcosts": 1232000000,
        "depreciationdepletionandamortization": 620000000,
        "landingfeesandotherrentals": 564000000,
        "airlinecapacitypurchasearrangements": 547000000,
        "aircraftmaintenancematerialsandrepairs": 302000000,
        "sellingexpense": 139000000,
        "aircraftrental": 52000000,
        "restructuringsettlementandimpairmentprovisions": -948000000,
        "othercostandexpenseoperating": 956000000,
        "costsandexpenses": 5740000000,
        "operatingincomeloss": -269000000,
        "interestcostsincurred": 426000000,
        "interestcostscapitalizedadjustment": 22000000,
        "investmentincomeinterest": 12000000,
        "unrealizedgainlossoninvestments": 147000000,
        "othernonoperatingincomeexpense": -50000000,
        "nonoperatingincomeexpense": -295000000,
        "incomelossfromcontinuingoperationsbeforeincometaxesextraordinaryitemsnoncontrollinginterest": -564000000,
        "incometaxexpensebenefit": -130000000,
        "netincomeloss": -434000000,
        "othercomprehensiveincomelosspensionandotherpostretirementbenefitplansadjustmentnetoftax": -12000000,
        "othercomprehensiveincomeinvestmentsandothernetoftax": 0,
        "othercomprehensiveincomelossnetoftax": 12000000,
        "comprehensiveincomenetoftax": -422000000
    },
    {
        "date": "2021-03-30",
        "symbol": "UAL",
        "period": "Q1",
        "revenuefromcontractwithcustomerexcludingassessedtax": 362000000,
        "laborandrelatedexpense": 2224000000,
        "fuelcosts": 851000000,
        "depreciationdepletionandamortization": 623000000,
        "landingfeesandotherrentals": 519000000,
        "airlinecapacitypurchasearrangements": 479000000,
        "aircraftmaintenancematerialsandrepairs": 269000000,
        "sellingexpense": 85000000,
        "aircraftrental": 55000000,
        "restructuringsettlementandimpairmentprovisions": -1377000000,
        "othercostandexpenseoperating": 874000000,
        "costsandexpenses": 4602000000,
        "operatingincomeloss": -1381000000,
        "interestcostsincurred": 353000000,
        "interestcostscapitalizedadjustment": 17000000,
        "investmentincomeinterest": 7000000,
        "unrealizedgainlossoninvestments": -22000000,
        "othernonoperatingincomeexpense": -19000000,
        "nonoperatingincomeexpense": -370000000,
        "incomelossfromcontinuingoperationsbeforeincometaxesextraordinaryitemsnoncontrollinginterest": -1751000000,
        "incometaxexpensebenefit": -394000000,
        "netincomeloss": -1357000000,
        "earningspersharebasicanddiluted": -4.29,
        "othercomprehensiveincomelosspensionandotherpostretirementbenefitplansadjustmentnetoftax": -14000000,
        "othercomprehensiveincomeinvestmentsandothernetoftax": -1000000,
        "othercomprehensiveincomelossnetoftax": 13000000,
        "comprehensiveincomenetoftax": -1344000000
    },
    {
        "date": "2020-12-30",
        "symbol": "UAL",
        "period": "Q4",
        "revenuefromcontractwithcustomerexcludingassessedtax": 500000000,
        "laborandrelatedexpense": 2168000000,
        "fuelcosts": 679000000,
        "landingfeesandotherrentals": 575000000,
        "airlinecapacitypurchasearrangements": 489000000,
        "aircraftmaintenancematerialsandrepairs": 199000000,
        "sellingexpense": 80000000,
        "aircraftrental": 51000000,
        "restructuringsettlementandimpairmentprovisions": -149000000,
        "othercostandexpenseoperating": 825000000,
        "costsandexpenses": 5546000000,
        "operatingincomeloss": -2134000000,
        "interestcostsincurred": 351000000,
        "interestcostscapitalizedadjustment": 17000000,
        "investmentincomeinterest": 5000000,
        "unrealizedgainlossoninvestments": 101000000,
        "othernonoperatingincomeexpense": -10000000,
        "nonoperatingincomeexpense": -238000000,
        "incomelossfromcontinuingoperationsbeforeincometaxesextraordinaryitemsnoncontrollinginterest": -2372000000,
        "incometaxexpensebenefit": -476000000,
        "netincomeloss": -1900000000,
        "othercomprehensiveincomelosspensionandotherpostretirementbenefitplansadjustmentnetoftax": 490000000,
        "othercomprehensiveincomelossnetoftax": -130000000,
        "comprehensiveincomenetoftax": -2026000000
    },
    {
        "date": "2020-09-29",
        "symbol": "UAL",
        "period": "Q3",
        "revenuefromcontractwithcustomerexcludingassessedtax": 331000000,
        "laborandrelatedexpense": 2229000000,
        "fuelcosts": 508000000,
        "airlinecapacitypurchasearrangements": 425000000,
        "landingfeesandotherrentals": 500000000,
        "depreciationandamortization": 626000000,
        "aircraftmaintenancematerialsandrepairs": 115000000,
        "sellingexpense": 53000000,
        "aircraftrental": 50000000,
        "restructuringsettlementandimpairmentprovisions": -1028000000,
        "othercostandexpenseoperating": 679000000,
        "costsandexpenses": 4104000000,
        "operatingincomeloss": -1615000000,
        "interestcostsincurred": 345000000,
        "interestcostscapitalizedadjustment": 16000000,
        "investmentincomeinterest": 8000000,
        "unrealizedgainlossoninvestments": 15000000,
        "othernonoperatingincomeexpense": -411000000,
        "nonoperatingincomeexpense": -717000000,
        "incomelossfromcontinuingoperationsbeforeincometaxesextraordinaryitemsnoncontrollinginterest": -2332000000,
        "incometaxexpensebenefit": -491000000,
        "netincomeloss": -1874000000,
        "othercomprehensiveincomelosspensionandotherpostretirementbenefitplansadjustmentnetoftax": -611000000,
        "othercomprehensiveincomelossnetoftax": 250000000,
        "comprehensiveincomenetoftax": -1591000000
    },
    {
        "date": "2020-06-29",
        "symbol": "UAL",
        "period": "Q2",
        "netincomeloss": -1626000000,
        "othercomprehensiveincomelosspensionandotherpostretirementbenefitplansadjustmentnetoftax": 501000000,
        "othercomprehensiveincomeinvestmentsandothernetoftax": 13000000,
        "othercomprehensiveincomelossnetoftax": -488000000,
        "comprehensiveincomenetoftax": -2114000000,
        "revenuefromcontractwithcustomerexcludingassessedtax": 339000000,
        "laborandrelatedexpense": 2170000000,
        "fuelcosts": 240000000,
        "airlinecapacitypurchasearrangements": 388000000,
        "landingfeesandotherrentals": 429000000,
        "depreciationandamortization": 618000000,
        "aircraftmaintenancematerialsandrepairs": 110000000,
        "sellingexpense": 31000000,
        "aircraftrental": 47000000,
        "restructuringsettlementandimpairmentprovisions": -1449000000,
        "othercostandexpenseoperating": 527000000,
        "costsandexpenses": 3111000000,
        "operatingincomeloss": -1636000000,
        "interestcostsincurred": 196000000,
        "interestcostscapitalizedadjustment": 17000000,
        "investmentincomeinterest": 11000000,
        "unrealizedgainlossoninvestments": 9000000,
        "othernonoperatingincomeexpense": -208000000,
        "nonoperatingincomeexpense": -367000000,
        "incomelossfromcontinuingoperationsbeforeincometaxesextraordinaryitemsnoncontrollinginterest": -2003000000,
        "incometaxexpensebenefit": -377000000,
        "earningspersharebasic": -5.79,
        "earningspersharediluted": -5.79
    },
    {
        "date": "2020-03-30",
        "symbol": "UAL",
        "period": "Q1",
        "netincomeloss": -1700000000,
        "othercomprehensiveincomelosspensionandotherpostretirementbenefitplansadjustmentnetoftax": 41000000,
        "othercomprehensiveincomeinvestmentsandothernetoftax": -12000000,
        "othercomprehensiveincomelossnetoftax": -53000000,
        "comprehensiveincomenetoftax": -1757000000,
        "revenuefromcontractwithcustomerexcludingassessedtax": 530000000,
        "laborandrelatedexpense": 2955000000,
        "fuelcosts": 1726000000,
        "airlinecapacitypurchasearrangements": 737000000,
        "landingfeesandotherrentals": 623000000,
        "depreciationandamortization": 615000000,
        "aircraftmaintenancematerialsandrepairs": 434000000,
        "sellingexpense": 295000000,
        "aircraftrental": 50000000,
        "restructuringsettlementandimpairmentprovisions": 10000000,
        "othercostandexpenseoperating": 1453000000,
        "costsandexpenses": 8951000000,
        "operatingincomeloss": -972000000,
        "interestcostsincurred": 171000000,
        "interestcostscapitalizedadjustment": 21000000,
        "investmentincomeinterest": 26000000,
        "unrealizedgainlossoninvestments": -319000000,
        "othernonoperatingincomeexpense": -698000000,
        "nonoperatingincomeexpense": -1141000000,
        "incomelossfromcontinuingoperationsbeforeincometaxesextraordinaryitemsnoncontrollinginterest": -2113000000,
        "incometaxexpensebenefit": -409000000,
        "earningspersharebasicanddiluted": -6.86
    },
    {
        "date": "2019-12-30",
        "symbol": "UAL",
        "period": "Q4",
        "netincomeloss": 643000000,
        "othercomprehensiveincomelosspensionandotherpostretirementbenefitplansadjustmentnetoftax": 214000000,
        "othercomprehensiveincomeinvestmentsandothernetoftax": 0,
        "othercomprehensiveincomelossnetoftax": -214000000,
        "comprehensiveincomenetoftax": 429000000,
        "revenuefromcontractwithcustomerexcludingassessedtax": 726000000,
        "laborandrelatedexpense": 3078000000,
        "fuelcosts": 2249000000,
        "airlinecapacitypurchasearrangements": 725000000,
        "landingfeesandotherrentals": 650000000,
        "depreciationandamortization": 606000000,
        "aircraftmaintenancematerialsandrepairs": 475000000,
        "sellingexpense": 417000000,
        "aircraftrental": 67000000,
        "restructuringsettlementandimpairmentprovisions": 130000000,
        "othercostandexpenseoperating": 1629000000,
        "costsandexpenses": 10026000000,
        "operatingincomeloss": 862000000,
        "interestcostscapitalizedadjustment": 20000000,
        "investmentincomeinterest": 30000000,
        "othernonoperatingincomeexpense": -59000000,
        "nonoperatingincomeexpense": -17000000,
        "incomelossfromcontinuingoperationsbeforeincometaxesextraordinaryitemsnoncontrollinginterest": 845000000,
        "incometaxexpensebenefit": 202000000
    },
    {
        "date": "2019-09-29",
        "symbol": "UAL",
        "period": "Q3",
        "netincomeloss": 1024000000,
        "othercomprehensiveincomelosspensionandotherpostretirementbenefitplansadjustmentnetoftax": -304000000,
        "othercomprehensiveincomeinvestmentsandothernetoftax": -1000000,
        "othercomprehensiveincomelossnetoftax": 303000000,
        "comprehensiveincomenetoftax": 1327000000,
        "revenuefromcontractwithcustomerexcludingassessedtax": 489000000,
        "laborandrelatedexpense": 3063000000,
        "fuelcosts": 2296000000,
        "airlinecapacitypurchasearrangements": 721000000,
        "landingfeesandotherrentals": 645000000,
        "depreciationandamortization": 575000000,
        "aircraftmaintenancematerialsandrepairs": 490000000,
        "sellingexpense": 432000000,
        "aircraftrental": 67000000,
        "restructuringsettlementandimpairmentprovisions": 27000000,
        "othercostandexpenseoperating": 1590000000,
        "costsandexpenses": 9906000000,
        "operatingincomeloss": 1474000000,
        "interestexpense": 191000000,
        "interestcostscapitalizedadjustment": 22000000,
        "investmentincomeinterest": 36000000,
        "othernonoperatingincomeexpense": 9000000,
        "nonoperatingincomeexpense": -124000000,
        "incomelossfromcontinuingoperationsbeforeincometaxesextraordinaryitemsnoncontrollinginterest": 1350000000,
        "incometaxexpensebenefit": 326000000,
        "earningspersharebasic": 4.01,
        "earningspersharediluted": 3.99
    },
    {
        "date": "2019-06-29",
        "symbol": "UAL",
        "period": "Q2",
        "netincomeloss": 1052000000,
        "othercomprehensiveincomelosspensionandotherpostretirementbenefitplansadjustmentnetoftax": 17000000,
        "othercomprehensiveincomeinvestmentsandothernetoftax": 3000000,
        "othercomprehensiveincomelossnetoftax": -14000000,
        "comprehensiveincomenetoftax": 1038000000,
        "revenuefromcontractwithcustomerexcludingassessedtax": 499000000,
        "laborandrelatedexpense": 3057000000,
        "fuelcosts": 2385000000,
        "airlinecapacitypurchasearrangements": 715000000,
        "landingfeesandotherrentals": 660000000,
        "depreciationandamortization": 560000000,
        "aircraftmaintenancematerialsandrepairs": 421000000,
        "sellingexpense": 442000000,
        "aircraftrental": 73000000,
        "restructuringsettlementandimpairmentprovisions": 71000000,
        "othercostandexpenseoperating": 1546000000,
        "costsandexpenses": 9930000000,
        "operatingincomeloss": 1472000000,
        "interestexpense": 191000000,
        "interestcostscapitalizedadjustment": 21000000,
        "investmentincomeinterest": 38000000,
        "othernonoperatingincomeexpense": 14000000,
        "nonoperatingincomeexpense": -118000000,
        "incomelossfromcontinuingoperationsbeforeincometaxesextraordinaryitemsnoncontrollinginterest": 1354000000,
        "incometaxexpensebenefit": 302000000,
        "earningspersharebasic": 4.03,
        "earningspersharediluted": 4.02
    },
    {
        "date": "2019-03-30",
        "symbol": "UAL",
        "period": "Q1",
        "netincomeloss": 292000000,
        "othercomprehensiveincomelosspensionandotherpostretirementbenefitplansadjustmentnetoftax": -7000000,
        "othercomprehensiveincomeinvestmentsandothernetoftax": 3000000,
        "othercomprehensiveincomelossnetoftax": 10000000,
        "comprehensiveincomenetoftax": 302000000,
        "revenuefromcontractwithcustomerexcludingassessedtax": 286000000,
        "laborandrelatedexpense": 2873000000,
        "fuelcosts": 2023000000,
        "airlinecapacitypurchasearrangements": 688000000,
        "landingfeesandotherrentals": 588000000,
        "depreciationandamortization": 547000000,
        "aircraftmaintenancematerialsandrepairs": 408000000,
        "sellingexpense": 360000000,
        "aircraftrental": 81000000,
        "restructuringsettlementandimpairmentprovisions": 18000000,
        "othercostandexpenseoperating": 1508000000,
        "costsandexpenses": 9094000000,
        "operatingincomeloss": 495000000,
        "interestexpense": 188000000,
        "interestcostscapitalizedadjustment": 22000000,
        "investmentincomeinterest": 29000000,
        "othernonoperatingincomeexpense": 9000000,
        "nonoperatingincomeexpense": -128000000,
        "incomelossfromcontinuingoperationsbeforeincometaxesextraordinaryitemsnoncontrollinginterest": 367000000,
        "incometaxexpensebenefit": 75000000,
        "earningspersharebasicanddiluted": 1.09
    },
    {
        "date": "2018-12-30",
        "symbol": "UAL",
        "period": "Q4",
        "netincomeloss": 462000000,
        "othercomprehensiveincomelosspensionandotherpostretirementbenefitplansadjustmentnetoftax": -288000000,
        "othercomprehensiveincomelossnetoftax": 280000000,
        "comprehensiveincomenetoftax": 742000000,
        "laborandrelatedexpense": 2924000000,
        "fuelcosts": 2380000000,
        "airlinecapacitypurchasearrangements": 638000000,
        "landingfeesandotherrentals": 602000000,
        "depreciationandamortization": 578000000,
        "aircraftmaintenancematerialsandrepairs": 434000000,
        "sellingexpense": 396000000,
        "aircraftrental": 78000000,
        "restructuringsettlementandimpairmentprovisions": 301000000,
        "othercostandexpenseoperating": 1508000000,
        "costsandexpenses": 9839000000,
        "operatingincomeloss": 652000000,
        "interestexpense": 189000000,
        "interestcostscapitalizedadjustment": 19000000,
        "investmentincomeinterest": 31000000,
        "othernonoperatingincomeexpense": 43000000,
        "nonoperatingincomeexpense": -96000000,
        "incomelossfromcontinuingoperationsbeforeincometaxesextraordinaryitemsnoncontrollinginterest": 556000000,
        "incometaxexpensebenefit": 94000000
    },
    {
        "date": "2018-09-29",
        "symbol": "UAL",
        "period": "Q3",
        "netincomeloss": 836000000,
        "othercomprehensiveincomelosspensionandotherpostretirementbenefitplansadjustmentnetoftax": -12000000,
        "othercomprehensiveincomeinvestmentsandothernetoftax": 1000000,
        "othercomprehensiveincomelossnetoftax": 13000000,
        "comprehensiveincomenetoftax": 849000000,
        "revenuefromcontractwithcustomerexcludingassessedtax": 11003000000,
        "laborandrelatedexpense": 2930000000,
        "fuelcosts": 2572000000,
        "airlinecapacitypurchasearrangements": 663000000,
        "landingfeesandotherrentals": 596000000,
        "depreciationandamortization": 564000000,
        "aircraftmaintenancematerialsandrepairs": 455000000,
        "sellingexpense": 427000000,
        "aircraftrental": 109000000,
        "restructuringsettlementandimpairmentprovisions": 17000000,
        "othercostandexpenseoperating": 1467000000,
        "costsandexpenses": 9800000000,
        "operatingincomeloss": 1203000000,
        "interestexpense": 187000000,
        "interestcostscapitalizedadjustment": 18000000,
        "investmentincomeinterest": 28000000,
        "othernonoperatingincomeexpense": -1000000,
        "nonoperatingincomeexpense": -142000000,
        "incomelossfromcontinuingoperationsbeforeincometaxesextraordinaryitemsnoncontrollinginterest": 1061000000,
        "incometaxexpensebenefit": 225000000,
        "earningspersharebasic": 3.07,
        "earningspersharediluted": 3.06
    },
    {
        "date": "2018-06-29",
        "symbol": "UAL",
        "period": "Q2",
        "netincomeloss": 684000000,
        "othercomprehensiveincomelosspensionandotherpostretirementbenefitplansadjustmentnetoftax": -12000000,
        "othercomprehensiveincomeinvestmentsandothernetoftax": 0,
        "othercomprehensiveincomelossnetoftax": 12000000,
        "comprehensiveincomenetoftax": 696000000,
        "passengerrevenue": 9881000000,
        "cargoandfreightrevenue": 314000000,
        "othersalesrevenuenet": 582000000,
        "revenues": 10777000000,
        "laborandrelatedexpense": 2878000000,
        "fuelcosts": 2390000000,
        "airlinecapacitypurchasearrangements": 681000000,
        "landingfeesandotherrentals": 603000000,
        "depreciationandamortization": 557000000,
        "aircraftmaintenancematerialsandrepairs": 438000000,
        "sellingexpense": 393000000,
        "aircraftrental": 119000000,
        "restructuringsettlementandimpairmentprovisions": 129000000,
        "othercostandexpenseoperating": 1428000000,
        "costsandexpenses": 9616000000,
        "operatingincomeloss": 1161000000,
        "interestexpense": 177000000,
        "interestcostscapitalizedadjustment": 14000000,
        "investmentincomeinterest": 25000000,
        "othernonoperatingincomeexpense": -166000000,
        "nonoperatingincomeexpense": -304000000,
        "incomelossfromcontinuingoperationsbeforeincometaxesextraordinaryitemsnoncontrollinginterest": 857000000,
        "incometaxexpensebenefit": 173000000
    },
    {
        "date": "2018-03-30",
        "symbol": "UAL",
        "period": "Q1",
        "passengerrevenue": 8149000000,
        "cargoandfreightrevenue": 293000000,
        "othersalesrevenuenet": 590000000,
        "revenues": 9032000000,
        "laborandrelatedexpense": 2726000000,
        "fuelcosts": 1965000000,
        "airlinecapacitypurchasearrangements": 619000000,
        "landingfeesandotherrentals": 558000000,
        "depreciationandamortization": 541000000,
        "aircraftmaintenancematerialsandrepairs": 440000000,
        "sellingexpense": 342000000,
        "aircraftrental": 127000000,
        "restructuringsettlementandimpairmentprovisions": 40000000,
        "othercostandexpenseoperating": 1398000000,
        "costsandexpenses": 8756000000,
        "operatingincomeloss": 276000000,
        "interestexpense": 176000000,
        "interestcostscapitalizedadjustment": 19000000,
        "investmentincomeinterest": 17000000,
        "othernonoperatingincomeexpense": 48000000,
        "nonoperatingincomeexpense": -92000000,
        "incomelossfromcontinuingoperationsbeforeincometaxesextraordinaryitemsnoncontrollinginterest": 184000000,
        "incometaxexpensebenefit": 37000000,
        "netincomeloss": 147000000,
        "earningspersharebasicanddiluted": 0.52,
        "othercomprehensiveincomelosspensionandotherpostretirementbenefitplansadjustmentnetoftax": -30000000,
        "othercomprehensiveincomeinvestmentsandothernetoftax": 3000000,
        "othercomprehensiveincomelossnetoftax": 33000000,
        "comprehensiveincomenetoftax": 180000000
    },
    {
        "date": "2017-12-30",
        "symbol": "UAL",
        "period": "Q4",
        "passengerrevenuemainline": 6582000000,
        "passengerrevenueregional": 1498000000,
        "passengerrevenue": 8080000000,
        "cargoandfreightrevenue": 304000000,
        "othersalesrevenuenet": 1054000000,
        "revenues": 9438000000,
        "laborandrelatedexpense": 2704000000,
        "fuelcosts": 1875000000,
        "landingfeesandotherrentals": 570000000,
        "airlinecapacitypurchasearrangements": 580000000,
        "depreciationandamortization": 539000000,
        "aircraftmaintenancematerialsandrepairs": 479000000,
        "sellingexpense": 328000000,
        "aircraftrental": 145000000,
        "restructuringsettlementandimpairmentprovisions": 31000000,
        "othercostandexpenseoperating": 1458000000,
        "costsandexpenses": 8709000000,
        "operatingincomeloss": 729000000,
        "interestexpense": 171000000,
        "interestcostscapitalizedadjustment": 20000000,
        "investmentincomeinterest": 16000000,
        "othernonoperatingincomeexpense": 6000000,
        "nonoperatingincomeexpense": -129000000,
        "incomelossfromcontinuingoperationsbeforeincometaxesextraordinaryitemsnoncontrollinginterest": 600000000,
        "incometaxexpensebenefit": 20000000,
        "netincomeloss": 580000000,
        "earningspersharebasic": 1.9800000000000004,
        "earningspersharediluted": 1.98,
        "othercomprehensiveincomelosspensionandotherpostretirementbenefitplansadjustmentnetoftax": 194000000,
        "othercomprehensiveincomelossnetoftax": -205000000,
        "comprehensiveincomenetoftax": 375000000
    },
    {
        "date": "2017-09-29",
        "symbol": "UAL",
        "period": "Q3",
        "passengerrevenuemainline": 7083000000,
        "passengerrevenueregional": 1445000000,
        "passengerrevenue": 8528000000,
        "cargoandfreightrevenue": 257000000,
        "othersalesrevenuenet": 1093000000,
        "revenues": 9878000000,
        "laborandrelatedexpense": 2812000000,
        "fuelcosts": 1809000000,
        "landingfeesandotherrentals": 585000000,
        "airlinecapacitypurchasearrangements": 567000000,
        "depreciationandamortization": 556000000,
        "aircraftmaintenancematerialsandrepairs": 451000000,
        "sellingexpense": 352000000,
        "aircraftrental": 145000000,
        "restructuringsettlementandimpairmentprovisions": 50000000,
        "othercostandexpenseoperating": 1459000000,
        "costsandexpenses": 8786000000,
        "operatingincomeloss": 1092000000,
        "interestexpense": 164000000,
        "interestcostscapitalizedadjustment": 20000000,
        "investmentincomeinterest": 17000000,
        "othernonoperatingincomeexpense": 15000000,
        "nonoperatingincomeexpense": -112000000,
        "incomelossfromcontinuingoperationsbeforeincometaxesextraordinaryitemsnoncontrollinginterest": 980000000,
        "incometaxexpensebenefit": 343000000,
        "netincomeloss": 637000000,
        "earningspersharebasic": 2.1099999999999994,
        "earningspersharediluted": 2.1,
        "othercomprehensiveincomelosspensionandotherpostretirementbenefitplansadjustmentnetoftax": -3000000,
        "othercomprehensiveincomelossnetoftax": 20000000,
        "comprehensiveincomenetoftax": 657000000
    },
    {
        "date": "2017-06-29",
        "symbol": "UAL",
        "period": "Q2",
        "passengerrevenuemainline": 7056000000,
        "passengerrevenueregional": 1566000000,
        "passengerrevenue": 8622000000,
        "cargoandfreightrevenue": 254000000,
        "othersalesrevenuenet": 1124000000,
        "revenues": 10000000000,
        "laborandrelatedexpense": 2868000000,
        "fuelcosts": 1669000000,
        "airlinecapacitypurchasearrangements": 549000000,
        "landingfeesandotherrentals": 541000000,
        "depreciationandamortization": 536000000,
        "aircraftmaintenancematerialsandrepairs": 472000000,
        "sellingexpense": 362000000,
        "aircraftrental": 152000000,
        "restructuringsettlementandimpairmentprovisions": 44000000,
        "othercostandexpenseoperating": 1408000000,
        "costsandexpenses": 8601000000,
        "operatingincomeloss": 1399000000,
        "interestexpense": 158000000,
        "interestcostscapitalizedadjustment": 21000000,
        "investmentincomeinterest": 13000000,
        "othernonoperatingincomeexpense": -1000000,
        "nonoperatingincomeexpense": -125000000,
        "incomelossfromcontinuingoperationsbeforeincometaxesextraordinaryitemsnoncontrollinginterest": 1274000000,
        "incometaxexpensebenefit": 456000000,
        "netincomeloss": 818000000,
        "earningspersharebasic": 2.64,
        "earningspersharediluted": 2.63,
        "othercomprehensiveincomelossderivativesqualifyingashedgesnetoftax": 0,
        "othercomprehensiveincomelosspensionandotherpostretirementbenefitplansadjustmentnetoftax": -4000000,
        "othercomprehensiveincomelossnetoftax": -8000000,
        "comprehensiveincomenetoftax": 810000000
    },
    {
        "date": "2017-03-30",
        "symbol": "UAL",
        "period": "Q1",
        "passengerrevenuemainline": 5831000000,
        "passengerrevenueregional": 1343000000,
        "passengerrevenue": 7174000000,
        "cargoandfreightrevenue": 220000000,
        "othersalesrevenuenet": 1026000000,
        "revenues": 8420000000,
        "laborandrelatedexpense": 2661000000,
        "fuelcosts": 1560000000,
        "landingfeesandotherrentals": 544000000,
        "airlinecapacitypurchasearrangements": 536000000,
        "depreciationandamortization": 518000000,
        "aircraftmaintenancematerialsandrepairs": 454000000,
        "sellingexpense": 307000000,
        "aircraftrental": 179000000,
        "restructuringsettlementandimpairmentprovisions": 51000000,
        "othercostandexpenseoperating": 1332000000,
        "costsandexpenses": 8142000000,
        "operatingincomeloss": 278000000,
        "interestexpense": 150000000,
        "interestcostscapitalizedadjustment": 23000000,
        "investmentincomeinterest": 11000000,
        "othernonoperatingincomeexpense": -17000000,
        "nonoperatingincomeexpense": -133000000,
        "incomelossfromcontinuingoperationsbeforeincometaxesextraordinaryitemsnoncontrollinginterest": 145000000,
        "incometaxexpensebenefit": 49000000,
        "netincomeloss": 96000000,
        "earningspersharebasic": 0.31,
        "earningspersharediluted": 0.31,
        "othercomprehensiveincomelossderivativesqualifyingashedgesnetoftax": 1000000,
        "othercomprehensiveincomelosspensionandotherpostretirementbenefitplansadjustmentnetoftax": 8000000,
        "othercomprehensiveincomelossnetoftax": -7000000,
        "comprehensiveincomenetoftax": 89000000
    },
    {
        "date": "2016-12-30",
        "symbol": "UAL",
        "period": "Q4",
        "passengerrevenuemainline": 6295000000,
        "passengerrevenueregional": 1466000000,
        "passengerrevenue": 7761000000,
        "cargoandfreightrevenue": 250000000,
        "othersalesrevenuenet": 1041000000,
        "revenues": 9052000000,
        "laborandrelatedexpense": 2568000000,
        "fuelcosts": 1555000000,
        "airlinecapacitypurchasearrangements": 552000000,
        "landingfeesandotherrentals": 553000000,
        "depreciationandamortization": 504000000,
        "aircraftmaintenancematerialsandrepairs": 448000000,
        "sellingexpense": 316000000,
        "aircraftrental": 159000000,
        "restructuringsettlementandimpairmentprovisions": -31000000,
        "othercostandexpenseoperating": 1423000000,
        "costsandexpenses": 8047000000,
        "operatingincomeloss": 1005000000,
        "interestexpense": 148000000,
        "interestcostscapitalizedadjustment": 24000000,
        "investmentincomeinterest": 11000000,
        "othernonoperatingincomeexpense": -8000000,
        "nonoperatingincomeexpense": -121000000,
        "incomelossfromcontinuingoperationsbeforeincometaxesextraordinaryitemsnoncontrollinginterest": 884000000,
        "incometaxexpensebenefit": 487000000,
        "netincomeloss": 397000000,
        "earningspersharebasic": 1.1800000000000006,
        "earningspersharediluted": 1.1799999999999997,
        "othercomprehensiveincomelosspensionandotherpostretirementbenefitplansadjustmentnetoftax": 224000000,
        "othercomprehensiveincomelossderivativesqualifyingashedgesnetoftax": 193000000,
        "othercomprehensiveincomelossnetoftax": -31000000,
        "comprehensiveincomenetoftax": 366000000
    },
    {
        "date": "2016-09-29",
        "symbol": "UAL",
        "period": "Q3",
        "passengerrevenuemainline": 7017000000,
        "passengerrevenueregional": 1586000000,
        "passengerrevenue": 8603000000,
        "cargoandfreightrevenue": 224000000,
        "othersalesrevenuenet": 1086000000,
        "revenues": 9913000000,
        "laborandrelatedexpense": 2625000000,
        "fuelcosts": 1603000000,
        "airlinecapacitypurchasearrangements": 572000000,
        "landingfeesandotherrentals": 546000000,
        "depreciationandamortization": 503000000,
        "aircraftmaintenancematerialsandrepairs": 451000000,
        "sellingexpense": 345000000,
        "aircraftrental": 168000000,
        "restructuringsettlementandimpairmentprovisions": 45000000,
        "othercostandexpenseoperating": 1431000000,
        "costsandexpenses": 8289000000,
        "operatingincomeloss": 1624000000,
        "interestexpense": 150000000,
        "interestcostscapitalizedadjustment": 20000000,
        "investmentincomeinterest": 14000000,
        "othernonoperatingincomeexpense": 2000000,
        "nonoperatingincomeexpense": -114000000,
        "incomelossfromcontinuingoperationsbeforeincometaxesextraordinaryitemsnoncontrollinginterest": 1510000000,
        "incometaxexpensebenefit": 545000000,
        "netincomeloss": 965000000,
        "earningspersharebasic": 3.02,
        "earningspersharediluted": 3.01,
        "othercomprehensiveincomelossderivativesqualifyingashedgesnetoftax": 12000000,
        "othercomprehensiveincomelosspensionandotherpostretirementbenefitplansadjustmentnetoftax": 75000000,
        "othercomprehensiveincomeinvestmentsandothernetoftax": -1000000,
        "othercomprehensiveincomelossnetoftax": -64000000,
        "comprehensiveincomenetoftax": 901000000
    },
    {
        "date": "2016-06-29",
        "symbol": "UAL",
        "period": "Q2",
        "passengerrevenuemainline": 6525000000,
        "passengerrevenueregional": 1578000000,
        "passengerrevenue": 8103000000,
        "cargoandfreightrevenue": 208000000,
        "othersalesrevenuenet": 1085000000,
        "revenues": 9396000000,
        "laborandrelatedexpense": 2592000000,
        "fuelcosts": 1437000000,
        "airlinecapacitypurchasearrangements": 551000000,
        "landingfeesandotherrentals": 541000000,
        "depreciationandamortization": 491000000,
        "aircraftmaintenancematerialsandrepairs": 448000000,
        "sellingexpense": 339000000,
        "aircraftrental": 175000000,
        "restructuringsettlementandimpairmentprovisions": 434000000,
        "othercostandexpenseoperating": 1328000000,
        "costsandexpenses": 8336000000,
        "operatingincomeloss": 1060000000,
        "interestexpense": 157000000,
        "interestcostscapitalizedadjustment": 14000000,
        "investmentincomeinterest": 9000000,
        "othernonoperatingincomeexpense": 5000000,
        "nonoperatingincomeexpense": -129000000,
        "incomelossfromcontinuingoperationsbeforeincometaxesextraordinaryitemsnoncontrollinginterest": 931000000,
        "incometaxexpensebenefit": 343000000,
        "netincomeloss": 588000000,
        "earningspersharebasic": 1.78,
        "earningspersharediluted": 1.78,
        "othercomprehensiveincomelossderivativesqualifyingashedgesnetoftax": 33000000,
        "othercomprehensiveincomelosspensionandotherpostretirementbenefitplansadjustmentnetoftax": -10000000,
        "othercomprehensiveincomelossnetoftax": 43000000,
        "comprehensiveincomenetoftax": 631000000
    },
    {
        "date": "2016-03-30",
        "symbol": "UAL",
        "period": "Q1",
        "passengerrevenuemainline": 5577000000,
        "passengerrevenueregional": 1413000000,
        "passengerrevenue": 6990000000,
        "cargoandfreightrevenue": 194000000,
        "othersalesrevenuenet": 1011000000,
        "revenues": 8195000000,
        "laborandrelatedexpense": 2490000000,
        "fuelcosts": 1218000000,
        "landingfeesandotherrentals": 525000000,
        "airlinecapacitypurchasearrangements": 522000000,
        "depreciationandamortization": 479000000,
        "aircraftmaintenancematerialsandrepairs": 402000000,
        "sellingexpense": 303000000,
        "aircraftrental": 178000000,
        "restructuringsettlementandimpairmentprovisions": 190000000,
        "othercostandexpenseoperating": 1239000000,
        "costsandexpenses": 7546000000,
        "operatingincomeloss": 649000000,
        "interestexpense": 159000000,
        "interestcostscapitalizedadjustment": 14000000,
        "investmentincomeinterest": 8000000,
        "othernonoperatingincomeexpense": -18000000,
        "nonoperatingincomeexpense": -155000000,
        "incomelossfromcontinuingoperationsbeforeincometaxesextraordinaryitemsnoncontrollinginterest": 494000000,
        "incometaxexpensebenefit": 181000000,
        "netincomeloss": 313000000,
        "earningspersharebasic": 0.88,
        "earningspersharediluted": 0.88,
        "othercomprehensiveincomelossderivativesqualifyingashedgesnetoftax": 78000000,
        "othercomprehensiveincomelosspensionandotherpostretirementbenefitplansadjustmentnetoftax": 24000000,
        "othercomprehensiveincomelossnetoftax": 54000000,
        "comprehensiveincomenetoftax": 367000000
    },
    {
        "date": "2015-12-30",
        "symbol": "UAL",
        "period": "Q4",
        "passengerrevenuemainline": 6180000000,
        "passengerrevenueregional": 1549000000,
        "passengerrevenue": 7729000000,
        "cargoandfreightrevenue": 231000000,
        "othersalesrevenuenet": 1076000000,
        "revenues": 9036000000,
        "laborandrelatedexpense": 2424000000,
        "fuelcosts": 1618000000,
        "airlinecapacitypurchasearrangements": 565000000,
        "landingfeesandotherrentals": 556000000,
        "depreciationandamortization": 476000000,
        "aircraftmaintenancematerialsandrepairs": 399000000,
        "sellingexpense": 316000000,
        "aircraftrental": 174000000,
        "restructuringsettlementandimpairmentprovisions": 131000000,
        "othercostandexpenseoperating": 1296000000,
        "costsandexpenses": 7955000000,
        "operatingincomeloss": 1081000000,
        "interestexpense": 165000000,
        "interestcostscapitalizedadjustment": 11000000,
        "investmentincomeinterest": 9000000,
        "othernonoperatingincomeexpense": -31000000,
        "nonoperatingincomeexpense": -176000000,
        "incomelossfromcontinuingoperationsbeforeincometaxesextraordinaryitemsnoncontrollinginterest": 905000000,
        "incometaxexpensebenefit": 82000000,
        "netincomeloss": 823000000,
        "earningspersharebasic": 2.2199999999999993,
        "earningspersharediluted": 2.1899999999999986,
        "othercomprehensiveincomelosspensionandotherpostretirementbenefitplansadjustmentnetoftax": -52000000,
        "othercomprehensiveincomelossderivativesqualifyingashedgesnetoftax": 53000000,
        "othercomprehensiveincomeinvestmentsandothernetoftax": -2000000,
        "othercomprehensiveincomelossnetoftax": 103000000,
        "comprehensiveincomenetoftax": 926000000
    },
    {
        "date": "2015-09-29",
        "symbol": "UAL",
        "period": "Q3",
        "passengerrevenuemainline": 7254000000,
        "passengerrevenueregional": 1706000000,
        "passengerrevenue": 8960000000,
        "cargoandfreightrevenue": 235000000,
        "othersalesrevenuenet": 1111000000,
        "revenues": 10306000000,
        "laborandrelatedexpense": 2534000000,
        "fuelcosts": 1934000000,
        "airlinecapacitypurchasearrangements": 572000000,
        "landingfeesandotherrentals": 551000000,
        "depreciationandamortization": 469000000,
        "aircraftmaintenancematerialsandrepairs": 424000000,
        "sellingexpense": 366000000,
        "aircraftrental": 185000000,
        "restructuringsettlementandimpairmentprovisions": 76000000,
        "othercostandexpenseoperating": 1296000000,
        "costsandexpenses": 8407000000,
        "operatingincomeloss": 1899000000,
        "interestexpense": 164000000,
        "interestcostscapitalizedadjustment": 13000000,
        "investmentincomeinterest": 5000000,
        "othernonoperatingincomeexpense": -147000000,
        "nonoperatingincomeexpense": -293000000,
        "incomelossfromcontinuingoperationsbeforeincometaxesextraordinaryitemsnoncontrollinginterest": 1606000000,
        "incometaxexpensebenefit": -3210000000,
        "netincomeloss": 4816000000,
        "earningspersharebasic": 12.83,
        "earningspersharediluted": 12.82,
        "othercomprehensiveincomelossderivativesqualifyingashedgesnetoftax": -104000000,
        "othercomprehensiveincomelosspensionandotherpostretirementbenefitplansadjustmentnetoftax": 12000000,
        "othercomprehensiveincomeinvestmentsandothernetoftax": -6000000,
        "othercomprehensiveincomelossnetoftax": -122000000,
        "comprehensiveincomenetoftax": 4694000000
    },
    {
        "date": "2015-06-29",
        "symbol": "UAL",
        "period": "Q2",
        "passengerrevenuemainline": 6961000000,
        "passengerrevenueregional": 1715000000,
        "passengerrevenue": 8676000000,
        "cargoandfreightrevenue": 229000000,
        "othersalesrevenuenet": 1009000000,
        "revenues": 9914000000,
        "laborandrelatedexpense": 2454000000,
        "fuelcosts": 2106000000,
        "airlinecapacitypurchasearrangements": 583000000,
        "landingfeesandotherrentals": 553000000,
        "depreciationandamortization": 445000000,
        "aircraftmaintenancematerialsandrepairs": 431000000,
        "sellingexpense": 348000000,
        "aircraftrental": 194000000,
        "restructuringsettlementandimpairmentprovisions": 55000000,
        "othercostandexpenseoperating": 1300000000,
        "costsandexpenses": 8469000000,
        "operatingincomeloss": 1445000000,
        "interestexpense": 167000000,
        "interestcostscapitalizedadjustment": 13000000,
        "investmentincomeinterest": 6000000,
        "othernonoperatingincomeexpense": -100000000,
        "nonoperatingincomeexpense": -248000000,
        "incomelossfromcontinuingoperationsbeforeincometaxesextraordinaryitemsnoncontrollinginterest": 1197000000,
        "incometaxexpensebenefit": 4000000,
        "netincomeloss": 1193000000,
        "earningspersharebasic": 3.14,
        "earningspersharediluted": 3.14,
        "othercomprehensiveincomelossderivativesqualifyingashedgesnetoftax": 147000000,
        "othercomprehensiveincomelosspensionandotherpostretirementbenefitplansadjustmentnetoftax": -28000000,
        "othercomprehensiveincomeinvestmentsandothernetoftax": -10000000,
        "othercomprehensiveincomelossnetoftax": 165000000,
        "comprehensiveincomenetoftax": 1358000000
    },
    {
        "date": "2015-03-30",
        "symbol": "UAL",
        "period": "Q1",
        "passengerrevenuemainline": 5938000000,
        "passengerrevenueregional": 1482000000,
        "passengerrevenue": 7420000000,
        "cargoandfreightrevenue": 242000000,
        "othersalesrevenuenet": 946000000,
        "revenues": 8608000000,
        "laborandrelatedexpense": 2301000000,
        "fuelcosts": 1864000000,
        "airlinecapacitypurchasearrangements": 570000000,
        "landingfeesandotherrentals": 543000000,
        "depreciationandamortization": 429000000,
        "aircraftmaintenancematerialsandrepairs": 397000000,
        "sellingexpense": 312000000,
        "aircraftrental": 201000000,
        "restructuringsettlementandimpairmentprovisions": 64000000,
        "othercostandexpenseoperating": 1186000000,
        "costsandexpenses": 7867000000,
        "operatingincomeloss": 741000000,
        "interestexpense": 173000000,
        "interestcostscapitalizedadjustment": 12000000,
        "investmentincomeinterest": 5000000,
        "othernonoperatingincomeexpense": -74000000,
        "nonoperatingincomeexpense": -230000000,
        "incomelossfromcontinuingoperationsbeforeincometaxesextraordinaryitemsnoncontrollinginterest": 511000000,
        "incometaxexpensebenefit": 3000000,
        "netincomeloss": 508000000,
        "earningspersharebasic": 1.33,
        "earningspersharediluted": 1.32,
        "othercomprehensiveincomelossderivativesqualifyingashedgesnetoftax": 86000000,
        "othercomprehensiveincomelosspensionandotherpostretirementbenefitplansadjustmentnetoftax": -2000000,
        "othercomprehensiveincomeinvestmentsandothernetoftax": 14000000,
        "othercomprehensiveincomelossnetoftax": 102000000,
        "comprehensiveincomenetoftax": 610000000
    },
    {
        "date": "2014-12-30",
        "symbol": "UAL",
        "period": "Q4",
        "passengerrevenuemainline": 6375000000,
        "passengerrevenueregional": 1708000000,
        "passengerrevenue": 8083000000,
        "cargoandfreightrevenue": 260000000,
        "othersalesrevenuenet": 970000000,
        "revenues": 9313000000,
        "fuelcosts": 2530000000,
        "laborandrelatedexpense": 2251000000,
        "airlinecapacitypurchasearrangements": 597000000,
        "landingfeesandotherrentals": 568000000,
        "aircraftmaintenancematerialsandrepairs": 415000000,
        "depreciationandamortization": 431000000,
        "sellingexpense": 334000000,
        "aircraftrental": 215000000,
        "othercostandexpenseoperating": 1168000000,
        "costsandexpenses": 8688000000,
        "operatingincomeloss": 625000000,
        "interestexpense": 176000000,
        "interestcostscapitalizedadjustment": 12000000,
        "investmentincomeinterest": 5000000,
        "othernonoperatingincomeexpense": -443000000,
        "nonoperatingincomeexpense": -602000000,
        "incomelossfromcontinuingoperationsbeforeincometaxesextraordinaryitemsnoncontrollinginterest": 23000000,
        "incometaxexpensebenefit": -5000000,
        "netincomeloss": 28000000,
        "earningspersharebasic": 0.10999999999999965,
        "earningspersharediluted": 0.2100000000000002,
        "othercomprehensiveincomelossnetoftax": -1467000000,
        "comprehensiveincomenetoftax": -1439000000
    },
    {
        "date": "2014-09-29",
        "symbol": "UAL",
        "period": "Q3",
        "passengerrevenuemainline": 7414000000,
        "passengerrevenueregional": 1900000000,
        "passengerrevenue": 9314000000,
        "cargoandfreightrevenue": 237000000,
        "othersalesrevenuenet": 1012000000,
        "revenues": 10563000000,
        "fuelcosts": 3127000000,
        "laborandrelatedexpense": 2344000000,
        "airlinecapacitypurchasearrangements": 597000000,
        "landingfeesandotherrentals": 567000000,
        "aircraftmaintenancematerialsandrepairs": 435000000,
        "depreciationandamortization": 422000000,
        "sellingexpense": 375000000,
        "aircraftrental": 222000000,
        "restructuringandother": 43000000,
        "othercostandexpenseoperating": 1240000000,
        "costsandexpenses": 9372000000,
        "operatingincomeloss": 1191000000,
        "interestexpense": 186000000,
        "interestcostscapitalizedadjustment": 13000000,
        "investmentincomeinterest": 8000000,
        "othernonoperatingincomeexpense": -106000000,
        "nonoperatingincomeexpense": -271000000,
        "incomelossfromcontinuingoperationsbeforeincometaxesextraordinaryitemsnoncontrollinginterest": 920000000,
        "incometaxexpensebenefit": -4000000,
        "netincomeloss": 924000000,
        "earningspersharebasic": 2.49,
        "earningspersharediluted": 2.37,
        "othercomprehensiveincomelossderivativesqualifyingashedgesnetoftax": -120000000,
        "othercomprehensiveincomelosspensionandotherpostretirementbenefitplansadjustmentnetoftax": 82000000,
        "othercomprehensiveincomeinvestmentsandothernetoftax": 1000000,
        "othercomprehensiveincomelossnetoftax": -201000000,
        "comprehensiveincomenetoftax": 723000000
    },
    {
        "date": "2014-06-29",
        "symbol": "UAL",
        "period": "Q2",
        "passengerrevenuemainline": 7148000000,
        "passengerrevenueregional": 1833000000,
        "passengerrevenue": 8981000000,
        "cargoandfreightrevenue": 232000000,
        "othersalesrevenuenet": 1116000000,
        "revenues": 10329000000,
        "fuelcosts": 3101000000,
        "laborandrelatedexpense": 2187000000,
        "airlinecapacitypurchasearrangements": 591000000,
        "landingfeesandotherrentals": 567000000,
        "aircraftmaintenancematerialsandrepairs": 471000000,
        "depreciationandamortization": 417000000,
        "sellingexpense": 346000000,
        "aircraftrental": 222000000,
        "restructuringandother": 169000000,
        "othercostandexpenseoperating": 1352000000,
        "costsandexpenses": 9423000000,
        "operatingincomeloss": 906000000,
        "interestexpense": 186000000,
        "interestcostscapitalizedadjustment": 13000000,
        "investmentincomeinterest": 4000000,
        "othernonoperatingincomeexpense": 54000000,
        "nonoperatingincomeexpense": -115000000,
        "incomelossfromcontinuingoperationsbeforeincometaxesextraordinaryitemsnoncontrollinginterest": 791000000,
        "incometaxexpensebenefit": 2000000,
        "netincomeloss": 789000000,
        "earningspersharebasic": 2.11,
        "earningspersharediluted": 2.01,
        "othercomprehensiveincomelossderivativesqualifyingashedgesbeforetax": 32000000,
        "othercomprehensiveincomelosspensionandotherpostretirementbenefitplansadjustmentbeforetax": 18000000,
        "othercomprehensiveincomeinvestmentsandotherbeforetax": -5000000,
        "othercomprehensiveincomelossnetoftax": 9000000,
        "comprehensiveincomenetoftax": 798000000
    },
    {
        "date": "2014-03-30",
        "symbol": "UAL",
        "period": "Q1",
        "passengerrevenuemainline": 5848000000,
        "passengerrevenueregional": 1536000000,
        "passengerrevenue": 7384000000,
        "cargoandfreightrevenue": 209000000,
        "othersalesrevenuenet": 1103000000,
        "revenues": 8696000000,
        "fuelcosts": 2917000000,
        "laborandrelatedexpense": 2153000000,
        "airlinecapacitypurchasearrangements": 559000000,
        "landingfeesandotherrentals": 572000000,
        "aircraftmaintenancematerialsandrepairs": 458000000,
        "depreciationandamortization": 409000000,
        "sellingexpense": 318000000,
        "aircraftrental": 224000000,
        "restructuringandother": 52000000,
        "othercostandexpenseoperating": 1383000000,
        "costsandexpenses": 9045000000,
        "operatingincomeloss": -349000000,
        "interestexpense": 187000000,
        "interestcostscapitalizedadjustment": 14000000,
        "investmentincomeinterest": 5000000,
        "othernonoperatingincomeexpense": -89000000,
        "nonoperatingincomeexpense": -257000000,
        "incomelossfromcontinuingoperationsbeforeincometaxesextraordinaryitemsnoncontrollinginterest": -606000000,
        "incometaxexpensebenefit": 3000000,
        "netincomeloss": -609000000,
        "earningspersharebasic": -1.66,
        "earningspersharediluted": -1.66,
        "othercomprehensiveincomelossderivativesqualifyingashedgesbeforetax": -7000000,
        "othercomprehensiveincomelosspensionandotherpostretirementbenefitplansadjustmentbeforetax": 21000000,
        "othercomprehensiveincomeinvestmentsandotherbeforetax": 1000000,
        "othercomprehensiveincomelossnetoftax": -28000000,
        "comprehensiveincomenetoftax": -637000000
    },
    {
        "date": "2013-12-30",
        "symbol": "UAL",
        "period": "Q4",
        "passengerrevenuemainline": 6205000000,
        "passengerrevenueregional": 1772000000,
        "passengerrevenue": 7977000000,
        "cargoandfreightrevenue": 220000000,
        "othersalesrevenuenet": 1132000000,
        "revenues": 9329000000,
        "fuelcosts": 2965000000,
        "laborandrelatedexpense": 2114000000,
        "airlinecapacitypurchasearrangements": 582000000,
        "landingfeesandotherrentals": 546000000,
        "aircraftmaintenancematerialsandrepairs": 431000000,
        "depreciationandamortization": 421000000,
        "sellingexpense": 338000000,
        "aircraftrental": 230000000,
        "restructuringandother": 165000000,
        "othercostandexpenseoperating": 1302000000,
        "costsandexpenses": 9094000000,
        "operatingincomeloss": 235000000,
        "interestexpense": 193000000,
        "interestcostscapitalizedadjustment": 14000000,
        "investmentincomeinterest": 5000000,
        "othernonoperatingincomeexpense": 51000000,
        "nonoperatingincomeexpense": -123000000,
        "incomelossfromcontinuingoperationsbeforeincometaxesminorityinterestandincomelossfromequitymethodinvestments": 112000000,
        "incometaxexpensebenefit": -28000000,
        "netincomeloss": 140000000,
        "comprehensiveincomenetoftax": 1241000000
    },
    {
        "date": "2013-09-29",
        "symbol": "UAL",
        "period": "Q3",
        "passengerrevenuemainline": 7025000000,
        "passengerrevenueregional": 1893000000,
        "passengerrevenue": 8918000000,
        "cargoandfreightrevenue": 199000000,
        "othersalesrevenuenet": 1111000000,
        "revenues": 10228000000,
        "fuelcosts": 3262000000,
        "laborandrelatedexpense": 2209000000,
        "airlinecapacitypurchasearrangements": 621000000,
        "landingfeesandotherrentals": 540000000,
        "aircraftmaintenancematerialsandrepairs": 472000000,
        "depreciationandamortization": 435000000,
        "sellingexpense": 377000000,
        "aircraftrental": 231000000,
        "restructuringandother": 211000000,
        "othercostandexpenseoperating": 1362000000,
        "costsandexpenses": 9720000000,
        "operatingincomeloss": 508000000,
        "interestexpense": 195000000,
        "interestcostscapitalizedadjustment": 12000000,
        "investmentincomeinterest": 5000000,
        "othernonoperatingincomeexpense": 52000000,
        "nonoperatingincomeexpense": -126000000,
        "incomelossfromcontinuingoperationsbeforeincometaxesminorityinterestandincomelossfromequitymethodinvestments": 382000000,
        "incometaxexpensebenefit": 3000000,
        "netincomeloss": 379000000,
        "othercomprehensiveincomeotherbeforetax": -5000000,
        "othercomprehensiveincomelossbeforetax": 76000000,
        "comprehensiveincomenetoftax": 455000000
    },
    {
        "date": "2013-06-29",
        "symbol": "UAL",
        "period": "Q2",
        "passengerrevenuemainline": 6829000000,
        "passengerrevenueregional": 1839000000,
        "passengerrevenue": 8668000000,
        "cargoandfreightrevenue": 236000000,
        "othersalesrevenuenet": 1097000000,
        "revenues": 10001000000,
        "fuelcosts": 3068000000,
        "laborandrelatedexpense": 2175000000,
        "airlinecapacitypurchasearrangements": 628000000,
        "landingfeesandotherrentals": 507000000,
        "aircraftmaintenancematerialsandrepairs": 480000000,
        "depreciationandamortization": 425000000,
        "sellingexpense": 347000000,
        "aircraftrental": 235000000,
        "restructuringandother": 52000000,
        "othercostandexpenseoperating": 1314000000,
        "costsandexpenses": 9231000000,
        "operatingincomeloss": 770000000,
        "interestexpense": 194000000,
        "interestcostscapitalizedadjustment": 12000000,
        "investmentincomeinterest": 6000000,
        "othernonoperatingincomeexpense": -123000000,
        "nonoperatingincomeexpense": -299000000,
        "incomelossfromcontinuingoperationsbeforeincometaxesminorityinterestandincomelossfromequitymethodinvestments": 471000000,
        "incometaxexpensebenefit": 2000000,
        "netincomeloss": 469000000,
        "othercomprehensiveincomeotherbeforetax": 9000000,
        "othercomprehensiveincomeother": 0,
        "othercomprehensiveincomelossbeforetax": 458000000,
        "comprehensiveincomenetoftax": 927000000
    },
    {
        "date": "2013-03-30",
        "symbol": "UAL",
        "period": "Q1",
        "passengerrevenuemainline": 5938000000,
        "passengerrevenueregional": 1621000000,
        "passengerrevenue": 7559000000,
        "cargoandfreightrevenue": 227000000,
        "othersalesrevenuenet": 935000000,
        "revenues": 8721000000,
        "fuelcosts": 3050000000,
        "laborandrelatedexpense": 2127000000,
        "airlinecapacitypurchasearrangements": 588000000,
        "landingfeesandotherrentals": 497000000,
        "aircraftmaintenancematerialsandrepairs": 438000000,
        "depreciationandamortization": 408000000,
        "sellingexpense": 328000000,
        "aircraftrental": 240000000,
        "restructuringandother": 92000000,
        "othercostandexpenseoperating": 1217000000,
        "costsandexpenses": 8985000000,
        "operatingincomeloss": -264000000,
        "interestexpense": 201000000,
        "interestcostscapitalizedadjustment": 11000000,
        "investmentincomeinterest": 5000000,
        "othernonoperatingincomeexpense": 23000000,
        "nonoperatingincomeexpense": -162000000,
        "incomelossfromcontinuingoperationsbeforeincometaxesminorityinterestandincomelossfromequitymethodinvestments": -426000000,
        "incometaxexpensebenefit": -9000000,
        "netincomeloss": -417000000,
        "earningspersharebasicanddiluted": -1.26,
        "definedbenefitplanamortizationofnetgainslosses": -21000000,
        "othercomprehensiveincomeotherbeforetax": -2000000,
        "othercomprehensiveincomeother": 6000000,
        "othercomprehensiveincomelossbeforetax": 19000000,
        "comprehensiveincomenetoftax": -398000000
    },
    {
        "date": "2012-12-30",
        "symbol": "UAL",
        "period": "Q4",
        "passengerrevenuemainline": 5913000000,
        "passengerrevenueregional": 1620000000,
        "passengerrevenue": 7533000000,
        "cargoandfreightrevenue": 243000000,
        "othersalesrevenuenet": 926000000,
        "revenues": 8702000000,
        "fuelcosts": 3095000000,
        "laborandrelatedexpense": 1986000000,
        "airlinecapacitypurchasearrangements": 583000000,
        "landingfeesandotherrentals": 453000000,
        "aircraftmaintenancematerialsandrepairs": 452000000,
        "depreciationandamortization": 385000000,
        "sellingexpense": 314000000,
        "aircraftrental": 246000000,
        "restructuringandother": 439000000,
        "othercostandexpenseoperating": 1214000000,
        "costsandexpenses": 9167000000,
        "operatingincomeloss": -465000000,
        "interestexpense": 204000000,
        "investmentincomeinterest": 7000000,
        "othernonoperatingincomeexpense": 19000000,
        "nonoperatingincomeexpense": -167000000,
        "incomelossfromcontinuingoperationsbeforeincometaxesminorityinterestandincomelossfromequitymethodinvestments": -632000000,
        "incometaxexpensebenefit": -12000000,
        "netincomeloss": -620000000,
        "comprehensiveincomenetoftax": -1347000000
    },
    {
        "date": "2012-09-29",
        "symbol": "UAL",
        "period": "Q3",
        "passengerrevenuemainline": 6993000000,
        "passengerrevenueregional": 1781000000,
        "passengerrevenue": 8774000000,
        "cargoandfreightrevenue": 246000000,
        "othersalesrevenuenet": 889000000,
        "revenues": 9909000000,
        "fuelcosts": 3406000000,
        "laborandrelatedexpense": 2038000000,
        "airlinecapacitypurchasearrangements": 628000000,
        "landingfeesandotherrentals": 504000000,
        "aircraftmaintenancematerialsandrepairs": 469000000,
        "depreciationandamortization": 379000000,
        "sellingexpense": 356000000,
        "aircraftrental": 245000000,
        "restructuringandother": 514000000,
        "othercostandexpenseoperating": 1170000000,
        "costsandexpenses": 9709000000,
        "operatingincomeloss": 200000000,
        "interestexpense": 202000000,
        "interestcostscapitalizedadjustment": 9000000,
        "investmentincomeinterest": 4000000,
        "othernonoperatingincomeexpense": 4000000,
        "nonoperatingincomeexpense": -185000000,
        "incomelossfromcontinuingoperationsbeforeincometaxesminorityinterestandincomelossfromequitymethodinvestments": 15000000,
        "incometaxexpensebenefit": 9000000,
        "netincomeloss": 6000000,
        "earningspersharebasic": 0.02,
        "earningspersharediluted": 0.02,
        "derivativeinstrumentsgainlossreclassifiedfromaccumulatedociintoincomeeffectiveportionnet": 38000000,
        "changeinunrealizedgainlossonfairvaluehedginginstruments": -133000000,
        "definedbenefitplanamortizationofnetgainslosses": -4000000,
        "othercomprehensiveincomelossbeforetax": 5000000,
        "othercomprehensiveincomelossbeforetaxportionattributabletoparent": 180000000,
        "othercomprehensiveincomelossbeforetaxportionattributabletosubsidiary": 80000000,
        "comprehensiveincomenetoftax": 186000000
    },
    {
        "date": "2012-06-29",
        "symbol": "UAL",
        "period": "Q2",
        "passengerrevenuemainline": 6944000000,
        "passengerrevenueregional": 1824000000,
        "passengerrevenue": 8768000000,
        "cargoandfreightrevenue": 265000000,
        "othersalesrevenuenet": 906000000,
        "revenues": 9939000000,
        "fuelcosts": 3408000000,
        "laborandrelatedexpense": 2024000000,
        "airlinecapacitypurchasearrangements": 643000000,
        "landingfeesandotherrentals": 503000000,
        "aircraftmaintenancematerialsandrepairs": 432000000,
        "depreciationandamortization": 378000000,
        "sellingexpense": 345000000,
        "aircraftrental": 251000000,
        "restructuringandother": 206000000,
        "othercostandexpenseoperating": 1174000000,
        "costsandexpenses": 9364000000,
        "operatingincomeloss": 575000000,
        "interestexpense": 213000000,
        "interestcostscapitalizedadjustment": 9000000,
        "investmentincomeinterest": 7000000,
        "othernonoperatingincomeexpense": -38000000,
        "nonoperatingincomeexpense": -235000000,
        "incomelossfromcontinuingoperationsbeforeincometaxesminorityinterestandincomelossfromequitymethodinvestments": 340000000,
        "incometaxexpensebenefit": 1000000,
        "netincomeloss": 339000000,
        "earningspersharebasic": 1.02,
        "earningspersharediluted": 0.89,
        "derivativeinstrumentsgainlossreclassifiedfromaccumulatedociintoincomeeffectiveportionnet": 38000000,
        "changeinunrealizedgainlossonfairvaluehedginginstruments": 262000000,
        "definedbenefitplanamortizationofnetgainslosses": -5000000,
        "othercomprehensiveincomelossbeforetax": -1000000,
        "othercomprehensiveincomelossbeforetaxportionattributabletoparent": -219000000,
        "othercomprehensiveincomelossbeforetaxportionattributabletosubsidiary": -88000000,
        "comprehensiveincomenetoftax": 120000000
    },
    {
        "date": "2012-03-30",
        "symbol": "UAL",
        "period": "Q1",
        "passengerrevenuemainline": 5954000000,
        "passengerrevenueregional": 1554000000,
        "passengerrevenue": 7508000000,
        "cargoandfreightrevenue": 264000000,
        "othersalesrevenuenet": 830000000,
        "revenues": 8602000000,
        "fuelcosts": 3229000000,
        "laborandrelatedexpense": 1897000000,
        "airlinecapacitypurchasearrangements": 616000000,
        "landingfeesandotherrentals": 469000000,
        "aircraftmaintenancematerialsandrepairs": 407000000,
        "depreciationandamortization": 380000000,
        "sellingexpense": 337000000,
        "aircraftrental": 251000000,
        "restructuringandother": 164000000,
        "othercostandexpenseoperating": 1123000000,
        "costsandexpenses": 8873000000,
        "operatingincomeloss": -271000000,
        "interestexpense": 216000000,
        "interestcostscapitalized": -8000000,
        "investmentincomeinterest": 5000000,
        "othernonoperatingincomeexpense": 27000000,
        "nonoperatingincomeexpense": -176000000,
        "incomelossfromcontinuingoperationsbeforeincometaxesminorityinterestandincomelossfromequitymethodinvestments": -447000000,
        "incometaxexpensebenefit": 1000000,
        "netincomeloss": -448000000,
        "losspersharebasicanddiluted": -1.36,
        "derivativeinstrumentsgainreclassifiedfromaccumulatedociintoincomeeffectiveportion": 31000000,
        "changeinunrealizedgainlossonfairvaluehedginginstruments": -93000000,
        "definedbenefitplanamortizationofnetgainslosses": -4000000,
        "othercomprehensiveincomelossbeforetaxperiodincreasedecrease": 9000000,
        "othercomprehensiveincomelossbeforetaxportionattributabletoparent": 137000000,
        "comprehensiveincomenetoftax": -311000000
    },
    {
        "date": "2011-12-30",
        "symbol": "UAL",
        "period": "Q4",
        "passengerrevenuemainline": 6083000000,
        "passengerrevenueregional": 1591000000,
        "passengerrevenue": 7674000000,
        "cargoandfreightrevenue": 285000000,
        "othersalesrevenuenet": 969000000,
        "revenues": 8928000000,
        "fuelcosts": 3105000000,
        "laborandrelatedexpense": 1910000000,
        "airlinecapacitypurchasearrangements": 596000000,
        "landingfeesandotherrentals": 477000000,
        "aircraftmaintenancematerialsandrepairs": 414000000,
        "depreciationandamortization": 390000000,
        "sellingexpense": 333000000,
        "aircraftrental": 249000000,
        "restructuringandother": 249000000,
        "othercostandexpenseoperating": 1160000000,
        "costsandexpenses": 8883000000,
        "operatingincomeloss": 45000000,
        "interestexpense": 218000000,
        "interestcostscapitalized": -8000000,
        "investmentincomeinterest": 5000000,
        "othernonoperatingincomeexpense": 14000000,
        "nonoperatingincomeexpense": -191000000,
        "incomelossfromcontinuingoperationsbeforeincometaxesminorityinterestandincomelossfromequitymethodinvestments": -146000000,
        "incometaxexpensebenefit": -8000000,
        "netincomeloss": -138000000
    },
    {
        "date": "2011-09-29",
        "symbol": "UAL",
        "period": "Q3",
        "passengerrevenuemainline": 7265000000,
        "passengerrevenueregional": 1779000000,
        "passengerrevenue": 9044000000,
        "cargoandfreightrevenue": 283000000,
        "othersalesrevenuenet": 844000000,
        "revenues": 10171000000,
        "fuelcosts": 3371000000,
        "laborandrelatedexpense": 2020000000,
        "airlinecapacitypurchasearrangements": 619000000,
        "landingfeesandotherrentals": 476000000,
        "aircraftmaintenancematerialsandrepairs": 447000000,
        "depreciationandamortization": 384000000,
        "sellingexpense": 377000000,
        "aircraftrental": 255000000,
        "restructuringandother": 120000000,
        "othercostandexpenseoperating": 1167000000,
        "costsandexpenses": 9236000000,
        "operatingincomeloss": 935000000,
        "interestexpense": 227000000,
        "investmentincomeinterest": 6000000,
        "interestcostscapitalized": -10000000,
        "othernonoperatingincomeexpense": -64000000,
        "nonoperatingincomeexpense": -275000000,
        "incomelossfromcontinuingoperationsbeforeincometaxesminorityinterestandincomelossfromequitymethodinvestments": 660000000,
        "incometaxexpensebenefit": 7000000,
        "netincomeloss": 653000000
    },
    {
        "date": "2011-06-29",
        "symbol": "UAL",
        "period": "Q2",
        "passengerrevenuemainline": 6864000000,
        "passengerrevenueregional": 1742000000,
        "passengerrevenue": 8606000000,
        "cargoandfreightrevenue": 316000000,
        "revenuerecognitionnewaccountingpronouncement": 107000000,
        "othersalesrevenuenet": 780000000,
        "revenues": 9809000000,
        "fuelcosts": 3227000000,
        "laborandrelatedexpense": 1916000000,
        "airlinecapacitypurchasearrangements": 615000000,
        "landingfeesandotherrentals": 502000000,
        "aircraftmaintenancematerialsandrepairs": 444000000,
        "depreciationandamortization": 385000000,
        "sellingexpense": 375000000,
        "aircraftrental": 252000000,
        "restructuringandother": 146000000,
        "othercostandexpenseoperating": 1139000000,
        "costsandexpenses": 9001000000,
        "operatingincomeloss": 808000000,
        "interestexpense": 250000000,
        "investmentincomeinterest": 5000000,
        "interestcostscapitalized": -8000000,
        "othernonoperatingincomeexpense": -29000000,
        "nonoperatingincomeexpense": -266000000,
        "incomelossfromcontinuingoperationsbeforeincometaxesminorityinterestandincomelossfromequitymethodinvestments": 542000000,
        "incometaxexpensebenefit": 4000000,
        "netincomeloss": 538000000,
        "earningspersharebasic": 1.63,
        "earningspersharediluted": 1.39
    },
    {
        "date": "2011-03-30",
        "symbol": "UAL",
        "period": "Q1",
        "passengerrevenuemainline": 5763000000,
        "passengerrevenueregional": 1424000000,
        "passengerrevenue": 7187000000,
        "cargoandfreightrevenue": 283000000,
        "othersalesrevenuenet": 732000000,
        "revenues": 8202000000,
        "fuelcosts": 2672000000,
        "laborandrelatedexpense": 1806000000,
        "airlinecapacitypurchasearrangements": 573000000,
        "landingfeesandotherrentals": 473000000,
        "aircraftmaintenancematerialsandrepairs": 439000000,
        "depreciationandamortization": 388000000,
        "sellingexpense": 350000000,
        "aircraftrental": 253000000,
        "restructuringandother": 77000000,
        "othercostandexpenseoperating": 1137000000,
        "costsandexpenses": 8168000000,
        "operatingincomeloss": 34000000,
        "interestexpense": 254000000,
        "investmentincomeinterest": 4000000,
        "interestcostscapitalized": -6000000,
        "othernonoperatingincomeexpense": -1000000,
        "nonoperatingincomeexpense": -245000000,
        "incomelossfromcontinuingoperationsbeforeincometaxesminorityinterestandincomelossfromequitymethodinvestments": -211000000,
        "incometaxexpensebenefit": 2000000,
        "lossbeforeequityinearningsofaffiliates": -213000000,
        "netincomeloss": -213000000,
        "earningspersharebasicanddiluted": -0.65
    }
]