[
    {
        "date": "2024-09-29",
        "symbol": "MA",
        "period": "Q3",
        "revenues": 7369000000,
        "generalandadministrativeexpense": 2744000000,
        "marketingandadvertisingexpense": 220000000,
        "depreciationandamortization": 225000000,
        "litigationsettlementexpense": 176000000,
        "operatingexpenses": 3365000000,
        "operatingincomeloss": 4004000000,
        "investmentincomenet": 76000000,
        "equitysecuritiesfvnigainloss": -62000000,
        "interestexpense": 159000000,
        "othernonoperatingincomeexpense": 7000000,
        "nonoperatingincomeexpense": -138000000,
        "incomelossfromcontinuingoperationsbeforeincometaxesminorityinterestandincomelossfromequitymethodinvestments": 3866000000,
        "incometaxexpensebenefit": 603000000,
        "profitloss": 3263000000,
        "earningspersharebasic": 3.53,
        "weightedaveragenumberofsharesoutstandingbasic": 928000000,
        "earningspersharediluted": 3.53,
        "weightedaveragenumberofdilutedsharesoutstanding": 930000000,
        "othercomprehensiveincomelossforeigncurrencytransactionandtranslationadjustmentbeforetax": 262000000,
        "othercomprehensiveincomelossforeigncurrencytranslationadjustmenttax": 8000000,
        "othercomprehensiveincomelossforeigncurrencytransactionandtranslationadjustmentnetoftax": 254000000,
        "othercomprehensiveincomelosstranslationadjustmentsonnetinvestmenthedge": -183000000,
        "othercomprehensiveincomelosstranslationadjustmentsonnetinvestmenthedgenetoftax": -143000000,
        "othercomprehensiveincomelosscashflowhedgegainlossbeforereclassificationandtax": -110000000,
        "othercomprehensiveincomelosscashflowhedgegainlossbeforereclassificationtax1": -6000000,
        "othercomprehensiveincomelosscashflowhedgegainlossreclassificationbeforetax": -68000000,
        "othercomprehensiveincomelosscashflowhedgegainlossafterreclassificationtax": 1000000,
        "othercomprehensiveincomelosscashflowhedgegainlossafterreclassificationandtax": 19000000,
        "othercomprehensiveincomelossnetoftax": 132000000,
        "comprehensiveincomenetoftaxincludingportionattributabletononcontrollinginterest": 3395000000
    },
    {
        "date": "2024-06-29",
        "symbol": "MA",
        "period": "Q2",
        "revenues": 6961000000,
        "generalandadministrativeexpense": 2418000000,
        "marketingandadvertisingexpense": 184000000,
        "depreciationandamortization": 225000000,
        "litigationsettlementexpense": 98000000,
        "operatingexpenses": 2925000000,
        "operatingincomeloss": 4036000000,
        "investmentincomenet": 60000000,
        "equitysecuritiesfvnigainloss": -13000000,
        "interestexpense": 153000000,
        "othernonoperatingincomeexpense": 9000000,
        "nonoperatingincomeexpense": -97000000,
        "incomelossfromcontinuingoperationsbeforeincometaxesminorityinterestandincomelossfromequitymethodinvestments": 3939000000,
        "incometaxexpensebenefit": 681000000,
        "profitloss": 3258000000,
        "earningspersharebasic": 3.5100000000000002,
        "weightedaveragenumberofsharesoutstandingbasic": 931000000,
        "earningspersharediluted": 3.4999999999999996,
        "weightedaveragenumberofdilutedsharesoutstanding": 933000000,
        "othercomprehensiveincomelossforeigncurrencytransactionandtranslationadjustmentbeforetax": -46000000,
        "othercomprehensiveincomelossforeigncurrencytranslationadjustmenttax": -18000000,
        "othercomprehensiveincomelossforeigncurrencytransactionandtranslationadjustmentnetoftax": -28000000,
        "othercomprehensiveincomelosstranslationadjustmentsonnetinvestmenthedge": 2000000,
        "othercomprehensiveincomelosstranslationadjustmentsonnetinvestmenthedgetax": 0,
        "othercomprehensiveincomelosstranslationadjustmentsonnetinvestmenthedgenetoftax": 2000000,
        "othercomprehensiveincomelosscashflowhedgegainlossbeforereclassificationandtax": 91000000,
        "othercomprehensiveincomelosscashflowhedgegainlossbeforereclassificationtax1": 3000000,
        "othercomprehensiveincomelosscashflowhedgegainlossreclassificationbeforetax": 68000000,
        "othercomprehensiveincomelosscashflowhedgegainlossafterreclassificationtax": -1000000,
        "othercomprehensiveincomelosscashflowhedgegainlossafterreclassificationandtax": 21000000,
        "othercomprehensiveincomelossnetoftax": -3000000,
        "comprehensiveincomenetoftaxincludingportionattributabletononcontrollinginterest": 3255000000
    },
    {
        "date": "2024-03-30",
        "symbol": "MA",
        "period": "Q1",
        "revenues": 6348000000,
        "generalandadministrativeexpense": 2286000000,
        "marketingandadvertisingexpense": 116000000,
        "depreciationandamortization": 216000000,
        "litigationsettlementexpense": 126000000,
        "operatingexpenses": 2744000000,
        "operatingincomeloss": 3604000000,
        "investmentincomenet": 95000000,
        "equitysecuritiesfvnigainloss": 6000000,
        "interestexpense": 150000000,
        "othernonoperatingincomeexpense": 3000000,
        "nonoperatingincomeexpense": -46000000,
        "incomelossfromcontinuingoperationsbeforeincometaxesminorityinterestandincomelossfromequitymethodinvestments": 3558000000,
        "incometaxexpensebenefit": 547000000,
        "profitloss": 3011000000,
        "earningspersharebasic": 3.23,
        "weightedaveragenumberofsharesoutstandingbasic": 933000000,
        "earningspersharediluted": 3.22,
        "weightedaveragenumberofdilutedsharesoutstanding": 935000000,
        "othercomprehensiveincomelossforeigncurrencytransactionandtranslationadjustmentbeforetax": -168000000,
        "othercomprehensiveincomelossforeigncurrencytranslationadjustmenttax": -9000000,
        "othercomprehensiveincomelossforeigncurrencytransactionandtranslationadjustmentnetoftax": -159000000,
        "othercomprehensiveincomelosstranslationadjustmentsonnetinvestmenthedge": 47000000,
        "othercomprehensiveincomelosstranslationadjustmentsonnetinvestmenthedgetax": 11000000,
        "othercomprehensiveincomelosstranslationadjustmentsonnetinvestmenthedgenetoftax": 36000000,
        "othercomprehensiveincomelosscashflowhedgegainlossbeforereclassificationandtax": 22000000,
        "othercomprehensiveincomelosscashflowhedgegainlossbeforereclassificationtax1": 5000000,
        "othercomprehensiveincomelosscashflowhedgegainlossreclassificationbeforetax": -5000000,
        "othercomprehensiveincomelosscashflowhedgegainlossafterreclassificationtax": 2000000,
        "othercomprehensiveincomelosscashflowhedgegainlossafterreclassificationandtax": 20000000,
        "othercomprehensiveincomelossnetoftax": -103000000,
        "comprehensiveincomenetoftaxincludingportionattributabletononcontrollinginterest": 2908000000
    },
    {
        "date": "2023-12-30",
        "symbol": "MA",
        "period": "Q4",
        "revenues": 6548000000,
        "generalandadministrativeexpense": 2399000000,
        "marketingandadvertisingexpense": 264000000,
        "depreciationandamortization": 205000000,
        "operatingexpenses": 3176000000,
        "operatingincomeloss": 3372000000,
        "investmentincomenet": 89000000,
        "equitysecuritiesfvnigainloss": 34000000,
        "interestexpense": 148000000,
        "othernonoperatingincomeexpense": -26000000,
        "nonoperatingincomeexpense": -51000000,
        "incomelossfromcontinuingoperationsbeforeincometaxesminorityinterestandincomelossfromequitymethodinvestments": 3321000000,
        "incometaxexpensebenefit": 530000000,
        "profitloss": 2791000000,
        "earningspersharebasic": 2.979999999999999,
        "weightedaveragenumberofsharesoutstandingbasic": 944000000,
        "earningspersharediluted": 2.980000000000001,
        "weightedaveragenumberofdilutedsharesoutstanding": 946000000,
        "othercomprehensiveincomelossforeigncurrencytransactionandtranslationadjustmentbeforetax": 420000000,
        "othercomprehensiveincomelossforeigncurrencytransactionandtranslationadjustmentnetoftax": 400000000,
        "othercomprehensiveincomelosstranslationadjustmentsonnetinvestmenthedge": -218000000,
        "othercomprehensiveincomelosstranslationadjustmentsonnetinvestmenthedgetax": -49000000,
        "othercomprehensiveincomelosstranslationadjustmentsonnetinvestmenthedgenetoftax": -169000000,
        "othercomprehensiveincomelosscashflowhedgegainlossbeforereclassificationandtax": -34000000,
        "othercomprehensiveincomelosscashflowhedgegainlossreclassificationbeforetax": -6000000,
        "othercomprehensiveincomelosscashflowhedgegainlossafterreclassificationtax": 1000000,
        "othercomprehensiveincomelosscashflowhedgegainlossafterreclassificationandtax": -21000000,
        "othercomprehensiveincomelossnetoftax": 198000000,
        "comprehensiveincomenetoftaxincludingportionattributabletononcontrollinginterest": 2989000000
    },
    {
        "date": "2023-09-29",
        "symbol": "MA",
        "period": "Q3",
        "revenues": 6533000000,
        "generalandadministrativeexpense": 2285000000,
        "marketingandadvertisingexpense": 193000000,
        "depreciationandamortization": 211000000,
        "litigationsettlementexpense": 0,
        "operatingexpenses": 2689000000,
        "operatingincomeloss": 3844000000,
        "investmentincomenet": 71000000,
        "equitysecuritiesfvnigainloss": -6000000,
        "interestexpense": 151000000,
        "othernonoperatingincomeexpense": 3000000,
        "nonoperatingincomeexpense": -83000000,
        "incomelossfromcontinuingoperationsbeforeincometaxesminorityinterestandincomelossfromequitymethodinvestments": 3761000000,
        "incometaxexpensebenefit": 563000000,
        "profitloss": 3198000000,
        "earningspersharebasic": 3.400000000000001,
        "weightedaveragenumberofsharesoutstandingbasic": -2000000,
        "earningspersharediluted": 3.3799999999999994,
        "weightedaveragenumberofdilutedsharesoutstanding": -3000000,
        "othercomprehensiveincomelossforeigncurrencytransactionandtranslationadjustmentbeforetax": -239000000,
        "othercomprehensiveincomelossforeigncurrencytransactionandtranslationadjustmentnetoftax": -238000000,
        "othercomprehensiveincomelosstranslationadjustmentsonnetinvestmenthedge": 138000000,
        "othercomprehensiveincomelosstranslationadjustmentsonnetinvestmenthedgetax": 31000000,
        "othercomprehensiveincomelosstranslationadjustmentsonnetinvestmenthedgenetoftax": 107000000,
        "othercomprehensiveincomelosscashflowhedgegainlossbeforereclassificationandtax": 17000000,
        "othercomprehensiveincomelosscashflowhedgegainlossreclassificationbeforetax": -12000000,
        "othercomprehensiveincomelosscashflowhedgegainlossafterreclassificationtax": 3000000,
        "othercomprehensiveincomelosscashflowhedgegainlossafterreclassificationandtax": 22000000,
        "othercomprehensiveincomelossnetoftax": -108000000,
        "comprehensiveincomenetoftaxincludingportionattributabletononcontrollinginterest": 3090000000
    },
    {
        "date": "2023-06-29",
        "symbol": "MA",
        "period": "Q2",
        "revenues": 6269000000,
        "generalandadministrativeexpense": 2200000000,
        "marketingandadvertisingexpense": 201000000,
        "depreciationandamortization": 192000000,
        "litigationsettlementexpense": 20000000,
        "operatingexpenses": 2613000000,
        "operatingincomeloss": 3656000000,
        "investmentincomenet": 59000000,
        "equitysecuritiesfvnigainloss": 123000000,
        "interestexpense": 144000000,
        "othernonoperatingincomeexpense": 10000000,
        "nonoperatingincomeexpense": 48000000,
        "incomelossfromcontinuingoperationsbeforeincometaxesminorityinterestandincomelossfromequitymethodinvestments": 3704000000,
        "incometaxexpensebenefit": 859000000,
        "profitloss": 2845000000,
        "earningspersharebasic": 3.0000000000000004,
        "weightedaveragenumberofsharesoutstandingbasic": -4000000,
        "earningspersharediluted": 2.9999999999999996,
        "weightedaveragenumberofdilutedsharesoutstanding": -4000000,
        "othercomprehensiveincomelossforeigncurrencytransactionandtranslationadjustmentbeforetax": 53000000,
        "othercomprehensiveincomelossforeigncurrencytranslationadjustmenttax": 0,
        "othercomprehensiveincomelossforeigncurrencytransactionandtranslationadjustmentnetoftax": 53000000,
        "othercomprehensiveincomelosstranslationadjustmentsonnetinvestmenthedge": -11000000,
        "othercomprehensiveincomelosstranslationadjustmentsonnetinvestmenthedgetax": -2000000,
        "othercomprehensiveincomelosstranslationadjustmentsonnetinvestmenthedgenetoftax": -9000000,
        "othercomprehensiveincomelosscashflowhedgegainlossbeforereclassificationandtax": -14000000,
        "othercomprehensiveincomelosscashflowhedgegainlossreclassificationbeforetax": -9000000,
        "othercomprehensiveincomelosscashflowhedgegainlossafterreclassificationtax": 5000000,
        "othercomprehensiveincomelosscashflowhedgegainlossafterreclassificationandtax": -4000000,
        "othercomprehensiveincomeunrealizedholdinggainlossonsecuritiesarisingduringperiodbeforetax": 0,
        "othercomprehensiveincomelossavailableforsalesecuritiesadjustmentnetoftax": 0,
        "othercomprehensiveincomelossnetoftax": 40000000,
        "comprehensiveincomenetoftaxincludingportionattributabletononcontrollinginterest": 2885000000
    },
    {
        "date": "2023-03-30",
        "symbol": "MA",
        "period": "Q1",
        "revenues": 5748000000,
        "generalandadministrativeexpense": 2043000000,
        "marketingandadvertisingexpense": 167000000,
        "depreciationandamortization": 191000000,
        "litigationsettlementexpense": 211000000,
        "operatingexpenses": 2612000000,
        "operatingincomeloss": 3136000000,
        "investmentincomenet": 55000000,
        "equitysecuritiesfvnigainloss": -212000000,
        "interestexpense": 132000000,
        "othernonoperatingincomeexpense": 6000000,
        "nonoperatingincomeexpense": -283000000,
        "incomelossfromcontinuingoperationsbeforeincometaxesminorityinterestandincomelossfromequitymethodinvestments": 2853000000,
        "incometaxexpensebenefit": 492000000,
        "profitloss": 2361000000,
        "earningspersharebasic": 2.48,
        "weightedaveragenumberofsharesoutstandingbasic": 953000000,
        "earningspersharediluted": 2.47,
        "weightedaveragenumberofdilutedsharesoutstanding": 956000000,
        "othercomprehensiveincomelossforeigncurrencytransactionandtranslationadjustmentbeforetax": 94000000,
        "othercomprehensiveincomelossforeigncurrencytranslationadjustmenttax": 14000000,
        "othercomprehensiveincomelossforeigncurrencytransactionandtranslationadjustmentnetoftax": 80000000,
        "othercomprehensiveincomelosstranslationadjustmentsonnetinvestmenthedge": -74000000,
        "othercomprehensiveincomelosstranslationadjustmentsonnetinvestmenthedgetax": -17000000,
        "othercomprehensiveincomelosstranslationadjustmentsonnetinvestmenthedgenetoftax": -57000000,
        "othercomprehensiveincomelosscashflowhedgegainlossbeforereclassificationandtax": -10000000,
        "othercomprehensiveincomelosscashflowhedgegainlossreclassificationbeforetax": -8000000,
        "othercomprehensiveincomelosscashflowhedgegainlossafterreclassificationtax": -1000000,
        "othercomprehensiveincomelosscashflowhedgegainlossafterreclassificationandtax": -1000000,
        "othercomprehensiveincomeunrealizedholdinggainlossonsecuritiesarisingduringperiodbeforetax": 2000000,
        "othercomprehensiveincomelossavailableforsalesecuritiesadjustmentnetoftax": 2000000,
        "othercomprehensiveincomelossnetoftax": 24000000,
        "comprehensiveincomenetoftaxincludingportionattributabletononcontrollinginterest": 2385000000
    },
    {
        "date": "2022-12-30",
        "symbol": "MA",
        "period": "Q4",
        "revenues": 14175000000,
        "generalandadministrativeexpense": 2218000000,
        "marketingandadvertisingexpense": 216000000,
        "depreciationandamortization": 184000000,
        "operatingexpenses": 2633000000,
        "operatingincomeloss": 3184000000,
        "investmentincomenet": 33000000,
        "equitysecuritiesfvnigainloss": -12000000,
        "interestexpense": 127000000,
        "othernonoperatingincomeexpense": 11000000,
        "nonoperatingincomeexpense": -95000000,
        "incomelossfromcontinuingoperationsbeforeincometaxesminorityinterestandincomelossfromequitymethodinvestments": 3089000000,
        "incometaxexpensebenefit": 564000000,
        "profitloss": 2525000000,
        "earningspersharebasic": 2.6300000000000003,
        "weightedaveragenumberofsharesoutstandingbasic": -3000000,
        "earningspersharediluted": 2.6200000000000006,
        "weightedaveragenumberofdilutedsharesoutstanding": -3000000,
        "othercomprehensiveincomelossforeigncurrencytransactionandtranslationadjustmentbeforetax": 805000000,
        "othercomprehensiveincomelossforeigncurrencytranslationadjustmenttax": 68000000,
        "othercomprehensiveincomelossforeigncurrencytransactionandtranslationadjustmentnetoftax": 737000000,
        "othercomprehensiveincomelosstranslationadjustmentsonnetinvestmenthedge": -419000000,
        "othercomprehensiveincomelosstranslationadjustmentsonnetinvestmenthedgetax": -93000000,
        "othercomprehensiveincomelosstranslationadjustmentsonnetinvestmenthedgenetoftax": -326000000,
        "othercomprehensiveincomelosscashflowhedgegainlossbeforereclassificationandtax": -20000000,
        "othercomprehensiveincomelosscashflowhedgegainlossreclassificationbeforetax": -1000000,
        "othercomprehensiveincomelosscashflowhedgegainlossafterreclassificationandtax": -16000000,
        "othercomprehensiveincomeunrealizedholdinggainlossonsecuritiesarisingduringperiodbeforetax": 0,
        "othercomprehensiveincomelossnetoftax": 364000000,
        "comprehensiveincomenetoftaxincludingportionattributabletononcontrollinginterest": 2889000000
    },
    {
        "date": "2022-09-29",
        "symbol": "MA",
        "period": "Q3",
        "revenues": 5756000000,
        "generalandadministrativeexpense": 2069000000,
        "marketingandadvertisingexpense": 182000000,
        "depreciationandamortization": 185000000,
        "operatingexpenses": 2644000000,
        "operatingincomeloss": 3112000000,
        "investmentincomenet": 16000000,
        "equitysecuritiesfvnigainloss": 60000000,
        "interestexpense": 120000000,
        "othernonoperatingincomeexpense": 4000000,
        "nonoperatingincomeexpense": -40000000,
        "incomelossfromcontinuingoperationsbeforeincometaxesminorityinterestandincomelossfromequitymethodinvestments": 3072000000,
        "incometaxexpensebenefit": 573000000,
        "profitloss": 2499000000,
        "earningspersharebasic": 2.5899999999999994,
        "weightedaveragenumberofsharesoutstandingbasic": -3000000,
        "earningspersharediluted": 2.5799999999999996,
        "weightedaveragenumberofdilutedsharesoutstanding": -3000000,
        "othercomprehensiveincomelossforeigncurrencytransactionandtranslationadjustmentbeforetax": -743000000,
        "othercomprehensiveincomelossforeigncurrencytranslationadjustmenttax": -62000000,
        "othercomprehensiveincomelossforeigncurrencytransactionandtranslationadjustmentnetoftax": -681000000,
        "othercomprehensiveincomelosstranslationadjustmentsonnetinvestmenthedge": 372000000,
        "othercomprehensiveincomelosstranslationadjustmentsonnetinvestmenthedgetax": 82000000,
        "othercomprehensiveincomelosstranslationadjustmentsonnetinvestmenthedgenetoftax": 290000000,
        "othercomprehensiveincomelosscashflowhedgegainlossbeforereclassificationandtax": 14000000,
        "othercomprehensiveincomelosscashflowhedgegainlossafterreclassificationandtax": 8000000,
        "othercomprehensiveincomeunrealizedholdinggainlossonsecuritiesarisingduringperiodbeforetax": -2000000,
        "othercomprehensiveincomelossavailableforsalesecuritiesadjustmentnetoftax": -2000000,
        "othercomprehensiveincomelossnetoftax": -385000000,
        "comprehensiveincomenetoftaxincludingportionattributabletononcontrollinginterest": 2114000000
    },
    {
        "date": "2022-06-29",
        "symbol": "MA",
        "period": "Q2",
        "revenues": 5497000000,
        "generalandadministrativeexpense": 1947000000,
        "marketingandadvertisingexpense": 210000000,
        "depreciationandamortization": 189000000,
        "operatingexpenses": 2479000000,
        "operatingincomeloss": 3018000000,
        "investmentincomenet": 7000000,
        "equitysecuritiesfvnigainloss": -117000000,
        "interestexpense": 114000000,
        "othernonoperatingincomeexpense": 4000000,
        "nonoperatingincomeexpense": -220000000,
        "incomelossfromcontinuingoperationsbeforeincometaxesminorityinterestandincomelossfromequitymethodinvestments": 2798000000,
        "incometaxexpensebenefit": 523000000,
        "profitloss": 2275000000,
        "earningspersharebasic": 2.35,
        "weightedaveragenumberofsharesoutstandingbasic": -3000000,
        "earningspersharediluted": 2.3399999999999994,
        "weightedaveragenumberofdilutedsharesoutstanding": -4000000,
        "othercomprehensiveincomelossforeigncurrencytransactionandtranslationadjustmentbeforetax": -710000000,
        "othercomprehensiveincomelossforeigncurrencytranslationadjustmenttax": -31000000,
        "othercomprehensiveincomelossforeigncurrencytransactionandtranslationadjustmentnetoftax": -679000000,
        "othercomprehensiveincomelosstranslationadjustmentsonnetinvestmenthedge": 314000000,
        "othercomprehensiveincomelosstranslationadjustmentsonnetinvestmenthedgetax": 70000000,
        "othercomprehensiveincomelosstranslationadjustmentsonnetinvestmenthedgenetoftax": 244000000,
        "othercomprehensiveincomelosscashflowhedgegainlossbeforereclassificationandtax": 6000000,
        "othercomprehensiveincomelosscashflowhedgegainlossreclassificationbeforetax": 0,
        "othercomprehensiveincomelosscashflowhedgegainlossafterreclassificationtax": 0,
        "othercomprehensiveincomelosscashflowhedgegainlossafterreclassificationandtax": 4000000,
        "othercomprehensiveincomeunrealizedholdinggainlossonsecuritiesarisingduringperiodbeforetax": -2000000,
        "othercomprehensiveincomeunrealizedholdinggainlossonsecuritiesarisingduringperiodtax": 0,
        "othercomprehensiveincomelossavailableforsalesecuritiesadjustmentnetoftax": -2000000,
        "othercomprehensiveincomelossnetoftax": -434000000,
        "comprehensiveincomenetoftaxincludingportionattributabletononcontrollinginterest": 1841000000
    },
    {
        "date": "2022-03-30",
        "symbol": "MA",
        "period": "Q1",
        "revenues": 5167000000,
        "generalandadministrativeexpense": 1844000000,
        "marketingandadvertisingexpense": 181000000,
        "depreciationandamortization": 192000000,
        "operatingexpenses": 2217000000,
        "operatingincomeloss": 2950000000,
        "investmentincomenet": 5000000,
        "equitysecuritiesfvnigainloss": -76000000,
        "interestexpense": 110000000,
        "othernonoperatingincomeexpense": 4000000,
        "nonoperatingincomeexpense": -177000000,
        "incomelossfromcontinuingoperationsbeforeincometaxesminorityinterestandincomelossfromequitymethodinvestments": 2773000000,
        "incometaxexpensebenefit": 142000000,
        "profitloss": 2631000000,
        "earningspersharebasic": 2.69,
        "weightedaveragenumberofsharesoutstandingbasic": 977000000,
        "earningspersharediluted": 2.68,
        "weightedaveragenumberofdilutedsharesoutstanding": 981000000,
        "othercomprehensiveincomelossforeigncurrencytransactionandtranslationadjustmentbeforetax": -64000000,
        "othercomprehensiveincomelossforeigncurrencytranslationadjustmenttax": -12000000,
        "othercomprehensiveincomelossforeigncurrencytransactionandtranslationadjustmentnetoftax": -52000000,
        "othercomprehensiveincomelosstranslationadjustmentsonnetinvestmenthedge": 86000000,
        "othercomprehensiveincomelosstranslationadjustmentsonnetinvestmenthedgetax": 19000000,
        "othercomprehensiveincomelosstranslationadjustmentsonnetinvestmenthedgenetoftax": 67000000,
        "othercomprehensiveincomelosscashflowhedgegainlossbeforereclassificationandtax": 1000000,
        "othercomprehensiveincomelosscashflowhedgegainlossreclassificationbeforetax": 5000000,
        "othercomprehensiveincomelosscashflowhedgegainlossafterreclassificationtax": -1000000,
        "othercomprehensiveincomelosscashflowhedgegainlossafterreclassificationandtax": -3000000,
        "othercomprehensiveincomeunrealizedholdinggainlossonsecuritiesarisingduringperiodbeforetax": -2000000,
        "othercomprehensiveincomeunrealizedholdinggainlossonsecuritiesarisingduringperiodtax": -1000000,
        "othercomprehensiveincomelossavailableforsalesecuritiesadjustmentnetoftax": -1000000,
        "othercomprehensiveincomelossnetoftax": 11000000,
        "comprehensiveincomenetoftaxincludingportionattributabletononcontrollinginterest": 2642000000
    },
    {
        "date": "2021-12-30",
        "symbol": "MA",
        "period": "Q4",
        "revenues": 72000000,
        "generalandadministrativeexpense": 1862000000,
        "marketingandadvertisingexpense": 338000000,
        "depreciationandamortization": 189000000,
        "operatingexpenses": 2389000000,
        "operatingincomeloss": 2827000000,
        "investmentincomenet": 2000000,
        "equitysecuritiesfvnigainloss": 111000000,
        "interestexpense": 108000000,
        "nonoperatingincomeexpense": -4000000,
        "incomelossfromcontinuingoperationsbeforeincometaxesminorityinterestandincomelossfromequitymethodinvestments": 2823000000,
        "incometaxexpensebenefit": 444000000,
        "profitloss": 2379000000,
        "earningspersharebasic": 2.4099999999999993,
        "weightedaveragenumberofsharesoutstandingbasic": -1982000000,
        "earningspersharediluted": 2.41,
        "weightedaveragenumberofdilutedsharesoutstanding": -1990000000,
        "othercomprehensiveincomelossforeigncurrencytransactionandtranslationadjustmentbeforetax": -168000000,
        "othercomprehensiveincomelossforeigncurrencytranslationadjustmenttax": -22000000,
        "othercomprehensiveincomelossforeigncurrencytransactionandtranslationadjustmentnetoftax": -146000000,
        "othercomprehensiveincomelosstranslationadjustmentsonnetinvestmenthedge": 107000000,
        "othercomprehensiveincomelosstranslationadjustmentsonnetinvestmenthedgetax": 24000000,
        "othercomprehensiveincomelosstranslationadjustmentsonnetinvestmenthedgenetoftax": 83000000,
        "othercomprehensiveincomelosscashflowhedgegainlossbeforereclassificationandtax": 5000000,
        "othercomprehensiveincomelosscashflowhedgegainlossreclassificationbeforetax": -2000000,
        "othercomprehensiveincomelosscashflowhedgegainlossafterreclassificationandtax": 4000000,
        "othercomprehensiveincomeunrealizedholdinggainlossonsecuritiesarisingduringperiodbeforetax": -1000000,
        "othercomprehensiveincomelossnetoftax": -18000000,
        "comprehensiveincomenetoftaxincludingportionattributabletononcontrollinginterest": 2361000000
    },
    {
        "date": "2021-09-29",
        "symbol": "MA",
        "period": "Q3",
        "revenues": 4985000000,
        "generalandadministrativeexpense": 1831000000,
        "marketingandadvertisingexpense": 222000000,
        "depreciationandamortization": 188000000,
        "litigationsettlementexpense": 27000000,
        "operatingexpenses": 2268000000,
        "operatingincomeloss": 2717000000,
        "investmentincomenet": 5000000,
        "equitysecuritiesfvnigainloss": 197000000,
        "interestexpense": 110000000,
        "othernonoperatingincomeexpense": 7000000,
        "nonoperatingincomeexpense": 99000000,
        "incomelossfromcontinuingoperationsbeforeincometaxesminorityinterestandincomelossfromequitymethodinvestments": 2816000000,
        "incometaxexpensebenefit": 402000000,
        "profitloss": 2414000000,
        "earningspersharebasic": 2.45,
        "weightedaveragenumberofsharesoutstandingbasic": 986000000,
        "earningspersharediluted": 2.44,
        "weightedaveragenumberofdilutedsharesoutstanding": 990000000,
        "othercomprehensiveincomelossforeigncurrencytransactionandtranslationadjustmentbeforetax": -219000000,
        "othercomprehensiveincomelossforeigncurrencytranslationadjustmenttax": -9000000,
        "othercomprehensiveincomelossforeigncurrencytransactionandtranslationadjustmentnetoftax": -210000000,
        "othercomprehensiveincomelosstranslationadjustmentsonnetinvestmenthedge": 90000000,
        "othercomprehensiveincomelosstranslationadjustmentsonnetinvestmenthedgetax": 20000000,
        "othercomprehensiveincomelosstranslationadjustmentsonnetinvestmenthedgenetoftax": 70000000,
        "othercomprehensiveincomelosscashflowhedgegainlossbeforereclassificationandtax": 2000000,
        "othercomprehensiveincomelosscashflowhedgegainlossreclassificationbeforetax": -1000000,
        "othercomprehensiveincomelosscashflowhedgegainlossafterreclassificationandtax": 3000000,
        "othercomprehensiveincomeunrealizedholdinggainlossonsecuritiesarisingduringperiodbeforetax": -2000000,
        "othercomprehensiveincomeunrealizedholdinggainlossonsecuritiesarisingduringperiodtax": -1000000,
        "othercomprehensiveincomelossavailableforsalesecuritiesadjustmentnetoftax": -1000000,
        "othercomprehensiveincomelossnetoftax": -138000000,
        "comprehensiveincomenetoftaxincludingportionattributabletononcontrollinginterest": 2276000000
    },
    {
        "date": "2021-06-29",
        "symbol": "MA",
        "period": "Q2",
        "revenues": 4528000000,
        "generalandadministrativeexpense": 1718000000,
        "marketingandadvertisingexpense": 216000000,
        "depreciationandamortization": 186000000,
        "litigationsettlementexpense": 67000000,
        "operatingexpenses": 2187000000,
        "operatingincomeloss": 2341000000,
        "investmentincomenet": 3000000,
        "equitysecuritiesfvnigainloss": 243000000,
        "interestexpense": 106000000,
        "othernonoperatingincomeexpense": -3000000,
        "nonoperatingincomeexpense": 137000000,
        "incomelossfromcontinuingoperationsbeforeincometaxesminorityinterestandincomelossfromequitymethodinvestments": 2478000000,
        "incometaxexpensebenefit": 412000000,
        "profitloss": 2066000000,
        "earningspersharebasic": 2.09,
        "weightedaveragenumberofsharesoutstandingbasic": 990000000,
        "earningspersharediluted": 2.08,
        "weightedaveragenumberofdilutedsharesoutstanding": 994000000,
        "othercomprehensiveincomelossforeigncurrencytransactionandtranslationadjustmentbeforetax": 143000000,
        "othercomprehensiveincomelossforeigncurrencytranslationadjustmenttax": 9000000,
        "othercomprehensiveincomelossforeigncurrencytransactionandtranslationadjustmentnetoftax": 134000000,
        "othercomprehensiveincomelosstranslationadjustmentsonnetinvestmenthedge": -61000000,
        "othercomprehensiveincomelosstranslationadjustmentsonnetinvestmenthedgetax": -14000000,
        "othercomprehensiveincomelosstranslationadjustmentsonnetinvestmenthedgenetoftax": -47000000,
        "othercomprehensiveincomelosscashflowhedgegainlossbeforereclassificationandtax": -4000000,
        "othercomprehensiveincomelosscashflowhedgegainlossbeforereclassificationtax1": -1000000,
        "othercomprehensiveincomelosscashflowhedgegainlossreclassificationbeforetax": -3000000,
        "othercomprehensiveincomelosscashflowhedgegainlossafterreclassificationtax": 1000000,
        "othercomprehensiveincomelosscashflowhedgegainlossafterreclassificationandtax": -1000000,
        "othercomprehensiveincomelossreclassificationadjustmentfromaocipensionandotherpostretirementbenefitplansfornetgainlossnetoftax": 1000000,
        "othercomprehensiveincomelosspensionandotherpostretirementbenefitplansadjustmentnetoftax": 1000000,
        "othercomprehensiveincomeunrealizedholdinggainlossonsecuritiesarisingduringperiodbeforetax": 1000000,
        "othercomprehensiveincomeunrealizedholdinggainlossonsecuritiesarisingduringperiodtax": 1000000,
        "othercomprehensiveincomelossnetoftax": 85000000,
        "comprehensiveincomenetoftaxincludingportionattributabletononcontrollinginterest": 2151000000
    },
    {
        "date": "2021-03-30",
        "symbol": "MA",
        "period": "Q1",
        "revenues": 4155000000,
        "generalandadministrativeexpense": 1676000000,
        "marketingandadvertisingexpense": 119000000,
        "depreciationandamortization": 163000000,
        "operatingexpenses": 1958000000,
        "operatingincomeloss": 2197000000,
        "investmentincomenet": 1000000,
        "equitysecuritiesfvnigainloss": 94000000,
        "interestexpense": 107000000,
        "othernonoperatingincomeexpense": 5000000,
        "nonoperatingincomeexpense": -7000000,
        "incomelossfromcontinuingoperationsbeforeincometaxesminorityinterestandincomelossfromequitymethodinvestments": 2190000000,
        "incometaxexpensebenefit": 362000000,
        "profitloss": 1828000000,
        "earningspersharebasic": 1.84,
        "weightedaveragenumberofsharesoutstandingbasic": 994000000,
        "earningspersharediluted": 1.83,
        "weightedaveragenumberofdilutedsharesoutstanding": 998000000,
        "othercomprehensiveincomelossforeigncurrencytransactionandtranslationadjustmentbeforetax": -198000000,
        "othercomprehensiveincomelossforeigncurrencytranslationadjustmenttax": -33000000,
        "othercomprehensiveincomelossforeigncurrencytransactionandtranslationadjustmentnetoftax": -165000000,
        "othercomprehensiveincomelosstranslationadjustmentsonnetinvestmenthedge": 133000000,
        "othercomprehensiveincomelosstranslationadjustmentsonnetinvestmenthedgetax": 30000000,
        "othercomprehensiveincomelosstranslationadjustmentsonnetinvestmenthedgenetoftax": 103000000,
        "othercomprehensiveincomelosscashflowhedgegainlossbeforereclassificationandtax": 3000000,
        "othercomprehensiveincomelosscashflowhedgegainlossbeforereclassificationtax1": 1000000,
        "othercomprehensiveincomelosscashflowhedgegainlossreclassificationbeforetax": -1000000,
        "othercomprehensiveincomelosscashflowhedgegainlossafterreclassificationandtax": 3000000,
        "othercomprehensiveincomeunrealizedholdinggainlossonsecuritiesarisingduringperiodbeforetax": 1000000,
        "othercomprehensiveincomelossavailableforsalesecuritiesadjustmentnetoftax": 1000000,
        "othercomprehensiveincomelossnetoftax": -58000000,
        "comprehensiveincomenetoftaxincludingportionattributabletononcontrollinginterest": 1770000000
    },
    {
        "date": "2020-12-30",
        "symbol": "MA",
        "period": "Q4",
        "revenues": 47000000,
        "generalandadministrativeexpense": 1625000000,
        "marketingandadvertisingexpense": 242000000,
        "depreciationandamortization": 150000000,
        "operatingexpenses": 2062000000,
        "operatingincomeloss": 2058000000,
        "investmentincomenet": -3000000,
        "equitysecuritiesfvnigainloss": 220000000,
        "interestexpense": 105000000,
        "othernonoperatingincomeexpense": -2000000,
        "nonoperatingincomeexpense": 110000000,
        "incomelossfromcontinuingoperationsbeforeincometaxesminorityinterestandincomelossfromequitymethodinvestments": 2168000000,
        "incometaxexpensebenefit": 383000000,
        "profitloss": 1785000000,
        "earningspersharebasic": 1.7899999999999998,
        "weightedaveragenumberofsharesoutstandingbasic": -1000000,
        "earningspersharediluted": 1.78,
        "weightedaveragenumberofdilutedsharesoutstanding": -2000000,
        "othercomprehensiveincomelossforeigncurrencytransactionandtranslationadjustmentbeforetax": 362000000,
        "othercomprehensiveincomelossforeigncurrencytranslationadjustmenttax": 80000000,
        "othercomprehensiveincomelossforeigncurrencytransactionandtranslationadjustmentnetoftax": 282000000,
        "othercomprehensiveincomelosstranslationadjustmentsonnetinvestmenthedge": -95000000,
        "othercomprehensiveincomelosstranslationadjustmentsonnetinvestmenthedgetax": -22000000,
        "othercomprehensiveincomelosstranslationadjustmentsonnetinvestmenthedgenetoftax": -73000000,
        "othercomprehensiveincomelosscashflowhedgegainlossbeforereclassificationandtax": -3000000,
        "othercomprehensiveincomelosscashflowhedgegainlossafterreclassificationandtax": -1000000,
        "othercomprehensiveincomeunrealizedholdinggainlossonsecuritiesarisingduringperiodbeforetax": 0,
        "othercomprehensiveincomelossnetoftax": -6000000,
        "comprehensiveincomenetoftaxincludingportionattributabletononcontrollinginterest": 1985000000
    },
    {
        "date": "2020-09-29",
        "symbol": "MA",
        "period": "Q3",
        "revenues": 3837000000,
        "generalandadministrativeexpense": 1423000000,
        "marketingandadvertisingexpense": 168000000,
        "depreciationandamortization": 141000000,
        "litigationsettlementexpense": 0,
        "operatingexpenses": 1732000000,
        "operatingincomeloss": 2105000000,
        "investmentincomenet": 3000000,
        "equitysecuritiesfvnigainloss": -91000000,
        "interestexpense": 105000000,
        "othernonoperatingincomeexpense": 3000000,
        "nonoperatingincomeexpense": -190000000,
        "incomelossfromcontinuingoperationsbeforeincometaxesminorityinterestandincomelossfromequitymethodinvestments": 1915000000,
        "incometaxexpensebenefit": 402000000,
        "profitloss": 1513000000,
        "earningspersharebasic": 1.5200000000000002,
        "weightedaveragenumberofsharesoutstandingbasic": -1006000000,
        "earningspersharediluted": 1.4999999999999998,
        "weightedaveragenumberofdilutedsharesoutstanding": -1010000000,
        "othercomprehensiveincomelossforeigncurrencytransactionandtranslationadjustmentbeforetax": 228000000,
        "othercomprehensiveincomelossforeigncurrencytranslationadjustmenttax": 8000000,
        "othercomprehensiveincomelossforeigncurrencytransactionandtranslationadjustmentnetoftax": 220000000,
        "othercomprehensiveincomelosstranslationadjustmentsonnetinvestmenthedge": -73000000,
        "othercomprehensiveincomelosstranslationadjustmentsonnetinvestmenthedgetax": -16000000,
        "othercomprehensiveincomelosstranslationadjustmentsonnetinvestmenthedgenetoftax": -57000000,
        "othercomprehensiveincomelosscashflowhedgegainlossbeforereclassificationandtax": 2000000,
        "othercomprehensiveincomelosscashflowhedgegainlossbeforereclassificationtax": 1000000,
        "othercomprehensiveincomelosscashflowhedgegainlossafterreclassificationandtax": 1000000,
        "othercomprehensiveincomeunrealizedholdinggainlossonsecuritiesarisingduringperiodbeforetax": 2000000,
        "othercomprehensiveincomelossavailableforsalesecuritiesadjustmentnetoftax": 2000000,
        "othercomprehensiveincomelossnetoftax": 166000000,
        "comprehensiveincomenetoftaxincludingportionattributabletononcontrollinginterest": 1679000000
    },
    {
        "date": "2020-06-29",
        "symbol": "MA",
        "period": "Q2",
        "profitloss": 1420000000,
        "othercomprehensiveincomelossforeigncurrencytransactionandtranslationadjustmentbeforetax": 36000000,
        "othercomprehensiveincomelossforeigncurrencytranslationadjustmenttax": -15000000,
        "othercomprehensiveincomelossforeigncurrencytransactionandtranslationadjustmentnetoftax": 51000000,
        "othercomprehensiveincomelosstranslationadjustmentsonnetinvestmenthedge": -29000000,
        "othercomprehensiveincomelosstranslationadjustmentsonnetinvestmenthedgetax": -6000000,
        "othercomprehensiveincomelosstranslationadjustmentsonnetinvestmenthedgenetoftax": -23000000,
        "othercomprehensiveincomelosscashflowhedgegainlossbeforereclassificationandtax": 1000000,
        "othercomprehensiveincomelosscashflowhedgegainlossbeforereclassificationtax": -3000000,
        "othercomprehensiveincomelosscashflowhedgegainlossafterreclassificationandtax": 4000000,
        "othercomprehensiveincomelosspensionandotherpostretirementbenefitplansadjustmentbeforereclassificationadjustmentsandtax": 1000000,
        "othercomprehensiveincomelosspensionandotherpostretirementbenefitplansadjustmentbeforereclassificationadjustmentsnetoftax": 1000000,
        "othercomprehensiveincomeunrealizedholdinggainlossonsecuritiesarisingduringperiodbeforetax": 4000000,
        "othercomprehensiveincomeunrealizedholdinggainlossonsecuritiesarisingduringperiodtax": 2000000,
        "othercomprehensiveincomelossavailableforsalesecuritiesadjustmentnetoftax": 2000000,
        "othercomprehensiveincomelossnetoftax": 33000000,
        "comprehensiveincomenetoftaxincludingportionattributabletononcontrollinginterest": 1453000000,
        "revenues": 3335000000,
        "generalandadministrativeexpense": 1368000000,
        "marketingandadvertisingexpense": 93000000,
        "depreciationandamortization": 145000000,
        "litigationsettlementexpense": 22000000,
        "operatingexpenses": 1628000000,
        "operatingincomeloss": 1707000000,
        "investmentincomenet": 8000000,
        "equitysecuritiesfvnigainloss": 75000000,
        "interestexpense": 101000000,
        "othernonoperatingincomeexpense": 1000000,
        "nonoperatingincomeexpense": -17000000,
        "incomelossfromcontinuingoperationsbeforeincometaxesminorityinterestandincomelossfromequitymethodinvestments": 1690000000,
        "incometaxexpensebenefit": 270000000,
        "earningspersharebasic": 1.41,
        "weightedaveragenumberofsharesoutstandingbasic": 1004000000,
        "earningspersharediluted": 1.41,
        "weightedaveragenumberofdilutedsharesoutstanding": 1008000000
    },
    {
        "date": "2020-03-30",
        "symbol": "MA",
        "period": "Q1",
        "profitloss": 1693000000,
        "othercomprehensiveincomelossforeigncurrencytransactionandtranslationadjustmentbeforetax": -281000000,
        "othercomprehensiveincomelossforeigncurrencytranslationadjustmenttax": -14000000,
        "othercomprehensiveincomelossforeigncurrencytransactionandtranslationadjustmentnetoftax": -267000000,
        "othercomprehensiveincomelosstranslationadjustmentsonnetinvestmenthedge": 20000000,
        "othercomprehensiveincomelosstranslationadjustmentsonnetinvestmenthedgetax": 4000000,
        "othercomprehensiveincomelosstranslationadjustmentsonnetinvestmenthedgenetoftax": 16000000,
        "othercomprehensiveincomelosscashflowhedgegainlossbeforereclassificationandtax": -189000000,
        "othercomprehensiveincomelosscashflowhedgegainlossbeforereclassificationtax": -39000000,
        "othercomprehensiveincomelosscashflowhedgegainlossafterreclassificationandtax": -150000000,
        "othercomprehensiveincomeunrealizedholdinggainlossonsecuritiesarisingduringperiodbeforetax": -7000000,
        "othercomprehensiveincomeunrealizedholdinggainlossonsecuritiesarisingduringperiodtax": -2000000,
        "othercomprehensiveincomelossavailableforsalesecuritiesadjustmentnetoftax": -5000000,
        "othercomprehensiveincomelossnetoftax": -406000000,
        "comprehensiveincomenetoftaxincludingportionattributabletononcontrollinginterest": 1287000000,
        "revenues": 4009000000,
        "generalandadministrativeexpense": 1494000000,
        "marketingandadvertisingexpense": 154000000,
        "depreciationandamortization": 144000000,
        "litigationsettlementexpense": 6000000,
        "operatingexpenses": 1798000000,
        "operatingincomeloss": 2211000000,
        "investmentincomenet": 16000000,
        "equitysecuritiesfvnigainloss": -174000000,
        "interestexpense": 69000000,
        "othernonoperatingincomeexpense": 3000000,
        "nonoperatingincomeexpense": -224000000,
        "incomelossfromcontinuingoperationsbeforeincometaxesminorityinterestandincomelossfromequitymethodinvestments": 1987000000,
        "incometaxexpensebenefit": 294000000,
        "earningspersharebasic": 1.68,
        "weightedaveragenumberofsharesoutstandingbasic": 1005000000,
        "earningspersharediluted": 1.68,
        "weightedaveragenumberofdilutedsharesoutstanding": 1010000000
    },
    {
        "date": "2019-12-30",
        "symbol": "MA",
        "period": "Q4",
        "profitloss": 2100000000,
        "othercomprehensiveincomelossforeigncurrencytransactionandtranslationadjustmentbeforetax": 226000000,
        "othercomprehensiveincomelossforeigncurrencytransactionandtranslationadjustmentnetoftax": 227000000,
        "othercomprehensiveincomelosstranslationadjustmentsonnetinvestmenthedge": -44000000,
        "othercomprehensiveincomelosstranslationadjustmentsonnetinvestmenthedgetax": -10000000,
        "othercomprehensiveincomelosstranslationadjustmentsonnetinvestmenthedgenetoftax": -34000000,
        "othercomprehensiveincomelossnetoftax": 185000000,
        "comprehensiveincomenetoftaxincludingportionattributabletononcontrollinginterest": 2285000000,
        "revenues": 561000000,
        "generalandadministrativeexpense": 1579000000,
        "marketingandadvertisingexpense": 290000000,
        "depreciationandamortization": 146000000,
        "operatingexpenses": 2015000000,
        "operatingincomeloss": 2399000000,
        "investmentincomenet": 20000000,
        "interestexpense": 64000000,
        "othernonoperatingincomeexpense": 1000000,
        "nonoperatingincomeexpense": 76000000,
        "incomelossfromcontinuingoperationsbeforeincometaxesminorityinterestandincomelossfromequitymethodinvestments": 2475000000,
        "incometaxexpensebenefit": 375000000,
        "earningspersharebasic": 2.0800000000000005,
        "weightedaveragenumberofsharesoutstandingbasic": -3000000,
        "earningspersharediluted": 2.0700000000000003,
        "weightedaveragenumberofdilutedsharesoutstanding": -3000000
    },
    {
        "date": "2019-09-29",
        "symbol": "MA",
        "period": "Q3",
        "profitloss": 2108000000,
        "othercomprehensiveincomelossforeigncurrencytransactionandtranslationadjustmentbeforetax": -193000000,
        "othercomprehensiveincomelossforeigncurrencytransactionandtranslationadjustmentnetoftax": -184000000,
        "othercomprehensiveincomelosstranslationadjustmentsonnetinvestmenthedge": 72000000,
        "othercomprehensiveincomelosstranslationadjustmentsonnetinvestmenthedgetax": 16000000,
        "othercomprehensiveincomelosstranslationadjustmentsonnetinvestmenthedgenetoftax": 56000000,
        "othercomprehensiveincomelossnetoftax": -128000000,
        "comprehensiveincomenetoftaxincludingportionattributabletononcontrollinginterest": 1980000000,
        "revenues": 4467000000,
        "generalandadministrativeexpense": 1448000000,
        "marketingandadvertisingexpense": 227000000,
        "depreciationandamortization": 137000000,
        "operatingexpenses": 1812000000,
        "operatingincomeloss": 2655000000,
        "investmentincomenet": 26000000,
        "interestexpense": 63000000,
        "othernonoperatingincomeexpense": 16000000,
        "nonoperatingincomeexpense": -121000000,
        "incomelossfromcontinuingoperationsbeforeincometaxesminorityinterestandincomelossfromequitymethodinvestments": 2534000000,
        "incometaxexpensebenefit": 426000000,
        "earningspersharebasic": 2.0800000000000005,
        "weightedaveragenumberofsharesoutstandingbasic": -3000000,
        "earningspersharediluted": 2.0700000000000003,
        "weightedaveragenumberofdilutedsharesoutstanding": -3000000
    },
    {
        "date": "2019-06-29",
        "symbol": "MA",
        "period": "Q2",
        "profitloss": 2048000000,
        "othercomprehensiveincomelossforeigncurrencytransactionandtranslationadjustmentbeforetax": -34000000,
        "othercomprehensiveincomelossforeigncurrencytranslationadjustmenttax": 0,
        "othercomprehensiveincomelossforeigncurrencytransactionandtranslationadjustmentnetoftax": -34000000,
        "othercomprehensiveincomelosstranslationadjustmentsonnetinvestmenthedge": -28000000,
        "othercomprehensiveincomelosstranslationadjustmentsonnetinvestmenthedgetax": -6000000,
        "othercomprehensiveincomelosstranslationadjustmentsonnetinvestmenthedgenetoftax": -22000000,
        "othercomprehensiveincomeunrealizedholdinggainlossonsecuritiesarisingduringperiodbeforetax": 0,
        "othercomprehensiveincomeunrealizedholdinggainlossonsecuritiesarisingduringperiodtax": 0,
        "othercomprehensiveincomelossavailableforsalesecuritiesadjustmentnetoftax": 0,
        "othercomprehensiveincomelossnetoftax": -57000000,
        "comprehensiveincomenetoftaxincludingportionattributabletononcontrollinginterest": 1991000000,
        "revenues": 7966000000,
        "generalandadministrativeexpense": 1369000000,
        "marketingandadvertisingexpense": 225000000,
        "depreciationandamortization": 122000000,
        "operatingexpenses": 1716000000,
        "operatingincomeloss": 2397000000,
        "investmentincomenet": 19000000,
        "interestexpense": 51000000,
        "othernonoperatingincomeexpense": 6000000,
        "nonoperatingincomeexpense": 122000000,
        "incomelossfromcontinuingoperationsbeforeincometaxesminorityinterestandincomelossfromequitymethodinvestments": 2519000000,
        "incometaxexpensebenefit": 471000000,
        "earningspersharebasic": 2.01,
        "weightedaveragenumberofsharesoutstandingbasic": -3000000,
        "earningspersharediluted": 1.9999999999999998,
        "weightedaveragenumberofdilutedsharesoutstanding": -4000000
    },
    {
        "date": "2019-03-30",
        "symbol": "MA",
        "period": "Q1",
        "profitloss": 1862000000,
        "othercomprehensiveincomelossforeigncurrencytransactionandtranslationadjustmentbeforetax": 11000000,
        "othercomprehensiveincomelossforeigncurrencytranslationadjustmenttax": -3000000,
        "othercomprehensiveincomelossforeigncurrencytransactionandtranslationadjustmentnetoftax": 14000000,
        "othercomprehensiveincomelosstranslationadjustmentsonnetinvestmenthedge": 36000000,
        "othercomprehensiveincomelosstranslationadjustmentsonnetinvestmenthedgetax": 8000000,
        "othercomprehensiveincomelosstranslationadjustmentsonnetinvestmenthedgenetoftax": 28000000,
        "othercomprehensiveincomeunrealizedholdinggainlossonsecuritiesarisingduringperiodbeforetax": 4000000,
        "othercomprehensiveincomeunrealizedholdinggainlossonsecuritiesarisingduringperiodtax": 1000000,
        "othercomprehensiveincomelossavailableforsalesecuritiesadjustmentnetoftax": 3000000,
        "othercomprehensiveincomelossnetoftax": 45000000,
        "comprehensiveincomenetoftaxincludingportionattributabletononcontrollinginterest": 1907000000,
        "revenues": 3889000000,
        "generalandadministrativeexpense": 1367000000,
        "marketingandadvertisingexpense": 192000000,
        "depreciationandamortization": 117000000,
        "operatingexpenses": 1676000000,
        "operatingincomeloss": 2213000000,
        "investmentincomenet": 32000000,
        "interestexpense": 46000000,
        "othernonoperatingincomeexpense": 4000000,
        "nonoperatingincomeexpense": -10000000,
        "incomelossfromcontinuingoperationsbeforeincometaxesminorityinterestandincomelossfromequitymethodinvestments": 2203000000,
        "incometaxexpensebenefit": 341000000,
        "earningspersharebasic": 1.81,
        "weightedaveragenumberofsharesoutstandingbasic": 1026000000,
        "earningspersharediluted": 1.8,
        "weightedaveragenumberofdilutedsharesoutstanding": 1032000000
    },
    {
        "date": "2018-09-29",
        "symbol": "MA",
        "period": "Q3",
        "profitloss": 1899000000,
        "othercomprehensiveincomelossforeigncurrencytransactionandtranslationadjustmentbeforetax": -42000000,
        "othercomprehensiveincomelossforeigncurrencytranslationadjustmenttax": -4000000,
        "othercomprehensiveincomelossforeigncurrencytransactionandtranslationadjustmentnetoftax": -38000000,
        "othercomprehensiveincomelosstranslationadjustmentsonnetinvestmenthedge": 2000000,
        "othercomprehensiveincomelosstranslationadjustmentsonnetinvestmenthedgetax": 1000000,
        "othercomprehensiveincomelosstranslationadjustmentsonnetinvestmenthedgenetoftax": 1000000,
        "othercomprehensiveincomelossnetoftax": -38000000,
        "comprehensiveincomenetoftaxincludingportionattributabletononcontrollinginterest": 1861000000,
        "generalandadministrativeexpense": 1235000000,
        "marketingandadvertisingexpense": 208000000,
        "depreciationandamortization": 111000000,
        "litigationsettlementexpense": 29000000,
        "operatingexpenses": 1611000000,
        "operatingincomeloss": 2287000000,
        "investmentincomenet": 31000000,
        "interestexpense": 48000000,
        "othernonoperatingincomeexpense": -6000000,
        "nonoperatingincomeexpense": -23000000,
        "incomelossfromcontinuingoperationsbeforeincometaxesminorityinterestandincomelossfromequitymethodinvestments": 2192000000,
        "incometaxexpensebenefit": 351000000,
        "earningspersharebasic": 1.83,
        "weightedaveragenumberofsharesoutstandingbasic": -3000000,
        "earningspersharediluted": 1.8200000000000005,
        "weightedaveragenumberofdilutedsharesoutstanding": -3000000
    },
    {
        "date": "2018-06-29",
        "symbol": "MA",
        "period": "Q2",
        "profitloss": 1569000000,
        "othercomprehensiveincomelossforeigncurrencytransactionandtranslationadjustmentbeforetax": -352000000,
        "othercomprehensiveincomelossforeigncurrencytranslationadjustmenttax": -7000000,
        "othercomprehensiveincomelossforeigncurrencytransactionandtranslationadjustmentnetoftax": -345000000,
        "othercomprehensiveincomelosstranslationadjustmentsonnetinvestmenthedge": 113000000,
        "othercomprehensiveincomelosstranslationadjustmentsonnetinvestmenthedgetax": 27000000,
        "othercomprehensiveincomelosstranslationadjustmentsonnetinvestmenthedgenetoftax": 86000000,
        "othercomprehensiveincomelosspensionandotherpostretirementbenefitplansadjustmentbeforereclassificationadjustmentsandtax": 0,
        "othercomprehensiveincomelosspensionandotherpostretirementbenefitplansadjustmentbeforereclassificationadjustmentsnetoftax": 0,
        "othercomprehensiveincomeunrealizedholdinggainlossonsecuritiesarisingduringperiodbeforetax": 0,
        "othercomprehensiveincomelossavailableforsalesecuritiesadjustmentnetoftax": 0,
        "othercomprehensiveincomelossnetoftax": -259000000,
        "comprehensiveincomenetoftaxincludingportionattributabletononcontrollinginterest": 1310000000,
        "salesrevenuenet": 1331000000,
        "generalandadministrativeexpense": 1154000000,
        "marketingandadvertisingexpense": 176000000,
        "depreciationandamortization": 115000000,
        "litigationsettlementexpense": 272000000,
        "operatingexpenses": 1729000000,
        "operatingincomeloss": 1936000000,
        "investmentincomenet": 31000000,
        "interestexpense": 48000000,
        "othernonoperatingincomeexpense": 3000000,
        "nonoperatingincomeexpense": -14000000,
        "incomelossfromcontinuingoperationsbeforeincometaxesminorityinterestandincomelossfromequitymethodinvestments": 1876000000,
        "incometaxexpensebenefit": 339000000,
        "earningspersharebasic": 1.5,
        "weightedaveragenumberofsharesoutstandingbasic": -4000000,
        "earningspersharediluted": 1.5000000000000002,
        "weightedaveragenumberofdilutedsharesoutstanding": -4000000
    },
    {
        "date": "2018-03-30",
        "symbol": "MA",
        "period": "Q1",
        "profitloss": 1492000000,
        "othercomprehensiveincomelossforeigncurrencytransactionandtranslationadjustmentbeforetax": 161000000,
        "othercomprehensiveincomelossforeigncurrencytranslationadjustmenttax": 2000000,
        "othercomprehensiveincomelossforeigncurrencytransactionandtranslationadjustmentnetoftax": 159000000,
        "othercomprehensiveincomelosstranslationadjustmentsonnetinvestmenthedge": -45000000,
        "othercomprehensiveincomelosstranslationadjustmentsonnetinvestmenthedgetax": -12000000,
        "othercomprehensiveincomelosstranslationadjustmentsonnetinvestmenthedgenetoftax": -33000000,
        "othercomprehensiveincomelosspensionandotherpostretirementbenefitplansadjustmentbeforereclassificationadjustmentsandtax": 1000000,
        "othercomprehensiveincomelosspensionandotherpostretirementbenefitplansadjustmentbeforereclassificationadjustmentsnetoftax": 1000000,
        "othercomprehensiveincomeunrealizedholdinggainlossonsecuritiesarisingduringperiodbeforetax": -1000000,
        "othercomprehensiveincomelossavailableforsalesecuritiesadjustmentnetoftax": -1000000,
        "othercomprehensiveincomelossnetoftax": 124000000,
        "comprehensiveincomenetoftaxincludingportionattributabletononcontrollinginterest": 1616000000,
        "salesrevenuenet": 1248000000,
        "generalandadministrativeexpense": 1299000000,
        "marketingandadvertisingexpense": 184000000,
        "depreciationandamortization": 120000000,
        "litigationsettlementexpense": 70000000,
        "operatingexpenses": 1755000000,
        "operatingincomeloss": 1825000000,
        "investmentincomenet": 17000000,
        "interestexpense": 43000000,
        "othernonoperatingincomeexpense": 4000000,
        "nonoperatingincomeexpense": -22000000,
        "incomelossfromcontinuingoperationsbeforeincometaxesminorityinterestandincomelossfromequitymethodinvestments": 1731000000,
        "incometaxexpensebenefit": 297000000,
        "earningspersharebasic": 1.42,
        "weightedaveragenumberofsharesoutstandingbasic": 1051000000,
        "earningspersharediluted": 1.41,
        "weightedaveragenumberofdilutedsharesoutstanding": 1057000000
    },
    {
        "date": "2017-09-29",
        "symbol": "MA",
        "period": "Q3",
        "profitloss": 1430000000,
        "othercomprehensiveincomelossforeigncurrencytransactionandtranslationadjustmentbeforetax": 199000000,
        "othercomprehensiveincomelossforeigncurrencytransactionandtranslationadjustmentnetoftax": 198000000,
        "othercomprehensiveincomelosstranslationadjustmentsonnetinvestmenthedge": -65000000,
        "othercomprehensiveincomelosstranslationadjustmentsonnetinvestmenthedgetax": -23000000,
        "othercomprehensiveincomelosstranslationadjustmentsonnetinvestmenthedgenetoftax": -42000000,
        "othercomprehensiveincomeunrealizedholdinggainlossonsecuritiesarisingduringperiodbeforetax": 1000000,
        "othercomprehensiveincomelossnetoftax": 157000000,
        "comprehensiveincomenetoftaxincludingportionattributabletononcontrollinginterest": 1587000000,
        "salesrevenuenet": 3398000000,
        "generalandadministrativeexpense": 1136000000,
        "marketingandadvertisingexpense": 203000000,
        "depreciationandamortization": 118000000,
        "operatingexpenses": 1457000000,
        "operatingincomeloss": 1941000000,
        "investmentincomenet": 15000000,
        "interestexpense": 35000000,
        "nonoperatingincomeexpense": -9000000,
        "incomelossfromcontinuingoperationsbeforeincometaxesminorityinterestandincomelossfromequitymethodinvestments": 1932000000,
        "incometaxexpensebenefit": -9000000,
        "earningspersharebasic": 1.35,
        "weightedaveragenumberofsharesoutstandingbasic": -3000000,
        "earningspersharediluted": 0
    },
    {
        "date": "2017-06-29",
        "symbol": "MA",
        "period": "Q2",
        "profitloss": 1177000000,
        "othercomprehensiveincomelossforeigncurrencytransactionandtranslationadjustmentbeforetax": 230000000,
        "othercomprehensiveincomelossforeigncurrencytranslationadjustmenttax": -2000000,
        "othercomprehensiveincomelossforeigncurrencytransactionandtranslationadjustmentnetoftax": 232000000,
        "othercomprehensiveincomelosstranslationadjustmentsonnetinvestmenthedge": -108000000,
        "othercomprehensiveincomelosstranslationadjustmentsonnetinvestmenthedgetax": -40000000,
        "othercomprehensiveincomelosstranslationadjustmentsonnetinvestmenthedgenetoftax": -68000000,
        "othercomprehensiveincomelosspensionandotherpostretirementbenefitplansadjustmentbeforereclassificationadjustmentsandtax": 0,
        "othercomprehensiveincomelosspensionandotherpostretirementbenefitplansbeforereclassificationadjustmentstax": 0,
        "othercomprehensiveincomelosspensionandotherpostretirementbenefitplansadjustmentbeforereclassificationadjustmentsnetoftax": 0,
        "othercomprehensiveincomeunrealizedholdinggainlossonsecuritiesarisingduringperiodbeforetax": -1000000,
        "othercomprehensiveincomelossavailableforsalesecuritiesadjustmentnetoftax": 0,
        "othercomprehensiveincomelossnetoftax": 164000000,
        "comprehensiveincomenetoftaxincludingportionattributabletononcontrollinginterest": 1341000000,
        "salesrevenuenet": 3053000000,
        "generalandadministrativeexpense": 1075000000,
        "marketingandadvertisingexpense": 214000000,
        "depreciationandamortization": 111000000,
        "litigationsettlementexpense": 0,
        "operatingexpenses": 1400000000,
        "operatingincomeloss": 1653000000,
        "investmentincomenet": 14000000,
        "interestexpense": 39000000,
        "othernonoperatingincomeexpense": 0,
        "nonoperatingincomeexpense": -25000000,
        "incomelossfromcontinuingoperationsbeforeincometaxesminorityinterestandincomelossfromequitymethodinvestments": 1628000000,
        "incometaxexpensebenefit": -11000000,
        "earningspersharebasic": 1.1,
        "weightedaveragenumberofsharesoutstandingbasic": -4000000,
        "earningspersharediluted": 0.009999999999999998,
        "weightedaveragenumberofdilutedsharesoutstanding": 0
    },
    {
        "date": "2017-03-30",
        "symbol": "MA",
        "period": "Q1",
        "profitloss": 1081000000,
        "othercomprehensiveincomelossforeigncurrencytransactionandtranslationadjustmentbeforetax": 86000000,
        "othercomprehensiveincomelossforeigncurrencytranslationadjustmenttax": 1000000,
        "othercomprehensiveincomelossforeigncurrencytransactionandtranslationadjustmentnetoftax": 85000000,
        "othercomprehensiveincomelosstranslationadjustmentsonnetinvestmenthedge": -34000000,
        "othercomprehensiveincomelosstranslationadjustmentsonnetinvestmenthedgetax": -12000000,
        "othercomprehensiveincomelosstranslationadjustmentsonnetinvestmenthedgenetoftax": -22000000,
        "othercomprehensiveincomelosspensionandotherpostretirementbenefitplansadjustmentbeforereclassificationadjustmentsandtax": 2000000,
        "othercomprehensiveincomelosspensionandotherpostretirementbenefitplansbeforereclassificationadjustmentstax": 1000000,
        "othercomprehensiveincomelosspensionandotherpostretirementbenefitplansadjustmentbeforereclassificationadjustmentsnetoftax": 1000000,
        "othercomprehensiveincomeunrealizedholdinggainlossonsecuritiesarisingduringperiodbeforetax": -1000000,
        "othercomprehensiveincomelossavailableforsalesecuritiesadjustmentnetoftax": -1000000,
        "othercomprehensiveincomelossnetoftax": 61000000,
        "comprehensiveincomenetoftaxincludingportionattributabletononcontrollinginterest": 1142000000,
        "salesrevenuenet": 2734000000,
        "generalandadministrativeexpense": 951000000,
        "marketingandadvertisingexpense": 170000000,
        "depreciationandamortization": 92000000,
        "litigationsettlementexpense": 15000000,
        "operatingexpenses": 1228000000,
        "operatingincomeloss": 1506000000,
        "investmentincomenet": 15000000,
        "interestexpense": 39000000,
        "othernonoperatingincomeexpense": -4000000,
        "nonoperatingincomeexpense": -28000000,
        "incomelossfromcontinuingoperationsbeforeincometaxesminorityinterestandincomelossfromequitymethodinvestments": 1478000000,
        "incometaxexpensebenefit": -20000000,
        "earningspersharebasic": 1,
        "weightedaveragenumberofsharesoutstandingbasic": 1078000000,
        "earningspersharediluted": 0.02,
        "weightedaveragenumberofdilutedsharesoutstanding": 1000000
    },
    {
        "date": "2016-09-29",
        "symbol": "MA",
        "period": "Q3",
        "profitloss": 1184000000,
        "othercomprehensiveincomelossforeigncurrencytransactionandtranslationadjustmentbeforetax": -2000000,
        "othercomprehensiveincomelossforeigncurrencytranslationadjustmenttax": 5000000,
        "othercomprehensiveincomelossforeigncurrencytransactionandtranslationadjustmentnetoftax": -7000000,
        "othercomprehensiveincomelosstranslationadjustmentsonnetinvestmenthedge": -20000000,
        "othercomprehensiveincomelosstranslationadjustmentsonnetinvestmenthedgetax": -7000000,
        "othercomprehensiveincomelosstranslationadjustmentsonnetinvestmenthedgenetoftax": -13000000,
        "othercomprehensiveincomelossavailableforsalesecuritiesadjustmentbeforetax": 0,
        "othercomprehensiveincomelossavailableforsalesecuritiestax": 0,
        "othercomprehensiveincomelossavailableforsalesecuritiesadjustmentnetoftax": 0,
        "othercomprehensiveincomelossnetoftax": -20000000,
        "comprehensiveincomenetoftaxincludingportionattributabletononcontrollinginterest": 1164000000,
        "salesrevenuenet": 2880000000,
        "generalandadministrativeexpense": 933000000,
        "marketingandadvertisingexpense": 184000000,
        "depreciationandamortization": 93000000,
        "operatingexpenses": 1210000000,
        "operatingincomeloss": 1670000000,
        "investmentincomenet": 12000000,
        "interestexpense": 23000000,
        "othernonoperatingincomeexpense": -26000000,
        "nonoperatingincomeexpense": -37000000,
        "incomelossfromcontinuingoperationsbeforeincometaxesminorityinterestandincomelossfromequitymethodinvestments": 1633000000,
        "incometaxexpensebenefit": 449000000,
        "earningspersharebasic": 1.0899999999999999,
        "weightedaveragenumberofsharesoutstandingbasic": -1106000000,
        "earningspersharediluted": 1.08,
        "weightedaveragenumberofdilutedsharesoutstanding": -1109000000
    },
    {
        "date": "2016-06-29",
        "symbol": "MA",
        "period": "Q2",
        "profitloss": 983000000,
        "othercomprehensiveincomelossforeigncurrencytransactionandtranslationadjustmentbeforetax": -89000000,
        "othercomprehensiveincomelossforeigncurrencytranslationadjustmenttax": 7000000,
        "othercomprehensiveincomelossforeigncurrencytransactionandtranslationadjustmentnetoftax": -96000000,
        "othercomprehensiveincomelosstranslationadjustmentsonnetinvestmenthedge": 28000000,
        "othercomprehensiveincomelosstranslationadjustmentsonnetinvestmenthedgetax": 9000000,
        "othercomprehensiveincomelosstranslationadjustmentsonnetinvestmenthedgenetoftax": 19000000,
        "othercomprehensiveincomelosspensionandotherpostretirementbenefitplansadjustmentbeforereclassificationadjustmentsandtax": 1000000,
        "othercomprehensiveincomelosspensionandotherpostretirementbenefitplansadjustmentbeforereclassificationadjustmentsnetoftax": 1000000,
        "othercomprehensiveincomelossavailableforsalesecuritiesadjustmentbeforetax": 2000000,
        "othercomprehensiveincomelossavailableforsalesecuritiestax": 1000000,
        "othercomprehensiveincomelossavailableforsalesecuritiesadjustmentnetoftax": 1000000,
        "othercomprehensiveincomelossnetoftax": -77000000,
        "comprehensiveincomenetoftaxincludingportionattributabletononcontrollinginterest": 906000000,
        "salesrevenuenet": 2694000000,
        "generalandadministrativeexpense": 930000000,
        "marketingandadvertisingexpense": 184000000,
        "depreciationandamortization": 93000000,
        "litigationsettlementexpense": 107000000,
        "operatingexpenses": 1314000000,
        "operatingincomeloss": 1380000000,
        "investmentincomenet": 10000000,
        "interestexpense": 22000000,
        "othernonoperatingincomeexpense": -3000000,
        "nonoperatingincomeexpense": -15000000,
        "incomelossfromcontinuingoperationsbeforeincometaxesminorityinterestandincomelossfromequitymethodinvestments": 1365000000,
        "incometaxexpensebenefit": 382000000,
        "earningspersharebasic": 0.89,
        "weightedaveragenumberofsharesoutstandingbasic": 1098000000,
        "earningspersharediluted": 0.89,
        "weightedaveragenumberofdilutedsharesoutstanding": 1101000000
    },
    {
        "date": "2016-03-30",
        "symbol": "MA",
        "period": "Q1",
        "profitloss": 959000000,
        "othercomprehensiveincomelossforeigncurrencytransactionandtranslationadjustmentbeforetax": 94000000,
        "othercomprehensiveincomelossforeigncurrencytranslationadjustmenttax": -2000000,
        "othercomprehensiveincomelossforeigncurrencytransactionandtranslationadjustmentnetoftax": 96000000,
        "othercomprehensiveincomelosstranslationadjustmentsonnetinvestmenthedge": -64000000,
        "othercomprehensiveincomelosstranslationadjustmentsonnetinvestmenthedgetax": -22000000,
        "othercomprehensiveincomelosstranslationadjustmentsonnetinvestmenthedgenetoftax": -42000000,
        "othercomprehensiveincomelossavailableforsalesecuritiesadjustmentbeforetax": 3000000,
        "othercomprehensiveincomelossavailableforsalesecuritiestax": 1000000,
        "othercomprehensiveincomelossavailableforsalesecuritiesadjustmentnetoftax": 2000000,
        "othercomprehensiveincomelossnetoftax": 56000000,
        "comprehensiveincomenetoftaxincludingportionattributabletononcontrollinginterest": 1015000000,
        "salesrevenuenet": 2446000000,
        "generalandadministrativeexpense": 868000000,
        "marketingandadvertisingexpense": 135000000,
        "depreciationandamortization": 95000000,
        "operatingexpenses": 1098000000,
        "operatingincomeloss": 1348000000,
        "investmentincomenet": 10000000,
        "interestexpense": 20000000,
        "othernonoperatingincomeexpense": -1000000,
        "nonoperatingincomeexpense": -11000000,
        "incomelossfromcontinuingoperationsbeforeincometaxesminorityinterestandincomelossfromequitymethodinvestments": 1337000000,
        "incometaxexpensebenefit": 378000000,
        "earningspersharebasic": 0.86,
        "weightedaveragenumberofsharesoutstandingbasic": 1109000000,
        "earningspersharediluted": 0.86,
        "weightedaveragenumberofdilutedsharesoutstanding": 1112000000
    },
    {
        "date": "2015-09-29",
        "symbol": "MA",
        "period": "Q3",
        "profitloss": 977000000,
        "othercomprehensiveincomelossforeigncurrencytransactionandtranslationadjustmentnetoftax": -66000000,
        "othercomprehensiveincomelosspensionandotherpostretirementbenefitplansadjustmentbeforetax": -40000000,
        "othercomprehensiveincomelosspensionandotherpostretirementbenefitplansadjustmentnetoftax": -25000000,
        "othercomprehensiveincomelossavailableforsalesecuritiesadjustmentbeforetax": -3000000,
        "othercomprehensiveincomelossavailableforsalesecuritiesadjustmentnetoftax": -3000000,
        "othercomprehensiveincomelossnetoftax": -44000000,
        "comprehensiveincomenetoftaxincludingportionattributabletononcontrollinginterest": 933000000,
        "revenues": 2530000000,
        "generalandadministrativeexpense": 883000000,
        "marketingandadvertisingexpense": 184000000,
        "depreciationandamortization": 94000000,
        "costsandexpenses": 1161000000,
        "operatingincomeloss": 1369000000,
        "investmentincomenet": 5000000,
        "interestexpense": 15000000,
        "othernonoperatingincomeexpense": -7000000,
        "nonoperatingincomeexpense": -17000000,
        "incomelossfromcontinuingoperationsbeforeincometaxesminorityinterestandincomelossfromequitymethodinvestments": 1352000000,
        "incometaxexpensebenefit": 375000000,
        "earningspersharebasic": 0.8699999999999998,
        "weightedaveragenumberofsharesoutstandingbasic": -1150000000,
        "earningspersharediluted": 0.86,
        "weightedaveragenumberofdilutedsharesoutstanding": -1154000000
    },
    {
        "date": "2015-06-29",
        "symbol": "MA",
        "period": "Q2",
        "profitloss": 921000000,
        "othercomprehensiveincomelossforeigncurrencytransactionandtranslationadjustmentnetoftax": 141000000,
        "othercomprehensiveincomelosspensionandotherpostretirementbenefitplansadjustmentbeforetax": -12000000,
        "othercomprehensiveincomelosspensionandotherpostretirementbenefitplanstax": -4000000,
        "othercomprehensiveincomelosspensionandotherpostretirementbenefitplansadjustmentnetoftax": -8000000,
        "othercomprehensiveincomelossavailableforsalesecuritiesadjustmentbeforetax": -2000000,
        "othercomprehensiveincomelossavailableforsalesecuritiesadjustmentnetoftax": -2000000,
        "othercomprehensiveincomelossnetoftax": 147000000,
        "comprehensiveincomenetoftaxincludingportionattributabletononcontrollinginterest": 1068000000,
        "revenues": 2390000000,
        "generalandadministrativeexpense": 810000000,
        "marketingandadvertisingexpense": 176000000,
        "depreciationandamortization": 92000000,
        "litigationsettlementexpense": 61000000,
        "costsandexpenses": 1139000000,
        "operatingincomeloss": 1251000000,
        "investmentincomenet": 6000000,
        "interestexpense": 17000000,
        "othernonoperatingincomeexpense": 1000000,
        "nonoperatingincomeexpense": -10000000,
        "incomelossfromcontinuingoperationsbeforeincometaxesminorityinterestandincomelossfromequitymethodinvestments": 1241000000,
        "incometaxexpensebenefit": 320000000,
        "earningspersharebasic": 0.81,
        "weightedaveragenumberofsharesoutstandingbasic": 1138000000,
        "earningspersharediluted": 0.81,
        "weightedaveragenumberofdilutedsharesoutstanding": 1141000000
    },
    {
        "date": "2015-03-30",
        "symbol": "MA",
        "period": "Q1",
        "profitloss": 1020000000,
        "othercomprehensiveincomelossforeigncurrencytransactionandtranslationadjustmentnetoftax": -375000000,
        "othercomprehensiveincomelosspensionandotherpostretirementbenefitplansadjustmentbeforetax": -1000000,
        "othercomprehensiveincomelosspensionandotherpostretirementbenefitplansadjustmentnetoftax": -1000000,
        "othercomprehensiveincomelossavailableforsalesecuritiesadjustmentbeforetax": -5000000,
        "othercomprehensiveincomelossavailableforsalesecuritiesadjustmentnetoftax": -5000000,
        "othercomprehensiveincomelossnetoftax": -379000000,
        "comprehensiveincomenetoftaxincludingportionattributabletononcontrollinginterest": 641000000,
        "revenues": 2230000000,
        "generalandadministrativeexpense": 650000000,
        "marketingandadvertisingexpense": 142000000,
        "depreciationandamortization": 87000000,
        "costsandexpenses": 879000000,
        "operatingincomeloss": 1351000000,
        "investmentincomenet": 9000000,
        "interestexpense": 17000000,
        "othernonoperatingincomeexpense": -3000000,
        "nonoperatingincomeexpense": -11000000,
        "incomelossfromcontinuingoperationsbeforeincometaxesminorityinterestandincomelossfromequitymethodinvestments": 1340000000,
        "incometaxexpensebenefit": 320000000,
        "earningspersharebasic": 0.89,
        "weightedaveragenumberofsharesoutstandingbasic": 1148000000,
        "earningspersharediluted": 0.89,
        "weightedaveragenumberofdilutedsharesoutstanding": 1152000000
    },
    {
        "date": "2014-09-29",
        "symbol": "MA",
        "period": "Q3",
        "othercomprehensiveincomelossforeigncurrencytransactionandtranslationadjustmentnetoftax": -274000000,
        "othercomprehensiveincomelosspensionandotherpostretirementbenefitplansadjustmentbeforetax": 0,
        "othercomprehensiveincomelosspensionandotherpostretirementbenefitplansadjustmentnetoftax": 0,
        "othercomprehensiveincomeunrealizedholdinggainlossonsecuritiesarisingduringperiodbeforetax": -8000000,
        "othercomprehensiveincomeunrealizedholdinggainlossonsecuritiesarisingduringperiodnetoftax": -6000000,
        "othercomprehensiveincomelossnetoftax": -280000000,
        "comprehensiveincomenetoftaxincludingportionattributabletononcontrollinginterest": 735000000,
        "revenues": 2503000000,
        "generalandadministrativeexpense": 797000000,
        "marketingandadvertisingexpense": 203000000,
        "depreciationandamortization": 83000000,
        "costsandexpenses": 1083000000,
        "operatingincomeloss": 1420000000,
        "investmentincomenet": 8000000,
        "interestexpense": 11000000,
        "othernonoperatingincomeexpense": 1000000,
        "nonoperatingincomeexpense": -2000000,
        "incomelossfromcontinuingoperationsbeforeincometaxesminorityinterestandincomelossfromequitymethodinvestments": 1418000000,
        "incometaxexpensebenefit": 403000000,
        "earningspersharebasic": 0.8800000000000001,
        "weightedaveragenumberofsharesoutstandingbasic": -1181000000,
        "earningspersharediluted": 0.8699999999999999,
        "weightedaveragenumberofdilutedsharesoutstanding": -1186000000
    },
    {
        "date": "2014-06-29",
        "symbol": "MA",
        "period": "Q2",
        "profitloss": 931000000,
        "othercomprehensiveincomelossforeigncurrencytransactionandtranslationadjustmentnetoftax": 13000000,
        "othercomprehensiveincomelosspensionandotherpostretirementbenefitplansadjustmentbeforetax": -1000000,
        "othercomprehensiveincomelosspensionandotherpostretirementbenefitplansadjustmentnetoftax": -1000000,
        "othercomprehensiveincomeunrealizedholdinggainlossonsecuritiesarisingduringperiodbeforetax": -8000000,
        "othercomprehensiveincomeunrealizedholdinggainlossonsecuritiesarisingduringperiodtax": -2000000,
        "othercomprehensiveincomeunrealizedholdinggainlossonsecuritiesarisingduringperiodnetoftax": -6000000,
        "othercomprehensiveincomelossnetoftax": 8000000,
        "comprehensiveincomenetoftaxincludingportionattributabletononcontrollinginterest": 939000000,
        "revenues": 2377000000,
        "generalandadministrativeexpense": 740000000,
        "marketingandadvertisingexpense": 173000000,
        "depreciationandamortization": 81000000,
        "costsandexpenses": 994000000,
        "operatingincomeloss": 1383000000,
        "investmentincomenet": 6000000,
        "interestexpense": 15000000,
        "othernonoperatingincomeexpense": -1000000,
        "nonoperatingincomeexpense": -10000000,
        "incomelossfromcontinuingoperationsbeforeincometaxesminorityinterestandincomelossfromequitymethodinvestments": 1373000000,
        "incometaxexpensebenefit": 442000000,
        "earningspersharebasic": 0.8,
        "weightedaveragenumberofsharesoutstandingbasic": 1165000000,
        "earningspersharediluted": 0.8,
        "weightedaveragenumberofdilutedsharesoutstanding": 1169000000
    },
    {
        "date": "2014-03-30",
        "symbol": "MA",
        "period": "Q1",
        "netincomeloss": 870000000,
        "othercomprehensiveincomelossforeigncurrencytransactionandtranslationadjustmentnetoftax": -1000000,
        "othercomprehensiveincomelosspensionandotherpostretirementbenefitplansadjustmentbeforetax": -1000000,
        "othercomprehensiveincomelosspensionandotherpostretirementbenefitplansadjustmentnetoftax": -1000000,
        "othercomprehensiveincomeunrealizedholdinggainlossonsecuritiesarisingduringperiodbeforetax": 2000000,
        "othercomprehensiveincomeunrealizedholdinggainlossonsecuritiesarisingduringperiodnetoftax": 2000000,
        "othercomprehensiveincomelossnetoftax": 2000000,
        "comprehensiveincomenetoftaxincludingportionattributabletononcontrollinginterest": 872000000,
        "revenues": 2177000000,
        "generalandadministrativeexpense": 670000000,
        "marketingandadvertisingexpense": 149000000,
        "depreciationandamortization": 73000000,
        "costsandexpenses": 892000000,
        "operatingincomeloss": 1285000000,
        "investmentincomenet": 7000000,
        "interestexpense": 6000000,
        "othernonoperatingincomeexpense": -5000000,
        "nonoperatingincomeexpense": -4000000,
        "incomelossfromcontinuingoperationsbeforeincometaxesminorityinterestandincomelossfromequitymethodinvestments": 1281000000,
        "incometaxexpensebenefit": 411000000,
        "earningspersharebasic": 0.73,
        "weightedaveragenumberofsharesoutstandingbasic": 1185000000,
        "earningspersharediluted": 0.73,
        "weightedaveragenumberofdilutedsharesoutstanding": 1189000000
    },
    {
        "date": "2013-09-29",
        "symbol": "MA",
        "period": "Q3",
        "netincomeloss": 879000000,
        "othercomprehensiveincomelossforeigncurrencytransactionandtranslationadjustmentnetoftax": 137000000,
        "othercomprehensiveincomelosspensionandotherpostretirementbenefitplansadjustmentbeforetax": 2000000,
        "othercomprehensiveincomelosspensionandotherpostretirementbenefitplanstax": 1000000,
        "othercomprehensiveincomelosspensionandotherpostretirementbenefitplansadjustmentnetoftax": 1000000,
        "othercomprehensiveincomeunrealizedholdinggainlossonsecuritiesarisingduringperiodbeforetax": -1000000,
        "othercomprehensiveincomeunrealizedholdinggainlossonsecuritiesarisingduringperiodtax": -1000000,
        "othercomprehensiveincomelossnetoftax": 136000000,
        "comprehensiveincomenetoftaxincludingportionattributabletononcontrollinginterest": 1015000000,
        "revenues": 2218000000,
        "generalandadministrativeexpense": 701000000,
        "marketingandadvertisingexpense": 205000000,
        "depreciationandamortization": 64000000,
        "costsandexpenses": 970000000,
        "operatingincomeloss": 1248000000,
        "investmentincomenet": 11000000,
        "interestexpense": -3000000,
        "othernonoperatingincomeexpense": -8000000,
        "nonoperatingincomeexpense": 6000000,
        "incomelossfromcontinuingoperationsbeforeincometaxesminorityinterestandincomelossfromequitymethodinvestments": 1254000000,
        "incometaxexpensebenefit": 375000000,
        "earningspersharebasic": 7.3,
        "weightedaveragenumberofsharesoutstandingbasic": 121000000,
        "earningspersharediluted": 7.27,
        "weightedaveragenumberofdilutedsharesoutstanding": 121000000
    },
    {
        "date": "2013-06-29",
        "symbol": "MA",
        "period": "Q2",
        "netincomeloss": 848000000,
        "othercomprehensiveincomelossforeigncurrencytransactionandtranslationadjustmentnetoftax": 41000000,
        "othercomprehensiveincomelosspensionandotherpostretirementbenefitplansadjustmentbeforetax": -1000000,
        "othercomprehensiveincomelosspensionandotherpostretirementbenefitplansadjustmentnetoftax": -1000000,
        "othercomprehensiveincomeunrealizedholdinggainlossonsecuritiesarisingduringperiodbeforetax": -9000000,
        "othercomprehensiveincomeunrealizedholdinggainlossonsecuritiesarisingduringperiodtax": -3000000,
        "othercomprehensiveincomeunrealizedholdinggainlossonsecuritiesarisingduringperiodnetoftax": -6000000,
        "othercomprehensiveincomelossnetoftax": 36000000,
        "comprehensiveincomenetoftaxincludingportionattributabletononcontrollinginterest": 884000000,
        "revenues": 2096000000,
        "generalandadministrativeexpense": 621000000,
        "marketingandadvertisingexpense": 186000000,
        "depreciationandamortization": 61000000,
        "costsandexpenses": 868000000,
        "operatingincomeloss": 1228000000,
        "investmentincomenet": 11000000,
        "interestexpense": 5000000,
        "othernonoperatingincomeexpense": -1000000,
        "nonoperatingincomeexpense": 5000000,
        "incomelossfromcontinuingoperationsbeforeincometaxesminorityinterestandincomelossfromequitymethodinvestments": 1233000000,
        "incometaxexpensebenefit": 385000000,
        "earningspersharebasic": 6.98,
        "weightedaveragenumberofsharesoutstandingbasic": 121000000,
        "earningspersharediluted": 6.96,
        "weightedaveragenumberofdilutedsharesoutstanding": 122000000
    },
    {
        "date": "2013-03-30",
        "symbol": "MA",
        "period": "Q1",
        "netincomeloss": 766000000,
        "othercomprehensiveincomelossforeigncurrencytransactionandtranslationadjustmentnetoftax": -112000000,
        "othercomprehensiveincomelosspensionandotherpostretirementbenefitplansadjustmentbeforetax": -1000000,
        "othercomprehensiveincomelosspensionandotherpostretirementbenefitplansadjustmentnetoftax": -1000000,
        "othercomprehensiveincomelossnetoftax": -111000000,
        "comprehensiveincomenetoftaxincludingportionattributabletononcontrollinginterest": 655000000,
        "revenues": 1906000000,
        "generalandadministrativeexpense": 608000000,
        "marketingandadvertisingexpense": 129000000,
        "depreciationandamortization": 62000000,
        "costsandexpenses": 799000000,
        "operatingincomeloss": 1107000000,
        "investmentincomenonoperating": 8000000,
        "interestexpense": 5000000,
        "othernonoperatingincomeexpense": -8000000,
        "nonoperatingincomeexpense": -5000000,
        "incomelossfromcontinuingoperationsbeforeincometaxesminorityinterestandincomelossfromequitymethodinvestments": 1102000000,
        "incometaxexpensebenefit": 336000000,
        "earningspersharebasic": 6.25,
        "weightedaveragenumberofsharesoutstandingbasic": 123000000,
        "earningspersharediluted": 6.23,
        "weightedaveragenumberofdilutedsharesoutstanding": 123000000
    },
    {
        "date": "2012-09-29",
        "symbol": "MA",
        "period": "Q3",
        "profitloss": 772000000,
        "othercomprehensiveincomeunrealizedholdinggainlossonsecuritiesarisingduringperiodbeforetax": 4000000,
        "othercomprehensiveincomeunrealizedholdinggainlossonsecuritiesarisingduringperiodtax": 1000000,
        "othercomprehensiveincomeunrealizedholdinggainlossonsecuritiesarisingduringperiodnetoftax": 3000000,
        "comprehensiveincomenetoftaxincludingportionattributabletononcontrollinginterest": 853000000,
        "comprehensiveincomenetoftax": 853000000,
        "revenues": 1918000000,
        "generalandadministrativeexpense": 620000000,
        "marketingandadvertisingexpense": 176000000,
        "depreciationandamortization": 58000000,
        "costsandexpenses": 854000000,
        "operatingincomeloss": 1064000000,
        "investmentincomenonoperating": 9000000,
        "interestexpense": 4000000,
        "othernonoperatingincomeexpense": -3000000,
        "incomelossfromcontinuingoperationsbeforeincometaxesminorityinterestandincomelossfromequitymethodinvestments": 1066000000,
        "incometaxexpensebenefit": 294000000,
        "netincomeloss": 772000000,
        "earningspersharebasic": 6.179999999999999,
        "weightedaveragenumberofsharesoutstandingbasic": 0,
        "earningspersharediluted": 6.159999999999999
    },
    {
        "date": "2012-06-29",
        "symbol": "MA",
        "period": "Q2",
        "profitloss": 700000000,
        "othercomprehensiveincomeforeigncurrencytransactionandtranslationadjustmentnetoftaxperiodincreasedecrease": -127000000,
        "othercomprehensiveincomedefinedbenefitplansadjustmentbeforetaxperiodincreasedecrease": 1000000,
        "othercomprehensiveincomedefinedbenefitplansadjustmentnetoftaxperiodincreasedecrease": 0,
        "othercomprehensiveincomeunrealizedholdinggainlossonsecuritiesarisingduringperiodbeforetax": 3000000,
        "othercomprehensiveincomeunrealizedholdinggainlossonsecuritiesarisingduringperiodtax": 1000000,
        "othercomprehensiveincomeunrealizedholdinggainlossonsecuritiesarisingduringperiodnetoftax": 2000000,
        "othercomprehensiveincomelossnetoftaxperiodincreasedecrease": -125000000,
        "comprehensiveincomenetoftaxincludingportionattributabletononcontrollinginterest": 575000000,
        "netincomelossattributabletononcontrollinginterest": 0,
        "comprehensiveincomenetoftax": 575000000,
        "revenues": 1820000000,
        "generalandadministrativeexpense": 591000000,
        "marketingandadvertisingexpense": 179000000,
        "depreciationandamortization": 56000000,
        "costsandexpenses": 846000000,
        "operatingincomeloss": 974000000,
        "investmentincomenonoperating": 9000000,
        "interestexpense": 3000000,
        "othernonoperatingincomeexpense": -7000000,
        "nonoperatingincomeexpense": -1000000,
        "incomelossfromcontinuingoperationsbeforeincometaxesminorityinterestandincomelossfromequitymethodinvestments": 973000000,
        "incometaxexpensebenefit": 273000000,
        "netincomeloss": 700000000,
        "earningspersharebasic": 5.569999999999999,
        "weightedaveragenumberofsharesoutstandingbasic": -1000000,
        "earningspersharediluted": 5.55,
        "weightedaveragenumberofdilutedsharesoutstanding": 0
    },
    {
        "date": "2012-03-30",
        "symbol": "MA",
        "period": "Q1",
        "profitloss": 682000000,
        "othercomprehensiveincomeforeigncurrencytransactionandtranslationadjustmentnetoftaxperiodincreasedecrease": 77000000,
        "othercomprehensiveincomedefinedbenefitplansadjustmentbeforetaxperiodincreasedecrease": 1000000,
        "othercomprehensiveincomedefinedbenefitplansadjustmentnetoftaxperiodincreasedecrease": 1000000,
        "othercomprehensiveincomeunrealizedholdinggainlossonsecuritiesarisingduringperiodbeforetax": 3000000,
        "othercomprehensiveincomeunrealizedholdinggainlossonsecuritiesarisingduringperiodtax": 1000000,
        "othercomprehensiveincomeunrealizedholdinggainlossonsecuritiesarisingduringperiodnetoftax": 2000000,
        "othercomprehensiveincomelossnetoftaxperiodincreasedecrease": 80000000,
        "comprehensiveincomenetoftaxincludingportionattributabletononcontrollinginterest": 761000000,
        "netincomelossattributabletononcontrollinginterest": -1000000,
        "comprehensiveincomenetoftax": 762000000,
        "revenues": 1758000000,
        "generalandadministrativeexpense": 579000000,
        "marketingandadvertisingexpense": 125000000,
        "depreciationandamortization": 54000000,
        "costsandexpenses": 758000000,
        "operatingincomeloss": 1000000000,
        "investmentincomenonoperating": 9000000,
        "interestexpense": 6000000,
        "othernonoperatingincomeexpense": -4000000,
        "nonoperatingincomeexpense": -1000000,
        "incomelossfromcontinuingoperationsbeforeincometaxesminorityinterestandincomelossfromequitymethodinvestments": 999000000,
        "incometaxexpensebenefit": 318000000,
        "netincomeloss": 682000000,
        "earningspersharebasic": 5.38,
        "weightedaveragenumberofsharesoutstandingbasic": 127000000,
        "earningspersharediluted": 5.36,
        "weightedaveragenumberofdilutedsharesoutstanding": 127000000
    },
    {
        "date": "2011-09-29",
        "symbol": "MA",
        "period": "Q3",
        "profitloss": 716000000,
        "othercomprehensiveincomeforeigncurrencytransactionandtranslationadjustmentnetoftaxperiodincreasedecrease": -137000000,
        "othercomprehensiveincomeavailableforsalesecuritiesadjustmentnetoftaxperiodincreasedecrease": -6000000,
        "othercomprehensiveincomelossnetoftaxperiodincreasedecrease": -143000000,
        "comprehensiveincomenetoftaxincludingportionattributabletononcontrollinginterest": 573000000,
        "netincomelossattributabletononcontrollinginterest": -1000000,
        "comprehensiveincomenetoftax": 574000000,
        "revenues": 1818000000,
        "generalandadministrativeexpense": 565000000,
        "marketingandadvertisingexpense": 200000000,
        "depreciationandamortization": 51000000,
        "costsandexpenses": 816000000,
        "operatingincomeloss": 1002000000,
        "investmentincomenonoperating": 17000000,
        "interestexpense": 6000000,
        "othernonoperatingincomeexpense": 17000000,
        "nonoperatingincomeexpense": 28000000,
        "incomelossfromcontinuingoperationsbeforeincometaxesminorityinterestandincomelossfromequitymethodinvestments": 1030000000,
        "incometaxexpensebenefit": 314000000,
        "netincomeloss": 717000000,
        "earningspersharebasic": 5.65,
        "weightedaveragenumberofsharesoutstandingbasic": 127000000,
        "earningspersharediluted": 5.63,
        "weightedaveragenumberofdilutedsharesoutstanding": 127000000
    },
    {
        "date": "2011-06-29",
        "symbol": "MA",
        "period": "Q2",
        "revenues": 1667000000,
        "generalandadministrativeexpense": 540000000,
        "marketingandadvertisingexpense": 193000000,
        "depreciationandamortization": 49000000,
        "costsandexpenses": 782000000,
        "operatingincomeloss": 885000000,
        "investmentincomenonoperating": 11000000,
        "interestexpense": 2000000,
        "othernonoperatingincomeexpense": -2000000,
        "nonoperatingincomeexpense": 7000000,
        "incomelossfromcontinuingoperationsbeforeincometaxesminorityinterestandincomelossfromequitymethodinvestments": 892000000,
        "incometaxexpensebenefit": 284000000,
        "profitloss": 608000000,
        "netincomeloss": 608000000,
        "earningspersharebasic": 4.77,
        "weightedaveragenumberofsharesoutstandingbasic": 127000000,
        "earningspersharediluted": 4.76,
        "weightedaveragenumberofdilutedsharesoutstanding": 128000000,
        "othercomprehensiveincomeforeigncurrencytransactionandtranslationadjustmentnetoftaxperiodincreasedecrease": 43000000,
        "othercomprehensiveincomeavailableforsalesecuritiesadjustmentnetoftaxperiodincreasedecrease": 3000000,
        "othercomprehensiveincomelossnetoftaxperiodincreasedecrease": 46000000,
        "comprehensiveincomenetoftaxincludingportionattributabletononcontrollinginterest": 654000000,
        "comprehensiveincomenetoftax": 654000000
    },
    {
        "date": "2011-03-30",
        "symbol": "MA",
        "period": "Q1",
        "revenues": 1501000000,
        "generalandadministrativeexpense": 494000000,
        "marketingandadvertisingexpense": 129000000,
        "depreciationandamortization": 42000000,
        "costsandexpenses": 665000000,
        "operatingincomeloss": 836000000,
        "investmentincomenonoperating": 12000000,
        "interestexpense": 10000000,
        "othernonoperatingincomeexpense": -2000000,
        "incomelossfromcontinuingoperationsbeforeincometaxesminorityinterestandincomelossfromequitymethodinvestments": 836000000,
        "incometaxexpensebenefit": 274000000,
        "profitloss": 562000000,
        "netincomeloss": 562000000,
        "earningspersharebasic": 4.31,
        "weightedaveragenumberofsharesoutstandingbasic": 130000000,
        "earningspersharediluted": 4.29,
        "weightedaveragenumberofdilutedsharesoutstanding": 131000000,
        "othercomprehensiveincomeforeigncurrencytransactionandtranslationadjustmentnetoftaxperiodincreasedecrease": 105000000,
        "othercomprehensiveincomeavailableforsalesecuritiesadjustmentnetoftaxperiodincreasedecrease": 1000000,
        "othercomprehensiveincomelossnetoftaxperiodincreasedecrease": 106000000,
        "comprehensiveincomenetoftaxincludingportionattributabletononcontrollinginterest": 668000000,
        "comprehensiveincomenetoftax": 668000000
    },
    {
        "date": "2010-09-29",
        "symbol": "MA",
        "period": "Q3",
        "revenues": 1428000000,
        "generalandadministrativeexpense": 443000000,
        "marketingandadvertisingexpense": 182000000,
        "gainlossrelatedtolitigationsettlement": -1000000,
        "depreciationandamortization": 36000000,
        "costsandexpenses": 662000000,
        "operatingincomeloss": 766000000,
        "investmentincomenonoperating": 11000000,
        "interestexpense": 11000000,
        "othernonoperatingincomeexpense": 1000000,
        "nonoperatingincomeexpense": 1000000,
        "incomelossfromcontinuingoperationsbeforeincometaxesminorityinterestandincomelossfromequitymethodinvestments": 767000000,
        "incometaxexpensebenefit": 248000000,
        "profitloss": 519000000,
        "netincomelossattributabletononcontrollinginterest": 1000000,
        "netincomeloss": 518000000,
        "earningspersharebasic": 3.96,
        "weightedaveragenumberofsharesoutstandingbasic": 131000000,
        "earningspersharediluted": 3.94,
        "weightedaveragenumberofdilutedsharesoutstanding": 131000000,
        "othercomprehensiveincomeforeigncurrencytransactionandtranslationadjustmentnetoftaxperiodincreasedecrease": 202000000,
        "othercomprehensiveincomedefinedbenefitplansadjustmentnetoftaxperiodincreasedecrease": 6000000,
        "othercomprehensiveincomeavailableforsalesecuritiesadjustmentnetoftaxperiodincreasedecrease": 5000000,
        "othercomprehensiveincomelossnetoftaxperiodincreasedecrease": 213000000,
        "comprehensiveincomenetoftaxincludingportionattributabletononcontrollinginterest": 732000000,
        "comprehensiveincomenetoftaxattributabletononcontrollinginterest": 1000000,
        "comprehensiveincomenetoftax": 731000000
    },
    {
        "date": "2010-06-29",
        "symbol": "MA",
        "period": "Q2",
        "revenues": 1365000000,
        "generalandadministrativeexpense": 433000000,
        "marketingandadvertisingexpense": 180000000,
        "depreciationandamortization": 35000000,
        "costsandexpenses": 648000000,
        "operatingincomeloss": 717000000,
        "investmentincomenonoperating": 13000000,
        "interestexpense": 17000000,
        "nonoperatingincomeexpense": -4000000,
        "incomelossfromcontinuingoperationsbeforeincometaxesminorityinterestandincomelossfromequitymethodinvestments": 713000000,
        "incometaxexpensebenefit": 255000000,
        "profitloss": 458000000,
        "netincomeloss": 458000000,
        "earningspersharebasic": 3.5,
        "weightedaveragenumberofsharesoutstandingbasic": 131000000,
        "earningspersharediluted": 3.49,
        "weightedaveragenumberofdilutedsharesoutstanding": 131000000,
        "othercomprehensiveincomeforeigncurrencytransactionandtranslationadjustmentnetoftaxperiodincreasedecrease": -165000000,
        "othercomprehensiveincomeavailableforsalesecuritiesadjustmentnetoftaxperiodincreasedecrease": 5000000,
        "othercomprehensiveincomelossnetoftaxperiodincreasedecrease": -160000000,
        "comprehensiveincomenetoftaxincludingportionattributabletononcontrollinginterest": 298000000,
        "comprehensiveincomenetoftax": 298000000
    },
    {
        "date": "2010-03-30",
        "symbol": "MA",
        "period": "Q1",
        "revenues": 1308000000,
        "generalandadministrativeexpense": 458000000,
        "marketingandadvertisingexpense": 115000000,
        "depreciationandamortization": 35000000,
        "costsandexpenses": 608000000,
        "operatingincomeloss": 700000000,
        "investmentincomenonoperating": 10000000,
        "interestexpense": 15000000,
        "nonoperatingincomeexpense": -5000000,
        "incomelossfromcontinuingoperationsbeforeincometaxesminorityinterestandincomelossfromequitymethodinvestments": 695000000,
        "incometaxexpensebenefit": 240000000,
        "profitloss": 455000000,
        "netincomeloss": 455000000,
        "earningspersharebasic": 3.47,
        "weightedaveragenumberofsharesoutstandingbasic": 130000000,
        "earningspersharediluted": 3.46,
        "weightedaveragenumberofdilutedsharesoutstanding": 131000000,
        "othercomprehensiveincomeforeigncurrencytransactionandtranslationadjustmentperiodincreasedecrease": -105000000,
        "othercomprehensiveincomeavailableforsalesecuritiesadjustmentnetoftaxperiodincreasedecrease": -1000000,
        "othercomprehensiveincomelossnetoftaxperiodincreasedecrease": -106000000,
        "comprehensiveincomenetoftaxincludingportionattributabletononcontrollinginterest": 349000000,
        "comprehensiveincomenetoftax": 349000000
    }
]