[
    {
        "date": "2024-09-29",
        "symbol": "COP",
        "period": "Q3",
        "revenues": 13041000000,
        "incomelossfromequitymethodinvestments": 441000000,
        "gainlossonsaleofpropertyplantequipment": -2000000,
        "otheroperatingincomeexpensenet": 124000000,
        "revenuesandotherincome": -28548000000,
        "costofgoodsandservicessold": 4747000000,
        "operatingcostsandexpenses": 2261000000,
        "sellinggeneralandadministrativeexpense": -179000000,
        "explorationexpense": 70000000,
        "depreciationdepletionandamortization": 2390000000,
        "taxesexcludingincomeandexcisetaxes": 476000000,
        "accretionexpenseincludingassetretirementobligations": 80000000,
        "interestanddebtexpense": 189000000,
        "foreigncurrencytransactiongainlossbeforetax": 28000000,
        "othernonoperatingincomeexpense": 2000000,
        "operatingexpensesincludingnonoperatingincomeexpenseandinterestanddebtexpense": 10369000000,
        "incomelossattributabletoparent": 3235000000,
        "incometaxexpensebenefit": 1176000000,
        "netincomeloss": 2059000000,
        "earningspersharebasic": 1.7699999999999996,
        "earningspersharediluted": 1.7700000000000005,
        "weightedaveragenumberofsharesoutstandingbasic": 1169000000,
        "weightedaveragenumberofdilutedsharesoutstanding": 1171000000,
        "othercomprehensiveincomelossamortizationadjustmentfromaocipensionandotherpostretirementbenefitplansfornetpriorservicecostcreditbeforetax": -10000000,
        "definedbenefitplanamountsrecognizedinothercomprehensiveincomenetpriorservicecostcreditbeforetax": 10000000,
        "othercomprehensiveincomelossreclassificationadjustmentfromaocipensionandotherpostretirementbenefitplansfornetgainlossbeforetax": -16000000,
        "definedbenefitplanamountsrecognizedinothercomprehensiveincomelossnetgainlossbeforetax": 16000000,
        "othercomprehensiveincomelosspensionandotherpostretirementbenefitplanstax": -1000000,
        "othercomprehensiveincomelosspensionandotherpostretirementbenefitplansadjustmentnetoftax": -5000000,
        "othercomprehensiveincomeunrealizedholdinggainlossonsecuritiesarisingduringperiodbeforetax": 18000000,
        "othercomprehensiveincomeunrealizedholdinggainlossonsecuritiesarisingduringperiodnetoftax": 14000000,
        "othercomprehensiveincomelossforeigncurrencytransactionandtranslationadjustmentnetoftax": 147000000,
        "othercomprehensiveincomelosscashflowhedgegainlossafterreclassificationbeforetaxparent": -63000000,
        "othercomprehensiveincomelosscashflowhedgegainlossafterreclassificationtaxparent": -13000000,
        "othercomprehensiveincomelosscashflowhedgegainlossafterreclassificationandtaxparent": -50000000,
        "othercomprehensiveincomelossnetoftaxportionattributabletoparent": 116000000,
        "comprehensiveincomenetoftax": 2175000000
    },
    {
        "date": "2024-06-29",
        "symbol": "COP",
        "period": "Q2",
        "revenues": 13620000000,
        "incomelossfromequitymethodinvestments": 403000000,
        "gainlossonsaleofpropertyplantequipment": -5000000,
        "otheroperatingincomeexpensenet": 118000000,
        "revenuesandotherincome": 14136000000,
        "costofgoodsandservicessold": 4858000000,
        "operatingcostsandexpenses": 2164000000,
        "sellinggeneralandadministrativeexpense": 164000000,
        "explorationexpense": 102000000,
        "depreciationdepletionandamortization": 2334000000,
        "taxesexcludingincomeandexcisetaxes": 536000000,
        "accretionexpenseincludingassetretirementobligations": 80000000,
        "interestanddebtexpense": 198000000,
        "foreigncurrencytransactiongainlossbeforetax": -9000000,
        "othernonoperatingincomeexpense": 2000000,
        "operatingexpensesincludingnonoperatingincomeexpenseandinterestanddebtexpense": 10477000000,
        "incomelossattributabletoparent": 3659000000,
        "incometaxexpensebenefit": 1330000000,
        "netincomeloss": 2329000000,
        "earningspersharebasic": 1.9900000000000002,
        "earningspersharediluted": 1.9899999999999998,
        "weightedaveragenumberofsharesoutstandingbasic": 1173410000,
        "weightedaveragenumberofdilutedsharesoutstanding": 1175595000,
        "othercomprehensiveincomelossamortizationadjustmentfromaocipensionandotherpostretirementbenefitplansfornetpriorservicecostcreditbeforetax": -10000000,
        "definedbenefitplanamountsrecognizedinothercomprehensiveincomenetpriorservicecostcreditbeforetax": 10000000,
        "othercomprehensiveincomelossreclassificationadjustmentfromaocipensionandotherpostretirementbenefitplansfornetgainlossbeforetax": -16000000,
        "definedbenefitplanamountsrecognizedinothercomprehensiveincomelossnetgainlossbeforetax": 16000000,
        "othercomprehensiveincomelosspensionandotherpostretirementbenefitplanstax": -2000000,
        "othercomprehensiveincomelosspensionandotherpostretirementbenefitplansadjustmentnetoftax": -4000000,
        "othercomprehensiveincomeunrealizedholdinggainlossonsecuritiesarisingduringperiodbeforetax": -1000000,
        "othercomprehensiveincomeunrealizedholdinggainlossonsecuritiesarisingduringperiodtax": 0,
        "othercomprehensiveincomeunrealizedholdinggainlossonsecuritiesarisingduringperiodnetoftax": -1000000,
        "othercomprehensiveincomelossforeigncurrencytransactionandtranslationadjustmentnetoftax": -73000000,
        "othercomprehensiveincomelosscashflowhedgegainlossafterreclassificationbeforetaxparent": 33000000,
        "othercomprehensiveincomelosscashflowhedgegainlossafterreclassificationtaxparent": 7000000,
        "othercomprehensiveincomelosscashflowhedgegainlossafterreclassificationandtaxparent": 26000000,
        "othercomprehensiveincomelossnetoftaxportionattributabletoparent": -44000000,
        "comprehensiveincomenetoftax": 2285000000
    },
    {
        "date": "2024-03-30",
        "symbol": "COP",
        "period": "Q1",
        "revenues": 13848000000,
        "incomelossfromequitymethodinvestments": 421000000,
        "gainlossonsaleofpropertyplantequipment": 93000000,
        "otheroperatingincomeexpensenet": 114000000,
        "revenuesandotherincome": 14476000000,
        "costofgoodsandservicessold": 5334000000,
        "operatingcostsandexpenses": 2015000000,
        "sellinggeneralandadministrativeexpense": 178000000,
        "explorationexpense": 112000000,
        "depreciationdepletionandamortization": 2211000000,
        "taxesexcludingincomeandexcisetaxes": 555000000,
        "accretionexpenseincludingassetretirementobligations": 80000000,
        "interestanddebtexpense": 205000000,
        "foreigncurrencytransactiongainlossbeforetax": 18000000,
        "othernonoperatingincomeexpense": 4000000,
        "operatingexpensesincludingnonoperatingincomeexpenseandinterestanddebtexpense": 10668000000,
        "incomelossattributabletoparent": 3808000000,
        "incometaxexpensebenefit": 1257000000,
        "netincomeloss": 2551000000,
        "earningspersharebasic": 2.16,
        "earningspersharediluted": 2.15,
        "weightedaveragenumberofsharesoutstandingbasic": 1177921000,
        "weightedaveragenumberofdilutedsharesoutstanding": 1180320000,
        "othercomprehensiveincomelossamortizationadjustmentfromaocipensionandotherpostretirementbenefitplansfornetpriorservicecostcreditbeforetax": -9000000,
        "definedbenefitplanamountsrecognizedinothercomprehensiveincomenetpriorservicecostcreditbeforetax": 9000000,
        "othercomprehensiveincomelossreclassificationadjustmentfromaocipensionandotherpostretirementbenefitplansfornetgainlossbeforetax": -16000000,
        "definedbenefitplanamountsrecognizedinothercomprehensiveincomelossnetgainlossbeforetax": 16000000,
        "othercomprehensiveincomelosspensionandotherpostretirementbenefitplanstax": -2000000,
        "othercomprehensiveincomelosspensionandotherpostretirementbenefitplansadjustmentnetoftax": -5000000,
        "othercomprehensiveincomeunrealizedholdinggainlossonsecuritiesarisingduringperiodbeforetax": -4000000,
        "othercomprehensiveincomeunrealizedholdinggainlossonsecuritiesarisingduringperiodtax": -1000000,
        "othercomprehensiveincomeunrealizedholdinggainlossonsecuritiesarisingduringperiodnetoftax": -3000000,
        "othercomprehensiveincomelossforeigncurrencytransactionandtranslationadjustmentnetoftax": -230000000,
        "othercomprehensiveincomelosscashflowhedgegainlossafterreclassificationbeforetaxparent": -20000000,
        "othercomprehensiveincomelosscashflowhedgegainlossafterreclassificationtaxparent": -4000000,
        "othercomprehensiveincomelosscashflowhedgegainlossafterreclassificationandtaxparent": -16000000,
        "othercomprehensiveincomelossnetoftaxportionattributabletoparent": -244000000,
        "comprehensiveincomenetoftax": 2307000000
    },
    {
        "date": "2023-12-30",
        "symbol": "COP",
        "period": "Q4",
        "revenues": 26136000000,
        "incomelossfromequitymethodinvestments": 421000000,
        "gainlossonsaleofpropertyplantequipment": 28000000,
        "otheroperatingincomeexpensenet": 129000000,
        "revenuesandotherincome": 28168000000,
        "costofgoodsandservicessold": 5678000000,
        "operatingcostsandexpenses": 2033000000,
        "sellinggeneralandadministrativeexpense": 305000000,
        "explorationexpense": 85000000,
        "depreciationdepletionandamortization": 2223000000,
        "taxesexcludingincomeandexcisetaxes": 450000000,
        "accretionexpenseincludingassetretirementobligations": 79000000,
        "interestanddebtexpense": 219000000,
        "foreigncurrencytransactiongainlossbeforetax": -95000000,
        "othernonoperatingincomeexpense": -7000000,
        "operatingexpensesincludingnonoperatingincomeexpenseandinterestanddebtexpense": 11043000000,
        "incometaxexpensebenefit": 1257000000,
        "netincomeloss": 5288000000,
        "earningspersharebasic": 2.5300000000000002,
        "earningspersharediluted": 2.5200000000000005,
        "weightedaveragenumberofsharesoutstandingbasic": 1202757000,
        "weightedaveragenumberofdilutedsharesoutstanding": 1205675000,
        "othercomprehensiveincomelossamortizationadjustmentfromaocipensionandotherpostretirementbenefitplansfornetpriorservicecostcreditbeforetax": -10000000,
        "othercomprehensiveincomelossreclassificationadjustmentfromaocipensionandotherpostretirementbenefitplansfornetgainlossbeforetax": -20000000,
        "othercomprehensiveincomelosspensionandotherpostretirementbenefitplanstax": -15000000,
        "othercomprehensiveincomelosspensionandotherpostretirementbenefitplansadjustmentnetoftax": -29000000,
        "othercomprehensiveincomelossreclassificationadjustmentfromaociforsaleofsecuritiesbeforetax": 1000000,
        "othercomprehensiveincomeunrealizedholdinggainlossonsecuritiesarisingduringperiodnetoftax": 13000000,
        "othercomprehensiveincomelossforeigncurrencytransactionandtranslationadjustmentnetoftax": 220000000,
        "othercomprehensiveincomelossnetoftaxportionattributabletoparent": 288000000,
        "comprehensiveincomenetoftax": 3295000000
    },
    {
        "date": "2023-09-29",
        "symbol": "COP",
        "period": "Q3",
        "revenues": 14250000000,
        "incomelossfromequitymethodinvestments": 388000000,
        "gainlossonsaleofpropertyplantequipment": 108000000,
        "otheroperatingincomeexpensenet": 120000000,
        "revenuesandotherincome": 14866000000,
        "costofgoodsandservicessold": 5543000000,
        "operatingcostsandexpenses": 1995000000,
        "sellinggeneralandadministrativeexpense": 169000000,
        "explorationexpense": 92000000,
        "depreciationdepletionandamortization": 2095000000,
        "assetimpairmentcharges": 11000000,
        "taxesexcludingincomeandexcisetaxes": 536000000,
        "accretionexpenseincludingassetretirementobligations": 68000000,
        "interestanddebtexpense": 194000000,
        "foreigncurrencytransactiongainlossbeforetax": -55000000,
        "othernonoperatingincomeexpense": -8000000,
        "operatingexpensesincludingnonoperatingincomeexpenseandinterestanddebtexpense": 10766000000,
        "incomelossattributabletoparent": 4100000000,
        "incometaxexpensebenefit": 1302000000,
        "netincomeloss": 2798000000,
        "earningspersharebasic": 2.33,
        "earningspersharediluted": 2.32,
        "weightedaveragenumberofsharesoutstandingbasic": 1196641000,
        "weightedaveragenumberofdilutedsharesoutstanding": 1199746000,
        "othercomprehensiveincomelossamortizationadjustmentfromaocipensionandotherpostretirementbenefitplansfornetpriorservicecostcreditbeforetax": -9000000,
        "definedbenefitplanamountsrecognizedinothercomprehensiveincomenetpriorservicecostcreditbeforetax": 9000000,
        "othercomprehensiveincomelossreclassificationadjustmentfromaocipensionandotherpostretirementbenefitplansfornetgainlossbeforetax": -20000000,
        "definedbenefitplanamountsrecognizedinothercomprehensiveincomelossnetgainlossbeforetax": 20000000,
        "othercomprehensiveincomelosspensionandotherpostretirementbenefitplanstax": -2000000,
        "othercomprehensiveincomelosspensionandotherpostretirementbenefitplansadjustmentnetoftax": -9000000,
        "othercomprehensiveincomelossreclassificationadjustmentfromaociforsaleofsecuritiesbeforetax": 1000000,
        "othercomprehensiveincomeunrealizedholdinggainlossonsecuritiesarisingduringperiodnetoftax": -1000000,
        "othercomprehensiveincomelossforeigncurrencytransactionandtranslationadjustmentnetoftax": -80000000,
        "othercomprehensiveincomelosscashflowhedgegainlossafterreclassificationbeforetaxparent": 46000000,
        "othercomprehensiveincomelosscashflowhedgegainlossafterreclassificationtaxparent": 10000000,
        "othercomprehensiveincomelosscashflowhedgegainlossafterreclassificationandtaxparent": 36000000,
        "othercomprehensiveincomelossnetoftaxportionattributabletoparent": -36000000,
        "comprehensiveincomenetoftax": 2762000000
    },
    {
        "date": "2023-06-29",
        "symbol": "COP",
        "period": "Q2",
        "revenues": 944000000,
        "incomelossfromequitymethodinvestments": 412000000,
        "gainlossonsaleofpropertyplantequipment": -1000000,
        "otheroperatingincomeexpensenet": 122000000,
        "revenuesandotherincome": 23000000,
        "costofgoodsandservicessold": 4616000000,
        "operatingcostsandexpenses": 1886000000,
        "sellinggeneralandadministrativeexpense": 72000000,
        "explorationexpense": 83000000,
        "depreciationdepletionandamortization": 2010000000,
        "taxesexcludingincomeandexcisetaxes": 512000000,
        "accretionexpenseincludingassetretirementobligations": 68000000,
        "interestanddebtexpense": 179000000,
        "foreigncurrencytransactiongainlossbeforetax": 14000000,
        "othernonoperatingincomeexpense": 23000000,
        "operatingexpensesincludingnonoperatingincomeexpenseandinterestanddebtexpense": 9522000000,
        "incomelossattributabletoparent": 3362000000,
        "incometaxexpensebenefit": 1130000000,
        "netincomeloss": -49000000,
        "earningspersharebasic": 1.84,
        "earningspersharediluted": 1.84,
        "weightedaveragenumberofsharesoutstandingbasic": 1207443000,
        "weightedaveragenumberofdilutedsharesoutstanding": 1210342000,
        "othercomprehensiveincomelossamortizationadjustmentfromaocipensionandotherpostretirementbenefitplansfornetpriorservicecostcreditbeforetax": -10000000,
        "definedbenefitplanamountsrecognizedinothercomprehensiveincomenetpriorservicecostcreditbeforetax": 10000000,
        "othercomprehensiveincomelossreclassificationadjustmentfromaocipensionandotherpostretirementbenefitplansfornetgainlossbeforetax": -19000000,
        "definedbenefitplanamountsrecognizedinothercomprehensiveincomelossnetgainlossbeforetax": 19000000,
        "othercomprehensiveincomelosspensionandotherpostretirementbenefitplanstax": -3000000,
        "othercomprehensiveincomelosspensionandotherpostretirementbenefitplansadjustmentnetoftax": -6000000,
        "othercomprehensiveincomeunrealizedholdinggainlossonsecuritiesarisingduringperiodbeforetax": -3000000,
        "othercomprehensiveincomelossreclassificationadjustmentfromaociforsaleofsecuritiesbeforetax": 1000000,
        "othercomprehensiveincomeunrealizedholdinggainlossonsecuritiesarisingduringperiodtax": -1000000,
        "othercomprehensiveincomeunrealizedholdinggainlossonsecuritiesarisingduringperiodnetoftax": -3000000,
        "othercomprehensiveincomelossforeigncurrencytransactionandtranslationadjustmentnetoftax": 99000000,
        "othercomprehensiveincomelossnetoftaxportionattributabletoparent": 102000000,
        "comprehensiveincomenetoftax": 2334000000
    },
    {
        "date": "2023-03-30",
        "symbol": "COP",
        "period": "Q1",
        "revenues": 14811000000,
        "incomelossfromequitymethodinvestments": 499000000,
        "gainlossonsaleofpropertyplantequipment": 93000000,
        "otheroperatingincomeexpensenet": 114000000,
        "revenuesandotherincome": 15517000000,
        "costofgoodsandservicessold": 6138000000,
        "operatingcostsandexpenses": 1779000000,
        "sellinggeneralandadministrativeexpense": 159000000,
        "explorationexpense": 138000000,
        "depreciationdepletionandamortization": 1942000000,
        "assetimpairmentcharges": 1000000,
        "taxesexcludingincomeandexcisetaxes": 576000000,
        "accretionexpenseincludingassetretirementobligations": 68000000,
        "interestanddebtexpense": 188000000,
        "foreigncurrencytransactiongainlossbeforetax": 44000000,
        "othernonoperatingincomeexpense": -10000000,
        "operatingexpensesincludingnonoperatingincomeexpenseandinterestanddebtexpense": 10955000000,
        "incomelossattributabletoparent": 4562000000,
        "incometaxexpensebenefit": 1642000000,
        "netincomeloss": 2920000000,
        "earningspersharebasic": 2.38,
        "earningspersharediluted": 2.38,
        "weightedaveragenumberofsharesoutstandingbasic": 1220228000,
        "weightedaveragenumberofdilutedsharesoutstanding": 1223355000,
        "othercomprehensiveincomelossamortizationadjustmentfromaocipensionandotherpostretirementbenefitplansfornetpriorservicecostcreditbeforetax": -9000000,
        "definedbenefitplanamountsrecognizedinothercomprehensiveincomenetpriorservicecostcreditbeforetax": 9000000,
        "othercomprehensiveincomelossreclassificationadjustmentfromaocipensionandotherpostretirementbenefitplansfornetgainlossbeforetax": -23000000,
        "definedbenefitplanamountsrecognizedinothercomprehensiveincomelossnetgainlossbeforetax": 23000000,
        "othercomprehensiveincomelosspensionandotherpostretirementbenefitplanstax": -3000000,
        "othercomprehensiveincomelosspensionandotherpostretirementbenefitplansadjustmentnetoftax": -11000000,
        "othercomprehensiveincomeunrealizedholdinggainlossonsecuritiesarisingduringperiodbeforetax": 6000000,
        "othercomprehensiveincomelossreclassificationadjustmentfromaociforsaleofsecuritiesbeforetax": 1000000,
        "othercomprehensiveincomeunrealizedholdinggainlossonsecuritiesarisingduringperiodtax": 1000000,
        "othercomprehensiveincomeunrealizedholdinggainlossonsecuritiesarisingduringperiodnetoftax": 4000000,
        "othercomprehensiveincomelossforeigncurrencytransactionandtranslationadjustmentnetoftax": -42000000,
        "othercomprehensiveincomelossnetoftaxportionattributabletoparent": -27000000,
        "comprehensiveincomenetoftax": 2893000000
    },
    {
        "date": "2022-12-30",
        "symbol": "COP",
        "period": "Q4",
        "revenues": 55108000000,
        "incomelossfromequitymethodinvestments": 570000000,
        "gainlossonsaleofpropertyplantequipment": 38000000,
        "otheroperatingincomeexpensenet": 96000000,
        "revenuesandotherincome": 19262000000,
        "costofgoodsandservicessold": 8735000000,
        "operatingcostsandexpenses": 1885000000,
        "sellinggeneralandadministrativeexpense": 192000000,
        "explorationexpense": 263000000,
        "depreciationdepletionandamortization": 1999000000,
        "assetimpairmentcharges": -18000000,
        "taxesexcludingincomeandexcisetaxes": 687000000,
        "accretionexpenseincludingassetretirementobligations": 68000000,
        "interestanddebtexpense": 178000000,
        "foreigncurrencytransactiongainlossbeforetax": -39000000,
        "othernonoperatingincomeexpense": 1000000,
        "operatingexpensesincludingnonoperatingincomeexpenseandinterestanddebtexpense": 14027000000,
        "incometaxexpensebenefit": 1986000000,
        "netincomeloss": 13956000000,
        "earningspersharebasic": 2.669999999999998,
        "earningspersharediluted": 2.67,
        "weightedaveragenumberofsharesoutstandingbasic": -2583586000,
        "weightedaveragenumberofdilutedsharesoutstanding": -2594406000,
        "othercomprehensiveincomelossamortizationadjustmentfromaocipensionandotherpostretirementbenefitplansfornetpriorservicecostcreditbeforetax": -9000000,
        "othercomprehensiveincomelossreclassificationadjustmentfromaocipensionandotherpostretirementbenefitplansfornetgainlossbeforetax": -14000000,
        "othercomprehensiveincomelosspensionandotherpostretirementbenefitplanstax": 162000000,
        "othercomprehensiveincomelosspensionandotherpostretirementbenefitplansadjustmentnetoftax": 356000000,
        "othercomprehensiveincomeunrealizedholdinggainlossonsecuritiesarisingduringperiodbeforetax": 3000000,
        "othercomprehensiveincomeunrealizedholdinggainlossonsecuritiesarisingduringperiodtax": 1000000,
        "othercomprehensiveincomeunrealizedholdinggainlossonsecuritiesarisingduringperiodnetoftax": 2000000,
        "othercomprehensiveincomeforeigncurrencytransactionandtranslationgainlossbeforereclassificationandtax": 218000000,
        "othercomprehensiveincomelossforeigncurrencytransactionandtranslationadjustmentnetoftax": 219000000,
        "comprehensiveincomenetoftax": 3114000000
    },
    {
        "date": "2022-09-29",
        "symbol": "COP",
        "period": "Q3",
        "revenues": 21013000000,
        "incomelossfromequitymethodinvestments": 561000000,
        "gainlossonsaleofpropertyplantequipment": -40000000,
        "otheroperatingincomeexpensenet": 80000000,
        "revenuesandotherincome": 21614000000,
        "costofgoodsandservicessold": 9251000000,
        "operatingcostsandexpenses": 1799000000,
        "sellinggeneralandadministrativeexpense": 148000000,
        "explorationexpense": 89000000,
        "depreciationdepletionandamortization": 1872000000,
        "assetimpairmentcharges": 2000000,
        "taxesexcludingincomeandexcisetaxes": 843000000,
        "accretionexpenseincludingassetretirementobligations": 60000000,
        "interestanddebtexpense": 199000000,
        "foreigncurrencytransactiongainlossbeforetax": 93000000,
        "othernonoperatingincomeexpense": -4000000,
        "operatingexpensesincludingnonoperatingincomeexpenseandinterestanddebtexpense": 14174000000,
        "incomelossattributabletoparent": 7440000000,
        "incometaxexpensebenefit": 2913000000,
        "netincomeloss": 4527000000,
        "earningspersharebasic": 3.56,
        "earningspersharediluted": 3.55,
        "weightedaveragenumberofsharesoutstandingbasic": 1265893000,
        "weightedaveragenumberofdilutedsharesoutstanding": 1269321000,
        "othercomprehensiveincomelossamortizationadjustmentfromaocipensionandotherpostretirementbenefitplansfornetpriorservicecostcreditbeforetax": -10000000,
        "definedbenefitplanamountsrecognizedinothercomprehensiveincomenetpriorservicecostcreditbeforetax": 10000000,
        "othercomprehensiveincomelosspensionandotherpostretirementbenefitplansnetunamortizedgainlossarisingduringperiodbeforetax": -23000000,
        "othercomprehensiveincomelossreclassificationadjustmentfromaocipensionandotherpostretirementbenefitplansfornetgainlossbeforetax": -17000000,
        "definedbenefitplanamountsrecognizedinothercomprehensiveincomelossnetgainlossbeforetax": -6000000,
        "othercomprehensiveincomelosspensionandotherpostretirementbenefitplanstax": 4000000,
        "othercomprehensiveincomelosspensionandotherpostretirementbenefitplansadjustmentnetoftax": 12000000,
        "othercomprehensiveincomeunrealizedholdinggainlossonsecuritiesarisingduringperiodbeforetax": -7000000,
        "othercomprehensiveincomelossreclassificationadjustmentfromaociforsaleofsecuritiesbeforetax": 1000000,
        "othercomprehensiveincomeunrealizedholdinggainlossonsecuritiesarisingduringperiodtax": -2000000,
        "othercomprehensiveincomeunrealizedholdinggainlossonsecuritiesarisingduringperiodnetoftax": -6000000,
        "othercomprehensiveincomeforeigncurrencytransactionandtranslationgainlossbeforereclassificationandtax": -534000000,
        "othercomprehensiveincomelossforeigncurrencytransactionandtranslationadjustmentnetoftax": -534000000,
        "othercomprehensiveincomelossnetoftaxportionattributabletoparent": -552000000,
        "comprehensiveincomenetoftax": 3975000000
    },
    {
        "date": "2022-06-29",
        "symbol": "COP",
        "period": "Q2",
        "revenues": 1358000000,
        "incomelossfromequitymethodinvestments": 524000000,
        "gainlossonsaleofpropertyplantequipment": 262000000,
        "otheroperatingincomeexpensenet": 42000000,
        "revenuesandotherincome": 21989000000,
        "costofgoodsandservicessold": 9234000000,
        "operatingcostsandexpenses": 1741000000,
        "sellinggeneralandadministrativeexpense": 96000000,
        "explorationexpense": 143000000,
        "depreciationdepletionandamortization": 1810000000,
        "assetimpairmentcharges": 2000000,
        "taxesexcludingincomeandexcisetaxes": 1020000000,
        "accretionexpenseincludingassetretirementobligations": 61000000,
        "interestanddebtexpense": 211000000,
        "foreigncurrencytransactiongainlossbeforetax": 70000000,
        "othernonoperatingincomeexpense": -86000000,
        "operatingexpensesincludingnonoperatingincomeexpenseandinterestanddebtexpense": 14334000000,
        "incomelossattributabletoparent": 7655000000,
        "incometaxexpensebenefit": 2510000000,
        "netincomeloss": -349000000,
        "earningspersharebasic": 3.98,
        "earningspersharediluted": 3.96,
        "weightedaveragenumberofsharesoutstandingbasic": 1289791000,
        "weightedaveragenumberofdilutedsharesoutstanding": 1295844000,
        "othercomprehensiveincomelossamortizationadjustmentfromaocipensionandotherpostretirementbenefitplansfornetpriorservicecostcreditbeforetax": -10000000,
        "definedbenefitplanamountsrecognizedinothercomprehensiveincomenetpriorservicecostcreditbeforetax": 10000000,
        "othercomprehensiveincomelosspensionandotherpostretirementbenefitplansnetunamortizedgainlossarisingduringperiodbeforetax": -82000000,
        "othercomprehensiveincomelossreclassificationadjustmentfromaocipensionandotherpostretirementbenefitplansfornetgainlossbeforetax": -25000000,
        "definedbenefitplanamountsrecognizedinothercomprehensiveincomelossnetgainlossbeforetax": -57000000,
        "othercomprehensiveincomelosspensionandotherpostretirementbenefitplanstax": 14000000,
        "othercomprehensiveincomelosspensionandotherpostretirementbenefitplansadjustmentnetoftax": 53000000,
        "othercomprehensiveincomeunrealizedholdinggainlossonsecuritiesarisingduringperiodbeforetax": -5000000,
        "othercomprehensiveincomeunrealizedholdinggainlossonsecuritiesarisingduringperiodtax": -1000000,
        "othercomprehensiveincomeunrealizedholdinggainlossonsecuritiesarisingduringperiodnetoftax": -4000000,
        "othercomprehensiveincomeforeigncurrencytransactionandtranslationgainlossbeforereclassificationandtax": -448000000,
        "othercomprehensiveincomelossforeigncurrencytransactionandtranslationadjustmentnetoftax": -448000000,
        "othercomprehensiveincomelossnetoftaxportionattributabletoparent": -505000000,
        "comprehensiveincomenetoftax": 4640000000
    },
    {
        "date": "2022-03-30",
        "symbol": "COP",
        "period": "Q1",
        "revenues": 1015000000,
        "incomelossfromequitymethodinvestments": 426000000,
        "gainlossonsaleofpropertyplantequipment": 817000000,
        "otheroperatingincomeexpensenet": 286000000,
        "revenuesandotherincome": 19291000000,
        "costofgoodsandservicessold": 6751000000,
        "operatingcostsandexpenses": 1581000000,
        "sellinggeneralandadministrativeexpense": 187000000,
        "explorationexpense": 69000000,
        "depreciationdepletionandamortization": 1823000000,
        "assetimpairmentcharges": 2000000,
        "taxesexcludingincomeandexcisetaxes": 814000000,
        "accretionexpenseincludingassetretirementobligations": 61000000,
        "interestanddebtexpense": 217000000,
        "foreigncurrencytransactiongainlossbeforetax": -24000000,
        "othernonoperatingincomeexpense": 136000000,
        "operatingexpensesincludingnonoperatingincomeexpenseandinterestanddebtexpense": 11393000000,
        "incomelossattributabletoparent": 7898000000,
        "incometaxexpensebenefit": 2139000000,
        "netincomeloss": 546000000,
        "earningspersharebasic": 4.41,
        "earningspersharediluted": 4.39,
        "weightedaveragenumberofsharesoutstandingbasic": 1301930000,
        "weightedaveragenumberofdilutedsharesoutstanding": 1307404000,
        "othercomprehensiveincomelossamortizationadjustmentfromaocipensionandotherpostretirementbenefitplansfornetpriorservicecostcreditbeforetax": -10000000,
        "definedbenefitplanamountsrecognizedinothercomprehensiveincomenetpriorservicecostcreditbeforetax": 10000000,
        "othercomprehensiveincomelossreclassificationadjustmentfromaocipensionandotherpostretirementbenefitplansfornetgainlossbeforetax": -16000000,
        "definedbenefitplanamountsrecognizedinothercomprehensiveincomelossnetgainlossbeforetax": 16000000,
        "othercomprehensiveincomelosspensionandotherpostretirementbenefitplanstax": -2000000,
        "othercomprehensiveincomelosspensionandotherpostretirementbenefitplansadjustmentnetoftax": -4000000,
        "othercomprehensiveincomeunrealizedholdinggainlossonsecuritiesarisingduringperiodbeforetax": -4000000,
        "othercomprehensiveincomeunrealizedholdinggainlossonsecuritiesarisingduringperiodtax": -1000000,
        "othercomprehensiveincomeunrealizedholdinggainlossonsecuritiesarisingduringperiodnetoftax": -3000000,
        "othercomprehensiveincomeforeigncurrencytransactionandtranslationgainlossbeforereclassificationandtax": 141000000,
        "othercomprehensiveincomelossforeigncurrencytransactionandtranslationadjustmentnetoftax": 141000000,
        "othercomprehensiveincomelossnetoftaxportionattributabletoparent": 141000000,
        "comprehensiveincomenetoftax": 5901000000
    },
    {
        "date": "2021-12-30",
        "symbol": "COP",
        "period": "Q4",
        "profitloss": -2895000000,
        "othercomprehensiveincomelossamortizationadjustmentfromaocipensionandotherpostretirementbenefitplansfornetpriorservicecostcreditbeforetax": -9000000,
        "othercomprehensiveincomelosspensionandotherpostretirementbenefitplansnetunamortizedgainlossarisingduringperiodbeforetax": -97000000,
        "othercomprehensiveincomelossreclassificationadjustmentfromaocipensionandotherpostretirementbenefitplansfornetgainlossbeforetax": 100000000,
        "othercomprehensiveincomelosspensionandotherpostretirementbenefitplanstax": -59000000,
        "othercomprehensiveincomelosspensionandotherpostretirementbenefitplansadjustmentnetoftax": -225000000,
        "othercomprehensiveincomeforeigncurrencytransactionandtranslationgainlossbeforereclassificationandtax": -52000000,
        "othercomprehensiveincomelossforeigncurrencytransactionandtranslationadjustmentnetoftax": -51000000,
        "othercomprehensiveincomelossnetoftax": 173000000,
        "comprehensiveincomenetoftaxincludingportionattributabletononcontrollinginterest": 2800000000,
        "comprehensiveincomenetoftax": 2800000000,
        "revenuefromcontractwithcustomerexcludingassessedtax": -1577000000,
        "incomelossfromequitymethodinvestments": -157000000,
        "gainlossonsaleofpropertyplantequipment": 147000000,
        "revenues": -20562000000,
        "costofgoodsandservicessold": 6498000000,
        "operatingcostsandexpenses": -3104000000,
        "sellinggeneralandadministrativeexpense": 163000000,
        "explorationexpense": 138000000,
        "depreciationdepletionandamortization": 1783000000,
        "assetimpairmentcharges": 4000000,
        "taxesexcludingincomeandexcisetaxes": 480000000,
        "accretionexpenseincludingassetretirementobligations": 56000000,
        "interestanddebtexpense": 219000000,
        "foreigncurrencytransactiongainlossbeforetax": 41000000,
        "operatingexpensesincludingnonoperatingincomeexpenseandinterestanddebtexpense": 11627000000,
        "incomelossfromcontinuingoperationsbeforeincometaxesextraordinaryitemsnoncontrollinginterest": -7772000000,
        "netincomeloss": 58000000,
        "earningspersharebasic": 1.9900000000000007,
        "earningspersharediluted": 1.9800000000000009,
        "weightedaveragenumberofsharesoutstandingbasic": "null",
        "weightedaveragenumberofdilutedsharesoutstanding": "null"
    },
    {
        "date": "2021-09-29",
        "symbol": "COP",
        "period": "Q3",
        "profitloss": 2379000000,
        "othercomprehensiveincomelossamortizationadjustmentfromaocipensionandotherpostretirementbenefitplansfornetpriorservicecostcreditbeforetax": -9000000,
        "othercomprehensiveincomelosspensionandotherpostretirementbenefitplansnetunamortizedgainlossarisingduringperiodbeforetax": 8000000,
        "othercomprehensiveincomelossreclassificationadjustmentfromaocipensionandotherpostretirementbenefitplansfornetgainlossbeforetax": -45000000,
        "othercomprehensiveincomelosspensionandotherpostretirementbenefitplanstax": -9000000,
        "othercomprehensiveincomelosspensionandotherpostretirementbenefitplansadjustmentnetoftax": -35000000,
        "othercomprehensiveincomeforeigncurrencytransactionandtranslationgainlossbeforereclassificationandtax": -237000000,
        "othercomprehensiveincomelossforeigncurrencytransactionandtranslationadjustmentnetoftax": -238000000,
        "othercomprehensiveincomelossnetoftax": -203000000,
        "comprehensiveincomenetoftaxincludingportionattributabletononcontrollinginterest": 2176000000,
        "comprehensiveincomenetoftax": 2176000000,
        "revenuefromcontractwithcustomerexcludingassessedtax": 11326000000,
        "incomelossfromequitymethodinvestments": 239000000,
        "gainlossonsaleofpropertyplantequipment": 2000000,
        "revenues": 11616000000,
        "costofgoodsandservicessold": 4179000000,
        "operatingcostsandexpenses": 1389000000,
        "sellinggeneralandadministrativeexpense": 128000000,
        "explorationexpense": 65000000,
        "depreciationdepletionandamortization": 1672000000,
        "assetimpairmentcharges": -89000000,
        "taxesexcludingincomeandexcisetaxes": 403000000,
        "accretionexpenseincludingassetretirementobligations": 61000000,
        "interestanddebtexpense": 219000000,
        "foreigncurrencytransactiongainlossbeforetax": 10000000,
        "othernonoperatingincomeexpense": -17000000,
        "operatingexpensesincludingnonoperatingincomeexpenseandinterestanddebtexpense": 8034000000,
        "incomelossfromcontinuingoperationsbeforeincometaxesextraordinaryitemsnoncontrollinginterest": 3582000000,
        "incometaxexpensebenefit": 1203000000,
        "netincomeloss": 2379000000,
        "earningspersharebasic": 1.7799999999999998,
        "earningspersharediluted": 1.7799999999999998,
        "weightedaveragenumberofsharesoutstandingbasic": 2577000,
        "weightedaveragenumberofdilutedsharesoutstanding": 1145000
    },
    {
        "date": "2021-06-29",
        "symbol": "COP",
        "period": "Q2",
        "profitloss": 2091000000,
        "othercomprehensiveincomelossamortizationadjustmentfromaocipensionandotherpostretirementbenefitplansfornetpriorservicecostcreditbeforetax": -10000000,
        "othercomprehensiveincomelosspensionandotherpostretirementbenefitplansnetunamortizedgainlossarisingduringperiodbeforetax": 30000000,
        "othercomprehensiveincomelossreclassificationadjustmentfromaocipensionandotherpostretirementbenefitplansfornetgainlossbeforetax": -63000000,
        "othercomprehensiveincomelosspensionandotherpostretirementbenefitplanstax": -19000000,
        "othercomprehensiveincomelosspensionandotherpostretirementbenefitplansadjustmentnetoftax": -64000000,
        "othercomprehensiveincomeunrealizedholdinggainlossonsecuritiesarisingduringperiodbeforetax": 0,
        "othercomprehensiveincomeunrealizedholdinggainlossonsecuritiesarisingduringperiodnetoftax": 0,
        "othercomprehensiveincomeforeigncurrencytransactionandtranslationgainlossbeforereclassificationandtax": 96000000,
        "othercomprehensiveincomelossforeigncurrencytransactionandtranslationadjustmentnetoftax": 96000000,
        "othercomprehensiveincomelossnetoftax": 160000000,
        "comprehensiveincomenetoftaxincludingportionattributabletononcontrollinginterest": 2251000000,
        "comprehensiveincomenetoftax": 2251000000,
        "revenuefromcontractwithcustomerexcludingassessedtax": 18799000000,
        "incomelossfromequitymethodinvestments": 139000000,
        "gainlossonsaleofpropertyplantequipment": 59000000,
        "revenues": 10211000000,
        "costofgoodsandservicessold": 2998000000,
        "operatingcostsandexpenses": 1379000000,
        "sellinggeneralandadministrativeexpense": 117000000,
        "explorationexpense": 57000000,
        "depreciationdepletionandamortization": 1867000000,
        "assetimpairmentcharges": 2000000,
        "taxesexcludingincomeandexcisetaxes": 381000000,
        "accretionexpenseincludingassetretirementobligations": 63000000,
        "interestanddebtexpense": 220000000,
        "foreigncurrencytransactiongainlossbeforetax": -10000000,
        "othernonoperatingincomeexpense": -439000000,
        "operatingexpensesincludingnonoperatingincomeexpenseandinterestanddebtexpense": 7131000000,
        "incomelossfromcontinuingoperationsbeforeincometaxesextraordinaryitemsnoncontrollinginterest": 3080000000,
        "incometaxexpensebenefit": 1646000000,
        "netincomeloss": 3194000000,
        "earningspersharebasic": 1.5699999999999998,
        "earningspersharediluted": 1.56,
        "weightedaveragenumberofsharesoutstandingbasic": 1324639000,
        "weightedaveragenumberofdilutedsharesoutstanding": 1329507000
    },
    {
        "date": "2021-03-30",
        "symbol": "COP",
        "period": "Q1",
        "profitloss": 982000000,
        "othercomprehensiveincomelossamortizationadjustmentfromaocipensionandotherpostretirementbenefitplansfornetpriorservicecostcreditbeforetax": -9000000,
        "othercomprehensiveincomelosspensionandotherpostretirementbenefitplansnetunamortizedgainlossarisingduringperiodbeforetax": 75000000,
        "othercomprehensiveincomelossreclassificationadjustmentfromaocipensionandotherpostretirementbenefitplansfornetgainlossbeforetax": -25000000,
        "othercomprehensiveincomelosspensionandotherpostretirementbenefitplanstax": -21000000,
        "othercomprehensiveincomelosspensionandotherpostretirementbenefitplansadjustmentnetoftax": -70000000,
        "othercomprehensiveincomeunrealizedholdinggainlossonsecuritiesarisingduringperiodbeforetax": -1000000,
        "othercomprehensiveincomeunrealizedholdinggainlossonsecuritiesarisingduringperiodnetoftax": -1000000,
        "othercomprehensiveincomeforeigncurrencytransactionandtranslationgainlossbeforereclassificationandtax": 69000000,
        "othercomprehensiveincomelossforeigncurrencytransactionandtranslationadjustmentnetoftax": 69000000,
        "othercomprehensiveincomelossnetoftax": 138000000,
        "comprehensiveincomenetoftaxincludingportionattributabletononcontrollinginterest": 1120000000,
        "comprehensiveincomenetoftax": 1120000000,
        "revenuefromcontractwithcustomerexcludingassessedtax": 583000000,
        "incomelossfromequitymethodinvestments": 122000000,
        "gainlossonsaleofpropertyplantequipment": 233000000,
        "othernonoperatingincomeexpense": 378000000,
        "revenues": 10559000000,
        "costofgoodsandservicessold": 4483000000,
        "operatingcostsandexpenses": 1383000000,
        "sellinggeneralandadministrativeexpense": 311000000,
        "explorationexpense": 84000000,
        "depreciationdepletionandamortization": 1886000000,
        "assetimpairmentcharges": -3000000,
        "taxesexcludingincomeandexcisetaxes": 370000000,
        "accretionexpenseincludingassetretirementobligations": 62000000,
        "interestanddebtexpense": 226000000,
        "foreigncurrencytransactiongainlossbeforetax": -19000000,
        "othernonoperatingexpense": 24000000,
        "operatingexpensesincludingnonoperatingincomeexpenseandinterestanddebtexpense": 8845000000,
        "incomelossfromcontinuingoperationsbeforeincometaxesextraordinaryitemsnoncontrollinginterest": 1714000000,
        "incometaxexpensebenefit": 75000000,
        "netincomeloss": -121000000,
        "earningspersharebasic": 0.75,
        "earningspersharediluted": 0.75,
        "weightedaveragenumberofsharesoutstandingbasic": "null",
        "weightedaveragenumberofdilutedsharesoutstanding": "null"
    },
    {
        "date": "2020-12-30",
        "symbol": "COP",
        "period": "Q4",
        "profitloss": 1380000000,
        "othercomprehensiveincomelossamortizationadjustmentfromaocipensionandotherpostretirementbenefitplansfornetpriorservicecostcreditbeforetax": -7000000,
        "othercomprehensiveincomelossreclassificationadjustmentfromaocipensionandotherpostretirementbenefitplansfornetgainlossbeforetax": 80000000,
        "othercomprehensiveincomelosspensionandotherpostretirementbenefitplanstax": 17000000,
        "othercomprehensiveincomelosspensionandotherpostretirementbenefitplansadjustmentnetoftax": 62000000,
        "othercomprehensiveincomeforeigncurrencytransactionandtranslationgainlossbeforereclassificationandtax": 511000000,
        "othercomprehensiveincomelossforeigncurrencytransactionandtranslationadjustmentnetoftax": 510000000,
        "othercomprehensiveincomelossnetoftax": 448000000,
        "comprehensiveincomenetoftaxincludingportionattributabletononcontrollinginterest": -324000000,
        "comprehensiveincomenetoftax": -324000000,
        "revenuefromcontractwithcustomerexcludingassessedtax": -1582000000,
        "incomelossfromequitymethodinvestments": 86000000,
        "gainlossonsaleofpropertyplantequipment": -2000000,
        "othernonoperatingincomeexpense": 474000000,
        "revenues": -5276000000,
        "costofgoodsandservicessold": 2448000000,
        "operatingcostsandexpenses": -2326000000,
        "explorationexpense": -360000000,
        "depreciationdepletionandamortization": 1541000000,
        "assetimpairmentcharges": 806000000,
        "taxesexcludingincomeandexcisetaxes": 184000000,
        "accretionexpenseincludingassetretirementobligations": 57000000,
        "interestanddebtexpense": 202000000,
        "foreigncurrencytransactiongainlossbeforetax": -16000000,
        "operatingexpensesincludingnonoperatingincomeexpenseandinterestanddebtexpense": 7135000000,
        "incomelossfromcontinuingoperationsbeforeincometaxesextraordinaryitemsnoncontrollinginterest": -1086000000,
        "incometaxexpensebenefit": -66000000,
        "netincomeloss": 100000000,
        "earningspersharebasic": -0.7199999999999998,
        "weightedaveragenumberofsharesoutstandingbasic": "null",
        "weightedaveragenumberofdilutedsharesoutstanding": "null"
    },
    {
        "date": "2020-09-29",
        "symbol": "COP",
        "period": "Q3",
        "profitloss": -450000000,
        "othercomprehensiveincomelossamortizationadjustmentfromaocipensionandotherpostretirementbenefitplansfornetpriorservicecostcreditbeforetax": -8000000,
        "othercomprehensiveincomelossreclassificationadjustmentfromaocipensionandotherpostretirementbenefitplansfornetgainlossbeforetax": -45000000,
        "othercomprehensiveincomelosspensionandotherpostretirementbenefitplanstax": 10000000,
        "othercomprehensiveincomelosspensionandotherpostretirementbenefitplansadjustmentnetoftax": 31000000,
        "othercomprehensiveincomeunrealizedholdinggainlossonsecuritiesarisingduringperiodbeforetax": 0,
        "othercomprehensiveincomeunrealizedholdinggainlossonsecuritiesarisingduringperiodnetoftax": 0,
        "othercomprehensiveincomeforeigncurrencytransactionandtranslationgainlossbeforereclassificationandtax": 188000000,
        "othercomprehensiveincomelossforeigncurrencytransactionandtranslationadjustmentnetoftax": 190000000,
        "othercomprehensiveincomelossnetoftax": 159000000,
        "comprehensiveincomenetoftaxincludingportionattributabletononcontrollinginterest": -291000000,
        "comprehensiveincomenetoftaxattributabletononcontrollinginterest": 0,
        "comprehensiveincomenetoftax": -291000000,
        "revenuefromcontractwithcustomerexcludingassessedtax": 4386000000,
        "incomelossfromequitymethodinvestments": 35000000,
        "gainlossonsaleofpropertyplantequipment": -3000000,
        "othernonoperatingincomeexpense": -38000000,
        "revenues": 4380000000,
        "costofgoodsandservicessold": 1839000000,
        "operatingcostsandexpenses": 963000000,
        "sellinggeneralandadministrativeexpense": 96000000,
        "explorationexpense": 125000000,
        "depreciationdepletionandamortization": 1411000000,
        "taxesexcludingincomeandexcisetaxes": 179000000,
        "accretionexpenseincludingassetretirementobligations": 62000000,
        "interestanddebtexpense": 200000000,
        "foreigncurrencytransactiongainlossbeforetax": 5000000,
        "othernonoperatingexpense": 20000000,
        "operatingexpensesincludingnonoperatingincomeexpenseandinterestanddebtexpense": 4892000000,
        "incomelossfromcontinuingoperationsbeforeincometaxesextraordinaryitemsnoncontrollinginterest": -512000000,
        "incometaxexpensebenefit": -62000000,
        "netincomelossattributabletononcontrollinginterest": 0,
        "netincomeloss": -450000000,
        "earningspersharebasic": -0.41999999999999993,
        "earningspersharediluted": -0.41999999999999993,
        "weightedaveragenumberofsharesoutstandingbasic": -1085000,
        "weightedaveragenumberofdilutedsharesoutstanding": -1085000
    },
    {
        "date": "2020-06-29",
        "symbol": "COP",
        "period": "Q2",
        "profitloss": -3421000000,
        "othercomprehensiveincomelossamortizationadjustmentfromaocipensionandotherpostretirementbenefitplansfornetpriorservicecostcreditbeforetax": -8000000,
        "othercomprehensiveincomelosspensionandotherpostretirementbenefitplansnetunamortizedgainlossarisingduringperiodbeforetax": 0,
        "othercomprehensiveincomelossreclassificationadjustmentfromaocipensionandotherpostretirementbenefitplansfornetgainlossbeforetax": -18000000,
        "othercomprehensiveincomelosspensionandotherpostretirementbenefitplanstax": -3000000,
        "othercomprehensiveincomelosspensionandotherpostretirementbenefitplansadjustmentnetoftax": -7000000,
        "othercomprehensiveincomeunrealizedholdinggainlossonsecuritiesarisingduringperiodbeforetax": 6000000,
        "othercomprehensiveincomeunrealizedholdinggainlossonsecuritiesarisingduringperiodnetoftax": 4000000,
        "othercomprehensiveincomeforeigncurrencytransactionandtranslationgainlossbeforereclassificationandtax": 309000000,
        "othercomprehensiveincomelossforeigncurrencytranslationadjustmenttax": 0,
        "othercomprehensiveincomelossforeigncurrencytransactionandtranslationadjustmentnetoftax": 309000000,
        "othercomprehensiveincomelossnetoftax": 320000000,
        "comprehensiveincomenetoftaxincludingportionattributabletononcontrollinginterest": 598000000,
        "comprehensiveincomenetoftaxattributabletononcontrollinginterest": 18000000,
        "comprehensiveincomenetoftax": -6112000000,
        "revenuefromcontractwithcustomerexcludingassessedtax": 5652000000,
        "incomelossfromequitymethodinvestments": -1677000000,
        "gainlossonsaleofpropertyplantequipment": 605000000,
        "othernonoperatingincomeexpense": -1052000000,
        "revenues": 7779000000,
        "costofgoodsandservicessold": 4688000000,
        "operatingcostsandexpenses": 2221000000,
        "sellinggeneralandadministrativeexpense": 158000000,
        "explorationexpense": 122000000,
        "depreciationdepletionandamortization": 1305000000,
        "assetimpairmentcharges": 0,
        "taxesexcludingincomeandexcisetaxes": 189000000,
        "accretionexpenseincludingassetretirementobligations": 70000000,
        "interestanddebtexpense": 441000000,
        "foreigncurrencytransactiongainlossbeforetax": -6000000,
        "othernonoperatingexpense": -7000000,
        "operatingexpensesincludingnonoperatingincomeexpenseandinterestanddebtexpense": 11309000000,
        "incomelossfromcontinuingoperationsbeforeincometaxesextraordinaryitemsnoncontrollinginterest": -3530000000,
        "incometaxexpensebenefit": -256000000,
        "netincomelossattributabletononcontrollinginterest": 18000000,
        "netincomeloss": -3467000000,
        "earningspersharebasic": 0.22999999999999998,
        "earningspersharediluted": 0.22999999999999998,
        "weightedaveragenumberofsharesoutstandingbasic": 1080610000,
        "weightedaveragenumberofdilutedsharesoutstanding": 1080610000
    },
    {
        "date": "2020-03-30",
        "symbol": "COP",
        "period": "Q1",
        "profitloss": 1988000000,
        "othercomprehensiveincomelossamortizationadjustmentfromaocipensionandotherpostretirementbenefitplansfornetpriorservicecostcreditbeforetax": -8000000,
        "othercomprehensiveincomelosspensionandotherpostretirementbenefitplansnetunamortizedgainlossarisingduringperiodbeforetax": 5000000,
        "othercomprehensiveincomelossreclassificationadjustmentfromaocipensionandotherpostretirementbenefitplansfornetgainlossbeforetax": -18000000,
        "othercomprehensiveincomelosspensionandotherpostretirementbenefitplanstax": -4000000,
        "othercomprehensiveincomelosspensionandotherpostretirementbenefitplansadjustmentnetoftax": -11000000,
        "othercomprehensiveincomeunrealizedholdinggainlossonsecuritiesarisingduringperiodbeforetax": -3000000,
        "othercomprehensiveincomelossavailableforsalesecuritiestax": -1000000,
        "othercomprehensiveincomeunrealizedholdinggainlossonsecuritiesarisingduringperiodnetoftax": -2000000,
        "othercomprehensiveincomeforeigncurrencytransactionandtranslationgainlossbeforereclassificationandtax": -799000000,
        "othercomprehensiveincomelossforeigncurrencytranslationadjustmenttax": -2000000,
        "othercomprehensiveincomelossforeigncurrencytransactionandtranslationadjustmentnetoftax": -797000000,
        "othercomprehensiveincomelossnetoftax": -788000000,
        "comprehensiveincomenetoftaxincludingportionattributabletononcontrollinginterest": -2499000000,
        "comprehensiveincomenetoftaxattributabletononcontrollinginterest": 28000000,
        "comprehensiveincomenetoftax": 4165000000,
        "revenuefromcontractwithcustomerexcludingassessedtax": 3255000000,
        "incomelossfromequitymethodinvestments": 1988000000,
        "gainlossonsaleofpropertyplantequipment": -51000000,
        "othernonoperatingincomeexpense": 107000000,
        "revenues": 1048000000,
        "costofgoodsandservicessold": -897000000,
        "operatingcostsandexpenses": -1000000,
        "sellinggeneralandadministrativeexpense": -5000000,
        "explorationexpense": 163000000,
        "depreciationdepletionandamortization": 1264000000,
        "assetimpairmentcharges": 519000000,
        "taxesexcludingincomeandexcisetaxes": 202000000,
        "accretionexpenseincludingassetretirementobligations": 63000000,
        "interestanddebtexpense": -37000000,
        "foreigncurrencytransactiongainlossbeforetax": 89000000,
        "othernonoperatingexpense": -6000000,
        "operatingexpensesincludingnonoperatingincomeexpenseandinterestanddebtexpense": -940000000,
        "incomelossfromcontinuingoperationsbeforeincometaxesextraordinaryitemsnoncontrollinginterest": 1988000000,
        "incometaxexpensebenefit": 147000000,
        "netincomelossattributabletononcontrollinginterest": 28000000,
        "netincomeloss": 1988000000,
        "earningspersharebasic": -1.6,
        "earningspersharediluted": -1.6,
        "weightedaveragenumberofsharesoutstandingbasic": "null",
        "weightedaveragenumberofdilutedsharesoutstanding": "null"
    },
    {
        "date": "2019-12-30",
        "symbol": "COP",
        "period": "Q4",
        "profitloss": -7396000000,
        "othercomprehensiveincomelossamortizationadjustmentfromaocipensionandotherpostretirementbenefitplansfornetpriorservicecostcreditbeforetax": -7000000,
        "othercomprehensiveincomelossreclassificationadjustmentfromaocipensionandotherpostretirementbenefitplansfornetgainlossbeforetax": 116000000,
        "othercomprehensiveincomelosspensionandotherpostretirementbenefitplanstax": -22000000,
        "othercomprehensiveincomelosspensionandotherpostretirementbenefitplansadjustmentnetoftax": 25000000,
        "othercomprehensiveincomeforeigncurrencytransactionandtranslationgainlossbeforereclassificationandtax": 206000000,
        "othercomprehensiveincomelossforeigncurrencytransactionandtranslationadjustmentnetoftax": -8000000,
        "othercomprehensiveincomelossnetoftax": -489000000,
        "comprehensiveincomenetoftaxincludingportionattributabletononcontrollinginterest": 1040000000,
        "comprehensiveincomenetoftaxattributabletononcontrollinginterest": 23000000,
        "comprehensiveincomenetoftax": -8773000000,
        "revenuefromcontractwithcustomerexcludingassessedtax": 8505000000,
        "incomelossfromequitymethodinvestments": -5933000000,
        "gainlossonsaleofpropertyplantequipment": -4000000,
        "othernonoperatingincomeexpense": 914000000,
        "revenues": -14991000000,
        "costofgoodsandservicessold": -1260000000,
        "operatingcostsandexpenses": -1000000,
        "sellinggeneralandadministrativeexpense": -79000000,
        "explorationexpense": 118000000,
        "depreciationdepletionandamortization": 1335000000,
        "taxesexcludingincomeandexcisetaxes": 215000000,
        "accretionexpenseincludingassetretirementobligations": 63000000,
        "interestanddebtexpense": -189000000,
        "foreigncurrencytransactiongainlossbeforetax": -49000000,
        "othernonoperatingexpense": 7000000,
        "operatingexpensesincludingnonoperatingincomeexpenseandinterestanddebtexpense": -2586000000,
        "incomelossfromcontinuingoperationsbeforeincometaxesextraordinaryitemsnoncontrollinginterest": -8221000000,
        "incometaxexpensebenefit": 723000000,
        "netincomelossattributabletononcontrollinginterest": 23000000,
        "netincomeloss": -7383000000,
        "earningspersharebasic": 0.6599999999999999,
        "weightedaveragenumberofsharesoutstandingbasic": "null",
        "weightedaveragenumberofdilutedsharesoutstanding": "null"
    },
    {
        "date": "2019-09-29",
        "symbol": "COP",
        "period": "Q3",
        "profitloss": -4301000000,
        "othercomprehensiveincomelossamortizationadjustmentfromaocipensionandotherpostretirementbenefitplansfornetpriorservicecostcreditbeforetax": -8000000,
        "othercomprehensiveincomelosspensionandotherpostretirementbenefitplansnetunamortizedgainlossarisingduringperiodbeforetax": -149000000,
        "othercomprehensiveincomelossreclassificationadjustmentfromaocipensionandotherpostretirementbenefitplansfornetgainlossbeforetax": -56000000,
        "othercomprehensiveincomelossnonsponsoredplan": -1000000,
        "othercomprehensiveincomelosspensionandotherpostretirementbenefitplanstax": 30000000,
        "othercomprehensiveincomelosspensionandotherpostretirementbenefitplansadjustmentnetoftax": 72000000,
        "othercomprehensiveincomeforeigncurrencytransactionandtranslationgainlossbeforereclassificationandtax": 247000000,
        "othercomprehensiveincomelossforeigncurrencytranslationadjustmenttax": 2000000,
        "othercomprehensiveincomelossforeigncurrencytransactionandtranslationadjustmentnetoftax": 245000000,
        "othercomprehensiveincomelossnetoftax": 173000000,
        "comprehensiveincomenetoftaxincludingportionattributabletononcontrollinginterest": 3244000000,
        "comprehensiveincomenetoftaxattributabletononcontrollinginterest": 15000000,
        "comprehensiveincomenetoftax": -4610000000,
        "revenuefromcontractwithcustomerexcludingassessedtax": 4263000000,
        "incomelossfromequitymethodinvestments": -4301000000,
        "gainlossonsaleofpropertyplantequipment": -910000000,
        "othernonoperatingincomeexpense": 124000000,
        "revenues": -5668000000,
        "costofgoodsandservicessold": -1252000000,
        "operatingcostsandexpenses": -50000000,
        "sellinggeneralandadministrativeexpense": 26000000,
        "explorationexpense": 65000000,
        "depreciationdepletionandamortization": 1407000000,
        "impairmentsexcludingexplorationrelatedcharges": 12000000,
        "taxesexcludingincomeandexcisetaxes": 209000000,
        "accretionexpenseincludingassetretirementobligations": 82000000,
        "interestanddebtexpense": -65000000,
        "foreigncurrencytransactiongainlossbeforetax": 15000000,
        "othernonoperatingexpense": 1000000,
        "operatingexpensesincludingnonoperatingincomeexpenseandinterestanddebtexpense": -1367000000,
        "incomelossfromcontinuingoperationsbeforeincometaxesextraordinaryitemsnoncontrollinginterest": -4301000000,
        "incometaxexpensebenefit": 534000000,
        "netincomelossattributabletononcontrollinginterest": 15000000,
        "netincomeloss": -4301000000,
        "earningspersharebasic": 2.76,
        "earningspersharediluted": 2.74,
        "weightedaveragenumberofsharesoutstandingbasic": "null",
        "weightedaveragenumberofdilutedsharesoutstanding": "null"
    },
    {
        "date": "2019-06-29",
        "symbol": "COP",
        "period": "Q2",
        "profitloss": -4258000000,
        "othercomprehensiveincomelossamortizationadjustmentfromaocipensionandotherpostretirementbenefitplansfornetpriorservicecostcreditbeforetax": -10000000,
        "othercomprehensiveincomelossreclassificationadjustmentfromaocipensionandotherpostretirementbenefitplansfornetgainlossbeforetax": -32000000,
        "othercomprehensiveincomelosspensionandotherpostretirementbenefitplanstax": -5000000,
        "othercomprehensiveincomelosspensionandotherpostretirementbenefitplansadjustmentnetoftax": -17000000,
        "othercomprehensiveincomeforeigncurrencytransactionandtranslationgainlossbeforereclassificationandtax": 71000000,
        "othercomprehensiveincomelossforeigncurrencytranslationadjustmenttax": 1000000,
        "othercomprehensiveincomelossforeigncurrencytransactionandtranslationadjustmentnetoftax": 70000000,
        "othercomprehensiveincomelossnetoftax": 87000000,
        "comprehensiveincomenetoftaxincludingportionattributabletononcontrollinginterest": 1684000000,
        "comprehensiveincomenetoftaxattributabletononcontrollinginterest": 17000000,
        "comprehensiveincomenetoftax": -4529000000,
        "revenuefromcontractwithcustomerexcludingassessedtax": 4466000000,
        "incomelossfromequitymethodinvestments": -4258000000,
        "gainlossonsaleofpropertyplantequipment": 72000000,
        "othernonoperatingincomeexpense": 127000000,
        "revenues": -6073000000,
        "costofgoodsandservicessold": -1396000000,
        "operatingcostsandexpenses": -353000000,
        "sellinggeneralandadministrativeexpense": 44000000,
        "explorationexpense": 75000000,
        "depreciationdepletionandamortization": 1342000000,
        "assetimpairmentcharges": 1000000,
        "taxesexcludingincomeandexcisetaxes": 161000000,
        "accretionexpenseincludingassetretirementobligations": 83000000,
        "interestanddebtexpense": -66000000,
        "foreigncurrencytransactiongainlossbeforetax": -5000000,
        "othernonoperatingexpense": 1000000,
        "operatingexpensesincludingnonoperatingincomeexpenseandinterestanddebtexpense": -1815000000,
        "incomelossfromcontinuingoperationsbeforeincometaxesextraordinaryitemsnoncontrollinginterest": -4258000000,
        "incometaxexpensebenefit": 741000000,
        "netincomelossattributabletononcontrollinginterest": 17000000,
        "netincomeloss": -4258000000,
        "earningspersharebasic": 1.4,
        "earningspersharediluted": 1.4,
        "weightedaveragenumberofsharesoutstandingbasic": "null",
        "weightedaveragenumberofdilutedsharesoutstanding": "null"
    },
    {
        "date": "2019-03-30",
        "symbol": "COP",
        "period": "Q1",
        "profitloss": 1649000000,
        "othercomprehensiveincomelossamortizationadjustmentfromaocipensionandotherpostretirementbenefitplansfornetpriorservicecostcreditbeforetax": -8000000,
        "othercomprehensiveincomelossreclassificationadjustmentfromaocipensionandotherpostretirementbenefitplansfornetgainlossbeforetax": -26000000,
        "othercomprehensiveincomelosspensionandotherpostretirementbenefitplanstax": -5000000,
        "othercomprehensiveincomelosspensionandotherpostretirementbenefitplansadjustmentnetoftax": -40000000,
        "othercomprehensiveincomeforeigncurrencytransactionandtranslationgainlossbeforereclassificationandtax": 175000000,
        "othercomprehensiveincomelossforeigncurrencytranslationadjustmenttax": -1000000,
        "othercomprehensiveincomelossforeigncurrencytransactionandtranslationadjustmentnetoftax": 176000000,
        "othercomprehensiveincomelossnetoftax": 189000000,
        "comprehensiveincomenetoftaxincludingportionattributabletononcontrollinginterest": 2035000000,
        "comprehensiveincomenetoftaxattributabletononcontrollinginterest": 13000000,
        "comprehensiveincomenetoftax": 1816000000,
        "revenuefromcontractwithcustomerexcludingassessedtax": 823000000,
        "incomelossfromequitymethodinvestments": 186000000,
        "gainlossonsaleofpropertyplantequipment": 22000000,
        "othernonoperatingincomeexpense": 193000000,
        "revenues": 6731000000,
        "costofgoodsandservicessold": -1126000000,
        "operatingcostsandexpenses": -1000000,
        "sellinggeneralandadministrativeexpense": 4000000,
        "explorationexpense": 63000000,
        "depreciationdepletionandamortization": 1410000000,
        "assetimpairmentcharges": 1000000,
        "taxesexcludingincomeandexcisetaxes": 229000000,
        "accretionexpenseincludingassetretirementobligations": 82000000,
        "interestanddebtexpense": 69000000,
        "foreigncurrencytransactiongainlossbeforetax": -6000000,
        "othernonoperatingexpense": -4000000,
        "operatingexpensesincludingnonoperatingincomeexpenseandinterestanddebtexpense": 73000000,
        "incomelossfromcontinuingoperationsbeforeincometaxesextraordinaryitemsnoncontrollinginterest": 2474000000,
        "incometaxexpensebenefit": 825000000,
        "netincomelossattributabletononcontrollinginterest": 13000000,
        "netincomeloss": 1636000000,
        "earningspersharebasic": 1.61,
        "earningspersharediluted": 1.6,
        "weightedaveragenumberofsharesoutstandingbasic": 1139463,
        "weightedaveragenumberofdilutedsharesoutstanding": 1146515
    },
    {
        "date": "2018-09-29",
        "symbol": "COP",
        "period": "Q3",
        "profitloss": -4031000000,
        "othercomprehensiveincomelossamortizationadjustmentfromaocipensionandotherpostretirementbenefitplansfornetpriorservicecostcreditbeforetax": -10000000,
        "othercomprehensiveincomelossreclassificationadjustmentfromaocipensionandotherpostretirementbenefitplansfornetgainlossbeforetax": -33000000,
        "othercomprehensiveincomelosspensionandotherpostretirementbenefitplanstax": -74000000,
        "othercomprehensiveincomelosspensionandotherpostretirementbenefitplansadjustmentnetoftax": -136000000,
        "othercomprehensiveincomeforeigncurrencytransactionandtranslationgainlossbeforereclassificationandtax": 59000000,
        "othercomprehensiveincomelossforeigncurrencytransactionandtranslationadjustmentnetoftax": 59000000,
        "othercomprehensiveincomelossnetoftax": 195000000,
        "comprehensiveincomenetoftaxincludingportionattributabletononcontrollinginterest": 2068000000,
        "comprehensiveincomenetoftaxattributabletononcontrollinginterest": 12000000,
        "comprehensiveincomenetoftax": -4433000000,
        "revenuefromcontractwithcustomerexcludingassessedtax": -7947000000,
        "incomelossfromequitymethodinvestments": -4031000000,
        "gainlossonsaleofpropertyplantequipment": 38000000,
        "othernonoperatingincomeexpense": 370000000,
        "revenues": -5735000000,
        "operatingcostsandexpenses": -16000000,
        "sellinggeneralandadministrativeexpense": 0,
        "explorationexpense": 62000000,
        "depreciationdepletionandamortization": 1342000000,
        "assetimpairmentcharges": 43000000,
        "taxesexcludingincomeandexcisetaxes": 279000000,
        "accretionexpenseincludingassetretirementobligations": 85000000,
        "interestanddebtexpense": -142000000,
        "foreigncurrencytransactiongainlossbeforetax": 28000000,
        "othernonoperatingexpense": 4000000,
        "operatingexpensesincludingnonoperatingincomeexpenseandinterestanddebtexpense": -1704000000,
        "incomelossfromcontinuingoperationsbeforeincometaxesextraordinaryitemsnoncontrollinginterest": -4031000000,
        "incometaxexpensebenefit": 1075000000,
        "netincomelossattributabletononcontrollinginterest": 12000000,
        "netincomeloss": -4031000000,
        "earningspersharebasic": 1.5900000000000003,
        "earningspersharediluted": 1.5900000000000003,
        "commonstockdividendspersharecashpaid": 0.29,
        "weightedaveragenumberofsharesoutstandingbasic": -4391,
        "weightedaveragenumberofdilutedsharesoutstanding": -3725
    },
    {
        "date": "2018-06-29",
        "symbol": "COP",
        "period": "Q2",
        "profitloss": -6007000000,
        "othercomprehensiveincomelossamortizationadjustmentfromaocipensionandotherpostretirementbenefitplansfornetpriorservicecostcreditbeforetax": -10000000,
        "othercomprehensiveincomelossreclassificationadjustmentfromaocipensionandotherpostretirementbenefitplansfornetgainlossbeforetax": -171000000,
        "othercomprehensiveincomelosspensionandotherpostretirementbenefitplanstax": -25000000,
        "othercomprehensiveincomelosspensionandotherpostretirementbenefitplansadjustmentnetoftax": -93000000,
        "othercomprehensiveincomeforeigncurrencytransactionandtranslationgainlossbeforereclassificationandtax": -359000000,
        "othercomprehensiveincomelossforeigncurrencytransactionandtranslationadjustmentnetoftax": -359000000,
        "othercomprehensiveincomelossnetoftax": -266000000,
        "comprehensiveincomenetoftaxincludingportionattributabletononcontrollinginterest": 1388000000,
        "comprehensiveincomenetoftaxattributabletononcontrollinginterest": 14000000,
        "comprehensiveincomenetoftax": -7005000000,
        "revenuefromcontractwithcustomerexcludingassessedtax": 7968000000,
        "incomelossfromequitymethodinvestments": -6246000000,
        "gainlossonsaleofpropertyplantequipment": 55000000,
        "othernonoperatingincomeexpense": 22000000,
        "revenues": -15343000000,
        "costofpurchasedoilandgas": -3907000000,
        "operatingcostsandexpenses": -1069000000,
        "sellinggeneralandadministrativeexpense": -31000000,
        "explorationexpense": 31000000,
        "depreciationdepletionandamortization": 1295000000,
        "assetimpairmentcharges": -24000000,
        "taxesexcludingincomeandexcisetaxes": 245000000,
        "accretionexpenseincludingassetretirementobligations": 84000000,
        "interestanddebtexpense": -351000000,
        "foreigncurrencytransactiongainlossbeforetax": -14000000,
        "othernonoperatingexpense": -5000000,
        "operatingexpensesincludingnonoperatingincomeexpenseandinterestanddebtexpense": -1491000000,
        "incomelossfromcontinuingoperationsbeforeincometaxesextraordinaryitemsnoncontrollinginterest": -8374000000,
        "incometaxexpensebenefit": 961000000,
        "netincomelossattributabletononcontrollinginterest": 14000000,
        "netincomeloss": -5454000000,
        "earningspersharebasic": 1.4,
        "earningspersharediluted": 1.38,
        "commonstockdividendspersharecashpaid": 0.285,
        "weightedaveragenumberofsharesoutstandingbasic": -3728,
        "weightedaveragenumberofdilutedsharesoutstanding": -1955
    },
    {
        "date": "2018-03-30",
        "symbol": "COP",
        "period": "Q1",
        "profitloss": 12000000,
        "othercomprehensiveincomelossamortizationadjustmentfromaocipensionandotherpostretirementbenefitplansfornetpriorservicecostcreditbeforetax": -10000000,
        "othercomprehensiveincomelossreclassificationadjustmentfromaocipensionandotherpostretirementbenefitplansfornetgainlossbeforetax": -24000000,
        "othercomprehensiveincomelosspensionandotherpostretirementbenefitplanstax": -3000000,
        "othercomprehensiveincomelosspensionandotherpostretirementbenefitplansadjustmentnetoftax": -11000000,
        "othercomprehensiveincomeforeigncurrencytransactionandtranslationgainlossbeforereclassificationandtax": 78000000,
        "othercomprehensiveincomelossforeigncurrencytransactionandtranslationadjustmentnetoftax": 78000000,
        "othercomprehensiveincomelossnetoftax": 89000000,
        "comprehensiveincomenetoftaxincludingportionattributabletononcontrollinginterest": 989000000,
        "comprehensiveincomenetoftaxattributabletononcontrollinginterest": 12000000,
        "comprehensiveincomenetoftax": 1582000000,
        "revenuefromcontractwithcustomerexcludingassessedtax": 1890000000,
        "incomelossfromequitymethodinvestments": 251000000,
        "gainlossonsaleofpropertyplantequipment": 4000000,
        "othernonoperatingincomeexpense": 51000000,
        "revenues": 6544000000,
        "costofpurchasedoilandgas": 1433000000,
        "operatingcostsandexpenses": 1032000000,
        "sellinggeneralandadministrativeexpense": 26000000,
        "explorationexpense": 42000000,
        "depreciationdepletionandamortization": 1280000000,
        "assetimpairmentcharges": 11000000,
        "taxesexcludingincomeandexcisetaxes": 133000000,
        "accretionexpenseincludingassetretirementobligations": 84000000,
        "interestanddebtexpense": 63000000,
        "foreigncurrencytransactiongainlossbeforetax": -48000000,
        "othernonoperatingexpense": 3000000,
        "operatingexpensesincludingnonoperatingincomeexpenseandinterestanddebtexpense": -1313000000,
        "incomelossfromcontinuingoperationsbeforeincometaxesextraordinaryitemsnoncontrollinginterest": 2379000000,
        "incometaxexpensebenefit": 868000000,
        "netincomelossattributabletononcontrollinginterest": 12000000,
        "netincomeloss": -541000000,
        "earningspersharebasic": 0.75,
        "earningspersharediluted": 0.75,
        "commonstockdividendspersharecashpaid": 0.285,
        "weightedaveragenumberofsharesoutstandingbasic": 1179792,
        "weightedaveragenumberofdilutedsharesoutstanding": 1186454
    },
    {
        "date": "2017-09-29",
        "symbol": "COP",
        "period": "Q3",
        "profitloss": 486000000,
        "othercomprehensiveincomelossamortizationadjustmentfromaocipensionandotherpostretirementbenefitplansfornetpriorservicecostcreditbeforetax": -9000000,
        "othercomprehensiveincomelosspensionandotherpostretirementbenefitplansnetunamortizedgainlossarisingduringperiodbeforetax": 13000000,
        "othercomprehensiveincomelossreclassificationadjustmentfromaocipensionandotherpostretirementbenefitplansfornetgainlossbeforetax": -49000000,
        "othercomprehensiveincomelosspensionandotherpostretirementbenefitplanstax": -18000000,
        "othercomprehensiveincomelosspensionandotherpostretirementbenefitplansadjustmentnetoftax": -35000000,
        "othercomprehensiveincomeunrealizedholdinggainlossonsecuritiesarisingduringperiodbeforetax": 551000000,
        "othercomprehensiveincomeunrealizedholdinggainlossonsecuritiesarisingduringperiodtax": 45000000,
        "othercomprehensiveincomeunrealizedholdinggainlossonsecuritiesarisingduringperiodnetoftax": 506000000,
        "othercomprehensiveincomeforeigncurrencytransactionandtranslationgainlossbeforereclassificationandtax": 509000000,
        "othercomprehensiveincomelossforeigncurrencytransactionandtranslationadjustmentnetoftax": 509000000,
        "othercomprehensiveincomelossnetoftax": 1050000000,
        "comprehensiveincomenetoftaxincludingportionattributabletononcontrollinginterest": 1486000000,
        "comprehensiveincomenetoftaxattributabletononcontrollinginterest": 16000000,
        "comprehensiveincomenetoftax": 1536000000,
        "salesrevenuenet": 2997000000,
        "incomelossfromequitymethodinvestments": 348000000,
        "gainlossonsaleofpropertyplantequipment": 879000000,
        "othernonoperatingincome": 12000000,
        "revenues": 4313000000,
        "costofpurchasedoilandgas": 2666000000,
        "operatingcostsandexpenses": 221000000,
        "sellinggeneralandadministrativeexpense": 119000000,
        "explorationexpense": 30000000,
        "depreciationdepletionandamortization": 203000000,
        "assetimpairmentcharges": 1000000,
        "taxesexcludingincomeandexcisetaxes": 29000000,
        "accretionexpenseincludingassetretirementobligations": 8000000,
        "interestanddebtexpense": 169000000,
        "foreigncurrencytransactiongainlossbeforetax": -1000000,
        "othernonoperatingexpense": 1000000,
        "costsandexpenses": 3448000000,
        "incomelossfromcontinuingoperationsbeforeincometaxesextraordinaryitemsnoncontrollinginterest": 865000000,
        "incometaxexpensebenefit": 379000000,
        "netincomelossattributabletononcontrollinginterest": 16000000,
        "netincomeloss": 486000000,
        "earningspersharebasic": 0.35,
        "earningspersharediluted": 0.34,
        "commonstockdividendspersharecashpaid": 0.27,
        "weightedaveragenumberofsharesoutstandingbasic": 1212454000,
        "weightedaveragenumberofdilutedsharesoutstanding": 1215341000
    },
    {
        "date": "2017-06-29",
        "symbol": "COP",
        "period": "Q2",
        "profitloss": 5557000000,
        "othercomprehensiveincomelossamortizationadjustmentfromaocipensionandotherpostretirementbenefitplansfornetpriorservicecostcreditbeforetax": -10000000,
        "othercomprehensiveincomelosspensionandotherpostretirementbenefitplansnetunamortizedgainlossarisingduringperiodbeforetax": -32000000,
        "othercomprehensiveincomelossreclassificationadjustmentfromaocipensionandotherpostretirementbenefitplansfornetgainlossbeforetax": -66000000,
        "othercomprehensiveincomelosspensionandotherpostretirementbenefitplanstax": -8000000,
        "othercomprehensiveincomelosspensionandotherpostretirementbenefitplansadjustmentnetoftax": -16000000,
        "othercomprehensiveincomeunrealizedholdinggainlossonsecuritiesarisingduringperiodbeforetax": -424000000,
        "othercomprehensiveincomeunrealizedholdinggainlossonsecuritiesarisingduringperiodnetoftax": -424000000,
        "othercomprehensiveincomeforeigncurrencytransactionandtranslationgainlossbeforereclassificationandtax": 27000000,
        "othercomprehensiveincomelossforeigncurrencytransactionandtranslationadjustmentnetoftax": 27000000,
        "othercomprehensiveincomelossnetoftax": -381000000,
        "comprehensiveincomenetoftaxincludingportionattributabletononcontrollinginterest": -3807000000,
        "comprehensiveincomenetoftaxattributabletononcontrollinginterest": 14000000,
        "comprehensiveincomenetoftax": 5849000000,
        "salesrevenuenet": 3827000000,
        "incomelossfromequitymethodinvestments": 5557000000,
        "gainlossonsaleofpropertyplantequipment": 1860000000,
        "othernonoperatingincome": 33000000,
        "revenues": 4638000000,
        "costofpurchasedoilandgas": -753000000,
        "operatingcostsandexpenses": -1000000,
        "sellinggeneralandadministrativeexpense": 22000000,
        "explorationexpense": 65000000,
        "depreciationdepletionandamortization": 1421000000,
        "assetimpairmentcharges": 5220000000,
        "taxesexcludingincomeandexcisetaxes": 162000000,
        "accretionexpenseincludingassetretirementobligations": 82000000,
        "interestanddebtexpense": -165000000,
        "foreigncurrencytransactiongainlossbeforetax": -7000000,
        "othernonoperatingexpense": 234000000,
        "costsandexpenses": -919000000,
        "incomelossfromcontinuingoperationsbeforeincometaxesextraordinaryitemsnoncontrollinginterest": 5557000000,
        "incometaxexpensebenefit": -397000000,
        "netincomelossattributabletononcontrollinginterest": 14000000,
        "netincomeloss": 5557000000,
        "earningspersharebasic": -2.78,
        "earningspersharediluted": -2.78,
        "commonstockdividendspersharecashpaid": 0.27,
        "weightedaveragenumberofsharesoutstandingbasic": 1236831000,
        "weightedaveragenumberofdilutedsharesoutstanding": 1236831000
    },
    {
        "date": "2017-03-30",
        "symbol": "COP",
        "period": "Q1",
        "profitloss": -1790000000,
        "othercomprehensiveincomelossamortizationadjustmentfromaocipensionandotherpostretirementbenefitplansfornetpriorservicecostcreditbeforetax": -9000000,
        "othercomprehensiveincomelosspensionandotherpostretirementbenefitplansnetunamortizedgainlossarisingduringperiodbeforetax": -7000000,
        "othercomprehensiveincomelossreclassificationadjustmentfromaocipensionandotherpostretirementbenefitplansfornetgainlossbeforetax": -90000000,
        "othercomprehensiveincomelosspensionandotherpostretirementbenefitplanstax": -26000000,
        "othercomprehensiveincomelosspensionandotherpostretirementbenefitplansadjustmentnetoftax": -48000000,
        "othercomprehensiveincomeforeigncurrencytransactionandtranslationgainlossbeforereclassificationandtax": 184000000,
        "othercomprehensiveincomelossforeigncurrencytransactionandtranslationadjustmentnetoftax": 184000000,
        "othercomprehensiveincomelossnetoftax": 232000000,
        "comprehensiveincomenetoftaxincludingportionattributabletononcontrollinginterest": 831000000,
        "comprehensiveincomenetoftaxattributabletononcontrollinginterest": 13000000,
        "comprehensiveincomenetoftax": -2238000000,
        "salesrevenuenet": 4403000000,
        "incomelossfromequitymethodinvestments": 120000000,
        "gainlossonsaleofpropertyplantequipment": 9000000,
        "othernonoperatingincome": 29000000,
        "revenues": -2714000000,
        "costofpurchasedoilandgas": -763000000,
        "operatingcostsandexpenses": -1000000,
        "sellinggeneralandadministrativeexpense": -5000000,
        "explorationexpense": 179000000,
        "depreciationdepletionandamortization": 1728000000,
        "assetimpairmentcharges": 51000000,
        "taxesexcludingincomeandexcisetaxes": 182000000,
        "accretionexpenseincludingassetretirementobligations": 85000000,
        "interestanddebtexpense": -155000000,
        "foreigncurrencytransactiongainlossbeforetax": 32000000,
        "costsandexpenses": -924000000,
        "incomelossfromcontinuingoperationsbeforeincometaxesextraordinaryitemsnoncontrollinginterest": -1790000000,
        "incometaxexpensebenefit": -800000000,
        "netincomelossattributabletononcontrollinginterest": 13000000,
        "netincomeloss": -1790000000,
        "earningspersharebasic": 0.47,
        "earningspersharediluted": 0.47,
        "commonstockdividendspersharecashpaid": 0.27,
        "weightedaveragenumberofsharesoutstandingbasic": 1243280,
        "weightedaveragenumberofdilutedsharesoutstanding": 1248722
    },
    {
        "date": "2016-09-29",
        "symbol": "COP",
        "period": "Q3",
        "profitloss": 1321000000,
        "othercomprehensiveincomelossamortizationadjustmentfromaocipensionandotherpostretirementbenefitplansfornetpriorservicecostcreditbeforetax": -7000000,
        "othercomprehensiveincomelosspensionandotherpostretirementbenefitplansnetunamortizedgainlossarisingduringperiodbeforetax": -33000000,
        "othercomprehensiveincomelossreclassificationadjustmentfromaocipensionandotherpostretirementbenefitplansfornetgainlossbeforetax": -47000000,
        "definedbenefitpensionplansnonsponsoredplansbeforetax": 2000000,
        "othercomprehensiveincomelosspensionandotherpostretirementbenefitplanstax": -2000000,
        "othercomprehensiveincomelosspensionandotherpostretirementbenefitplansadjustmentnetoftax": -9000000,
        "othercomprehensiveincomeforeigncurrencytransactionandtranslationgainlossbeforereclassificationandtax": 4000000,
        "othercomprehensiveincomelossforeigncurrencytransactionandtranslationadjustmentnetoftax": -82000000,
        "othercomprehensiveincomelossnetoftax": -73000000,
        "comprehensiveincomenetoftaxincludingportionattributabletononcontrollinginterest": -1099000000,
        "comprehensiveincomenetoftaxattributabletononcontrollinginterest": 14000000,
        "comprehensiveincomenetoftax": 1501000000,
        "salesrevenuenet": 3482000000,
        "incomelossfromequitymethodinvestments": 1321000000,
        "gainlossonsaleofpropertyplantequipment": 40000000,
        "othernonoperatingincome": 106000000,
        "revenues": 379000000,
        "costofpurchasedoilandgas": -768000000,
        "operatingcostsandexpenses": -5000000,
        "sellinggeneralandadministrativeexpense": 43000000,
        "explorationexpense": 265000000,
        "depreciationdepletionandamortization": 2074000000,
        "assetimpairmentcharges": 60000000,
        "taxesexcludingincomeandexcisetaxes": 135000000,
        "accretionexpenseincludingassetretirementobligations": 97000000,
        "interestanddebtexpense": -169000000,
        "foreigncurrencytransactiongainlossbeforetax": -31000000,
        "costsandexpenses": -942000000,
        "incomelossfromcontinuingoperationsbeforeincometaxesextraordinaryitemsnoncontrollinginterest": 1321000000,
        "incometaxexpensebenefit": -375000000,
        "netincomelossattributabletononcontrollinginterest": 14000000,
        "netincomeloss": -323000000,
        "earningspersharebasic": -0.84,
        "earningspersharediluted": -0.84,
        "commonstockdividendspersharecashpaid": 0.25,
        "weightedaveragenumberofsharesoutstandingbasic": 1245961,
        "weightedaveragenumberofdilutedsharesoutstanding": 1245961
    },
    {
        "date": "2016-06-29",
        "symbol": "COP",
        "period": "Q2",
        "profitloss": 959000000,
        "othercomprehensiveincomelossamortizationadjustmentfromaocipensionandotherpostretirementbenefitplansfornetpriorservicecostcreditbeforetax": -9000000,
        "othercomprehensiveincomelosspensionandotherpostretirementbenefitplansnetunamortizedgainlossarisingduringperiodbeforetax": -69000000,
        "othercomprehensiveincomelossreclassificationadjustmentfromaocipensionandotherpostretirementbenefitplansfornetgainlossbeforetax": -74000000,
        "othercomprehensiveincomelosspensionandotherpostretirementbenefitplanstax": 3000000,
        "othercomprehensiveincomelosspensionandotherpostretirementbenefitplansadjustmentnetoftax": 1000000,
        "othercomprehensiveincomeforeigncurrencytransactionandtranslationgainlossbeforereclassificationandtax": 2000000,
        "othercomprehensiveincomelossforeigncurrencytransactionandtranslationadjustmentnetoftax": -224000000,
        "othercomprehensiveincomelossnetoftax": -225000000,
        "comprehensiveincomenetoftaxincludingportionattributabletononcontrollinginterest": -1283000000,
        "comprehensiveincomenetoftaxattributabletononcontrollinginterest": 13000000,
        "comprehensiveincomenetoftax": 1392000000,
        "salesrevenuenet": 3064000000,
        "incomelossfromequitymethodinvestments": 959000000,
        "gainlossonsaleofpropertyplantequipment": 65000000,
        "othernonoperatingincome": 18000000,
        "revenues": -123000000,
        "costofpurchasedoilandgas": -678000000,
        "operatingcostsandexpenses": -234000000,
        "sellinggeneralandadministrativeexpense": 29000000,
        "explorationexpense": 203000000,
        "depreciationdepletionandamortization": 2023000000,
        "assetimpairmentcharges": 1000000,
        "taxesexcludingincomeandexcisetaxes": 158000000,
        "accretionexpenseincludingassetretirementobligations": 100000000,
        "interestanddebtexpense": -170000000,
        "foreigncurrencytransactiongainlossbeforetax": -60000000,
        "costsandexpenses": -1082000000,
        "incomelossfromcontinuingoperationsbeforeincometaxesextraordinaryitemsnoncontrollinginterest": 959000000,
        "incometaxexpensebenefit": -236000000,
        "netincomelossattributabletononcontrollinginterest": 13000000,
        "netincomeloss": -335000000,
        "earningspersharebasic": -0.86,
        "earningspersharediluted": -0.86,
        "commonstockdividendspersharecashpaid": 0.25,
        "weightedaveragenumberofsharesoutstandingbasic": 1244892,
        "weightedaveragenumberofdilutedsharesoutstanding": 1244892
    },
    {
        "date": "2016-03-30",
        "symbol": "COP",
        "period": "Q1",
        "profitloss": 2472000000,
        "othercomprehensiveincomelossamortizationadjustmentfromaocipensionandotherpostretirementbenefitplansfornetpriorservicecostcreditbeforetax": -9000000,
        "othercomprehensiveincomelosspensionandotherpostretirementbenefitplansnetunamortizedgainlossarisingduringperiodbeforetax": -231000000,
        "othercomprehensiveincomelossreclassificationadjustmentfromaocipensionandotherpostretirementbenefitplansfornetgainlossbeforetax": -108000000,
        "othercomprehensiveincomelosspensionandotherpostretirementbenefitplanstax": 50000000,
        "othercomprehensiveincomelosspensionandotherpostretirementbenefitplansadjustmentnetoftax": 82000000,
        "othercomprehensiveincomeforeigncurrencytransactionandtranslationgainlossbeforereclassificationandtax": 3000000,
        "othercomprehensiveincomelossforeigncurrencytransactionandtranslationadjustmentnetoftax": 1183000000,
        "othercomprehensiveincomelossnetoftax": 1101000000,
        "comprehensiveincomenetoftaxincludingportionattributabletononcontrollinginterest": -355000000,
        "comprehensiveincomenetoftaxattributabletononcontrollinginterest": 13000000,
        "comprehensiveincomenetoftax": -72000000,
        "salesrevenuenet": 3049000000,
        "incomelossfromequitymethodinvestments": 2472000000,
        "gainlossonsaleofpropertyplantequipment": 1000000,
        "othernonoperatingincome": 26000000,
        "revenues": 1792000000,
        "costofpurchasedoilandgas": -502000000,
        "operatingcostsandexpenses": -3000000,
        "sellinggeneralandadministrativeexpense": -6000000,
        "explorationexpense": 74000000,
        "depreciationdepletionandamortization": 1990000000,
        "assetimpairmentcharges": 132000000,
        "taxesexcludingincomeandexcisetaxes": 123000000,
        "accretionexpenseincludingassetretirementobligations": 97000000,
        "interestanddebtexpense": -169000000,
        "foreigncurrencytransactiongainlossbeforetax": 254000000,
        "costsandexpenses": -680000000,
        "incomelossfromcontinuingoperationsbeforeincometaxesextraordinaryitemsnoncontrollinginterest": 2472000000,
        "incometaxexpensebenefit": -421000000,
        "netincomelossattributabletononcontrollinginterest": 13000000,
        "netincomeloss": -273000000,
        "earningspersharebasic": -1.18,
        "earningspersharediluted": -1.18,
        "commonstockdividendspersharecashpaid": 0.25,
        "weightedaveragenumberofsharesoutstandingbasic": 1244557,
        "weightedaveragenumberofdilutedsharesoutstanding": 1244557
    },
    {
        "date": "2015-09-29",
        "symbol": "COP",
        "period": "Q3",
        "profitloss": 656000000,
        "othercomprehensiveincomedefinedbenefitplannetpriorservicecostcreditarisingduringperiodbeforetax": -163000000,
        "othercomprehensiveincomelossamortizationadjustmentfromaocipensionandotherpostretirementbenefitplansfornetpriorservicecostcreditbeforetax": -5000000,
        "othercomprehensiveincomelosspensionandotherpostretirementbenefitplansnetunamortizedgainlossarisingduringperiodbeforetax": 181000000,
        "othercomprehensiveincomelossreclassificationadjustmentfromaocipensionandotherpostretirementbenefitplansfornetgainlossbeforetax": -126000000,
        "othercomprehensiveincomelosspensionandotherpostretirementbenefitplanstax": -18000000,
        "othercomprehensiveincomelosspensionandotherpostretirementbenefitplansadjustmentnetoftax": -35000000,
        "othercomprehensiveincomeforeigncurrencytransactionandtranslationgainlossbeforereclassificationandtax": -2544000000,
        "othercomprehensiveincomeforeigncurrencytranslationgainlossarisingduringperiodtax": -25000000,
        "othercomprehensiveincomelossforeigncurrencytransactionandtranslationadjustmentnetoftax": -2519000000,
        "othercomprehensiveincomelossnetoftax": -2484000000,
        "comprehensiveincomenetoftaxincludingportionattributabletononcontrollinginterest": -3540000000,
        "comprehensiveincomenetoftaxattributabletononcontrollinginterest": 15000000,
        "comprehensiveincomenetoftax": 5894000000,
        "salesrevenuenet": 4308000000,
        "incomelossfromequitymethodinvestments": 656000000,
        "gainlossonsaleofpropertyplantequipment": 13000000,
        "othernonoperatingincome": 13000000,
        "revenues": -366000000,
        "costofpurchasedoilandgas": -855000000,
        "operatingcostsandexpenses": 1834000000,
        "sellinggeneralandadministrativeexpense": 53000000,
        "explorationexpense": 335000000,
        "depreciationdepletionandamortization": 1949000000,
        "assetimpairmentcharges": 1000000,
        "taxesexcludingincomeandexcisetaxes": 168000000,
        "accretionexpenseincludingassetretirementobligations": 108000000,
        "interestanddebtexpense": -164000000,
        "foreigncurrencytransactiongainlossbeforetax": -240000000,
        "costsandexpenses": -1022000000,
        "incomelossfromcontinuingoperationsbeforeincometaxesextraordinaryitemsnoncontrollinginterest": 656000000,
        "incometaxexpensebenefit": -144000000,
        "incomelossfromcontinuingoperationsincludingportionattributabletononcontrollinginterest": 656000000,
        "netincomelossattributabletononcontrollinginterest": 15000000,
        "netincomeloss": 656000000,
        "incomelossfromcontinuingoperations": -1071000000,
        "incomelossfromcontinuingoperationsperbasicshare": -0.87,
        "earningspersharebasic": -0.87,
        "incomelossfromcontinuingoperationsperdilutedshare": -0.87,
        "earningspersharediluted": -0.87,
        "commonstockdividendspersharecashpaid": 0.74,
        "weightedaveragenumberofsharesoutstandingbasic": 1242125,
        "weightedaveragenumberofdilutedsharesoutstanding": 1242125
    },
    {
        "date": "2015-06-29",
        "symbol": "COP",
        "period": "Q2",
        "profitloss": 25000000,
        "othercomprehensiveincomedefinedbenefitplannetpriorservicecostcreditarisingduringperiodbeforetax": -140000000,
        "othercomprehensiveincomelossamortizationadjustmentfromaocipensionandotherpostretirementbenefitplansfornetpriorservicecostcreditbeforetax": -3000000,
        "othercomprehensiveincomelosspensionandotherpostretirementbenefitplansnetunamortizedgainlossarisingduringperiodbeforetax": 15000000,
        "othercomprehensiveincomelossreclassificationadjustmentfromaocipensionandotherpostretirementbenefitplansfornetgainlossbeforetax": -102000000,
        "othercomprehensiveincomelosspensionandotherpostretirementbenefitplanstax": -93000000,
        "othercomprehensiveincomelosspensionandotherpostretirementbenefitplansadjustmentnetoftax": -161000000,
        "othercomprehensiveincomeforeigncurrencytransactionandtranslationgainlossbeforereclassificationandtax": 796000000,
        "othercomprehensiveincomeforeigncurrencytranslationgainlossarisingduringperiodtax": 9000000,
        "othercomprehensiveincomelossforeigncurrencytransactionandtranslationadjustmentnetoftax": 787000000,
        "othercomprehensiveincomelossnetoftax": 948000000,
        "comprehensiveincomenetoftaxincludingportionattributabletononcontrollinginterest": 784000000,
        "comprehensiveincomenetoftaxattributabletononcontrollinginterest": 15000000,
        "comprehensiveincomenetoftax": -1783000000,
        "salesrevenuenet": 5191000000,
        "incomelossfromequitymethodinvestments": 25000000,
        "gainlossonsaleofpropertyplantequipment": 50000000,
        "othernonoperatingincome": 47000000,
        "revenues": -1090000000,
        "costofpurchasedoilandgas": -948000000,
        "operatingcostsandexpenses": 1798000000,
        "sellinggeneralandadministrativeexpense": 53000000,
        "explorationexpense": 406000000,
        "depreciationdepletionandamortization": 2028000000,
        "assetimpairmentcharges": 78000000,
        "taxesexcludingincomeandexcisetaxes": 175000000,
        "accretionexpenseincludingassetretirementobligations": 107000000,
        "interestanddebtexpense": -165000000,
        "foreigncurrencytransactiongainlossbeforetax": 139000000,
        "costsandexpenses": -1115000000,
        "incomelossfromcontinuingoperationsbeforeincometaxesextraordinaryitemsnoncontrollinginterest": 25000000,
        "incometaxexpensebenefit": 339000000,
        "incomelossfromcontinuingoperationsincludingportionattributabletononcontrollinginterest": 25000000,
        "netincomelossattributabletononcontrollinginterest": 15000000,
        "netincomeloss": 25000000,
        "incomelossfromcontinuingoperations": -179000000,
        "incomelossfromcontinuingoperationsperbasicshare": -0.15,
        "earningspersharebasic": -0.15,
        "incomelossfromcontinuingoperationsperdilutedshare": -0.15,
        "earningspersharediluted": -0.15,
        "commonstockdividendspersharecashpaid": 0.73,
        "weightedaveragenumberofsharesoutstandingbasic": 1241026,
        "weightedaveragenumberofdilutedsharesoutstanding": 1241026
    },
    {
        "date": "2015-03-30",
        "symbol": "COP",
        "period": "Q1",
        "profitloss": -1567000000,
        "othercomprehensiveincomelossamortizationadjustmentfromaocipensionandotherpostretirementbenefitplansfornetpriorservicecostcreditbeforetax": -1000000,
        "othercomprehensiveincomelossreclassificationadjustmentfromaocipensionandotherpostretirementbenefitplansfornetgainlossbeforetax": -50000000,
        "othercomprehensiveincomelosspensionandotherpostretirementbenefitplanstax": -17000000,
        "othercomprehensiveincomelosspensionandotherpostretirementbenefitplansadjustmentnetoftax": -32000000,
        "othercomprehensiveincomeforeigncurrencytransactionandtranslationgainlossbeforereclassificationandtax": -4000000,
        "othercomprehensiveincomeforeigncurrencytranslationgainlossarisingduringperiodtax": -26000000,
        "othercomprehensiveincomelossforeigncurrencytransactionandtranslationadjustmentnetoftax": -2719000000,
        "othercomprehensiveincomelossnetoftax": -2687000000,
        "comprehensiveincomenetoftaxincludingportionattributabletononcontrollinginterest": -2401000000,
        "comprehensiveincomenetoftaxattributabletononcontrollinginterest": 14000000,
        "comprehensiveincomenetoftax": 4150000000,
        "salesrevenuenet": 4783000000,
        "incomelossfromequitymethodinvestments": -1567000000,
        "gainlossonsaleofpropertyplantequipment": 52000000,
        "othernonoperatingincome": 22000000,
        "revenues": -2591000000,
        "costofpurchasedoilandgas": -817000000,
        "operatingcostsandexpenses": -32000000,
        "sellinggeneralandadministrativeexpense": -9000000,
        "explorationexpense": 282000000,
        "depreciationdepletionandamortization": 1872000000,
        "assetimpairmentcharges": 16000000,
        "taxesexcludingincomeandexcisetaxes": 224000000,
        "accretionexpenseincludingassetretirementobligations": 107000000,
        "interestanddebtexpense": -166000000,
        "foreigncurrencytransactiongainlossbeforetax": -300000000,
        "costsandexpenses": -1024000000,
        "incomelossfromcontinuingoperationsbeforeincometaxesextraordinaryitemsnoncontrollinginterest": -1567000000,
        "incometaxexpensebenefit": -373000000,
        "incomelossfromcontinuingoperationsincludingportionattributabletononcontrollinginterest": -1567000000,
        "netincomelossattributabletononcontrollinginterest": 14000000,
        "netincomeloss": -1567000000,
        "incomelossfromcontinuingoperations": 272000000,
        "incomelossfromcontinuingoperationsperbasicshare": 0.22,
        "earningspersharebasic": 0.22,
        "incomelossfromcontinuingoperationsperdilutedshare": 0.22,
        "earningspersharediluted": 0.22,
        "commonstockdividendspersharecashpaid": 0.73,
        "weightedaveragenumberofsharesoutstandingbasic": 1240791,
        "weightedaveragenumberofdilutedsharesoutstanding": 1245531
    },
    {
        "date": "2014-09-29",
        "symbol": "COP",
        "period": "Q3",
        "profitloss": -5170000000,
        "othercomprehensiveincomelossamortizationadjustmentfromaocipensionandotherpostretirementbenefitplansfornetpriorservicecostcreditbeforetax": -2000000,
        "othercomprehensiveincomelossreclassificationadjustmentfromaocipensionandotherpostretirementbenefitplansfornetgainlossbeforetax": -32000000,
        "definedbenefitpensionplansnonsponsoredplansbeforetax": 0,
        "othercomprehensiveincomelosspensionandotherpostretirementbenefitplanstax": -11000000,
        "othercomprehensiveincomelosspensionandotherpostretirementbenefitplansadjustmentnetoftax": -19000000,
        "othercomprehensiveincomeforeigncurrencytransactionandtranslationgainlossbeforereclassificationandtax": -1947000000,
        "othercomprehensiveincomelossforeigncurrencytransactionandtranslationadjustmentnetoftax": -1932000000,
        "othercomprehensiveincomelossnetoftax": -1913000000,
        "comprehensiveincomenetoftaxincludingportionattributabletononcontrollinginterest": 814000000,
        "comprehensiveincomenetoftaxattributabletononcontrollinginterest": 23000000,
        "comprehensiveincomenetoftax": -1171000000,
        "salesrevenuenet": 7408000000,
        "incomelossfromequitymethodinvestments": -4031000000,
        "gainlossondispositions": 2000000,
        "othernonoperatingincome": -207000000,
        "revenues": -5671000000,
        "costofpurchasedoilandgas": -1472000000,
        "productionandoperatingexpenses": 10000000,
        "sellinggeneralandadministrativeexpense": -44000000,
        "explorationexpense": 128000000,
        "depreciationdepletionandamortization": 1823000000,
        "assetimpairmentcharges": 120000000,
        "taxesotherthanincometaxes": 424000000,
        "accretionexpenseincludingassetretirementobligations": 106000000,
        "interestanddebtexpense": -177000000,
        "foreigncurrencytransactiongainlossbeforetax": -164000000,
        "costsandexpenses": -1640000000,
        "incomelossfromcontinuingoperationsbeforeincometaxesextraordinaryitemsnoncontrollinginterest": -4031000000,
        "incometaxexpensebenefit": 1235000000,
        "incomelossfromcontinuingoperationsincludingportionattributabletononcontrollinginterest": -4031000000,
        "incomelossfromdiscontinuedoperationsnetoftax": -1139000000,
        "netincomelossattributabletononcontrollinginterest": 23000000,
        "netincomeloss": -5170000000,
        "incomelossfromcontinuingoperations": 1626000000,
        "incomelossfromdiscontinuedoperationsnetoftaxattributabletoreportingentity": 1078000000,
        "incomelossfromcontinuingoperationsperbasicshare": 1.32,
        "incomelossfromdiscontinuedoperationsnetoftaxperbasicshare": 0.86,
        "earningspersharebasic": 2.1800000000000006,
        "incomelossfromcontinuingoperationsperdilutedshare": 1.3000000000000003,
        "incomelossfromdiscontinuedoperationsnetoftaxperdilutedshare": 0.86,
        "earningspersharediluted": 2.16,
        "commonstockdividendspersharecashpaid": 0.73,
        "weightedaveragenumberofsharesoutstandingbasic": -1234594,
        "weightedaveragenumberofdilutedsharesoutstanding": -1241034,
        "discontinuedoperationtaxeffectofdiscontinuedoperation": -6000000
    },
    {
        "date": "2014-06-29",
        "symbol": "COP",
        "period": "Q2",
        "profitloss": -4566000000,
        "othercomprehensiveincomelossamortizationadjustmentfromaocipensionandotherpostretirementbenefitplansfornetpriorservicecostcreditbeforetax": -1000000,
        "othercomprehensiveincomelossreclassificationadjustmentfromaocipensionandotherpostretirementbenefitplansfornetgainlossbeforetax": -33000000,
        "definedbenefitpensionplansnonsponsoredplansbeforetax": -1000000,
        "othercomprehensiveincomelosspensionandotherpostretirementbenefitplanstax": -12000000,
        "othercomprehensiveincomelosspensionandotherpostretirementbenefitplansadjustmentnetoftax": -19000000,
        "othercomprehensiveincomeforeigncurrencytransactionandtranslationgainlossbeforereclassificationandtax": 668000000,
        "othercomprehensiveincomeforeigncurrencytranslationgainlossarisingduringperiodtax": -9000000,
        "othercomprehensiveincomelossforeigncurrencytransactionandtranslationadjustmentnetoftax": 677000000,
        "othercomprehensiveincomelossnetoftax": 696000000,
        "comprehensiveincomenetoftaxincludingportionattributabletononcontrollinginterest": 2794000000,
        "comprehensiveincomenetoftaxattributabletononcontrollinginterest": 17000000,
        "comprehensiveincomenetoftax": -6054000000,
        "salesrevenuenet": 8716000000,
        "incomelossfromequitymethodinvestments": -4500000000,
        "gainlossondispositions": 5000000,
        "othernonoperatingincome": 174000000,
        "revenues": -6299000000,
        "costofpurchasedoilandgas": -1567000000,
        "productionandoperatingexpenses": -47000000,
        "sellinggeneralandadministrativeexpense": 59000000,
        "explorationexpense": 279000000,
        "depreciationdepletionandamortization": 1809000000,
        "assetimpairmentcharges": 17000000,
        "taxesotherthanincometaxes": 541000000,
        "accretionexpenseincludingassetretirementobligations": 105000000,
        "interestanddebtexpense": -185000000,
        "foreigncurrencytransactiongainlossbeforetax": 124000000,
        "costsandexpenses": -1799000000,
        "incomelossfromcontinuingoperationsbeforeincometaxesextraordinaryitemsnoncontrollinginterest": -4500000000,
        "incometaxexpensebenefit": 1532000000,
        "incomelossfromcontinuingoperationsincludingportionattributabletononcontrollinginterest": -4500000000,
        "incomelossfromdiscontinuedoperationsnetoftax": -66000000,
        "netincomelossattributabletononcontrollinginterest": 17000000,
        "netincomeloss": -4566000000,
        "incomelossfromcontinuingoperations": 2048000000,
        "incomelossfromdiscontinuedoperationsnetoftaxattributabletoreportingentity": 33000000,
        "incomelossfromcontinuingoperationsperbasicshare": 1.65,
        "incomelossfromdiscontinuedoperationsnetoftaxperbasicshare": 0.03,
        "earningspersharebasic": 1.68,
        "incomelossfromcontinuingoperationsperdilutedshare": 1.64,
        "incomelossfromdiscontinuedoperationsnetoftaxperdilutedshare": 0.03,
        "earningspersharediluted": 1.67,
        "commonstockdividendspersharecashpaid": 0.69,
        "weightedaveragenumberofsharesoutstandingbasic": 1236057,
        "weightedaveragenumberofdilutedsharesoutstanding": 1245155,
        "discontinuedoperationtaxeffectofdiscontinuedoperation": -10000000
    },
    {
        "date": "2014-03-30",
        "symbol": "COP",
        "period": "Q1",
        "profitloss": -4852000000,
        "othercomprehensiveincomelossamortizationadjustmentfromaocipensionandotherpostretirementbenefitplansfornetpriorservicecostcreditbeforetax": -2000000,
        "othercomprehensiveincomelossreclassificationadjustmentfromaocipensionandotherpostretirementbenefitplansfornetgainlossbeforetax": -33000000,
        "definedbenefitpensionplansnonsponsoredplansbeforetax": 6000000,
        "othercomprehensiveincomelosspensionandotherpostretirementbenefitplanstax": -11000000,
        "othercomprehensiveincomelosspensionandotherpostretirementbenefitplansadjustmentnetoftax": -26000000,
        "othercomprehensiveincomeforeigncurrencytransactionandtranslationgainlossbeforereclassificationandtax": -222000000,
        "othercomprehensiveincomelossforeigncurrencytransactionandtranslationreclassificationadjustmentfromaocirealizeduponsaleorliquidationbeforetax": 4000000,
        "othercomprehensiveincomelossforeigncurrencytransactionandtranslationadjustmentnetoftax": -226000000,
        "othercomprehensiveincomelossnetoftax": -200000000,
        "comprehensiveincomenetoftaxincludingportionattributabletononcontrollinginterest": 1937000000,
        "comprehensiveincomenetoftaxattributabletononcontrollinginterest": 14000000,
        "comprehensiveincomenetoftax": -4296000000,
        "salesrevenuenet": 9272000000,
        "incomelossfromequitymethodinvestments": -4812000000,
        "gainlossondispositions": 10000000,
        "othernonoperatingincome": 34000000,
        "revenues": -6700000000,
        "costofpurchasedoilandgas": -1680000000,
        "productionandoperatingexpenses": -3000000,
        "sellinggeneralandadministrativeexpense": -14000000,
        "explorationexpense": 152000000,
        "depreciationdepletionandamortization": 1650000000,
        "assetimpairmentcharges": 1000000,
        "taxesotherthanincometaxes": 558000000,
        "accretionexpenseincludingassetretirementobligations": 103000000,
        "interestanddebtexpense": -191000000,
        "foreigncurrencytransactiongainlossbeforetax": -132000000,
        "costsandexpenses": -1888000000,
        "incomelossfromcontinuingoperationsbeforeincometaxesextraordinaryitemsnoncontrollinginterest": -4812000000,
        "incometaxexpensebenefit": 1649000000,
        "incomelossfromcontinuingoperationsincludingportionattributabletononcontrollinginterest": -4812000000,
        "incomelossfromdiscontinuedoperationsnetoftax": -40000000,
        "netincomelossattributabletononcontrollinginterest": 14000000,
        "netincomeloss": -4852000000,
        "incomelossfromcontinuingoperations": 2103000000,
        "incomelossfromdiscontinuedoperationsnetoftaxattributabletoreportingentity": 20000000,
        "incomelossfromcontinuingoperationsperbasicshare": 1.7,
        "incomelossfromdiscontinuedoperationsnetoftaxperbasicshare": 0.02,
        "earningspersharebasic": 1.72,
        "incomelossfromcontinuingoperationsperdilutedshare": 1.69,
        "incomelossfromdiscontinuedoperationsnetoftaxperdilutedshare": 0.02,
        "earningspersharediluted": 1.71,
        "commonstockdividendspersharecashpaid": 0.69,
        "weightedaveragenumberofsharesoutstandingbasic": 1234968,
        "weightedaveragenumberofdilutedsharesoutstanding": 1242667,
        "discontinuedoperationtaxeffectofdiscontinuedoperation": 32000000
    },
    {
        "date": "2013-09-29",
        "symbol": "COP",
        "period": "Q3",
        "profitloss": -5950000000,
        "othercomprehensiveincomelossamortizationpensionandotherpostretirementbenefitplansnetpriorservicecostrecognizedinnetperiodicbenefitcostbeforetax": 1000000,
        "othercomprehensiveincomedefinedbenefitplannetpriorservicecostsbeforetax": 1000000,
        "othercomprehensiveincomereclassificationofdefinedbenefitplansnetgainlossrecognizedinnetperiodicbenefitcostbeforetax": 106000000,
        "othercomprehensiveincomedefinedbenefitplannetactuarialgainlossbeforetax": 407000000,
        "othercomprehensiveincomelosspensionandotherpostretirementbenefitplanstax": -155000000,
        "othercomprehensiveincomelosspensionandotherpostretirementbenefitplansadjustmentnetoftax": -251000000,
        "othercomprehensiveincomeforeigncurrencytransactionandtranslationgainlossbeforereclassificationandtax": 623000000,
        "othercomprehensiveincomeforeigncurrencytranslationgainlossarisingduringperiodtax": 2000000,
        "othercomprehensiveincomelossforeigncurrencytransactionandtranslationadjustmentnetoftax": 621000000,
        "othercomprehensiveincomelossnetoftax": 872000000,
        "comprehensiveincomenetoftaxincludingportionattributabletononcontrollinginterest": 3368000000,
        "comprehensiveincomenetoftaxattributabletononcontrollinginterest": 16000000,
        "comprehensiveincomenetoftax": -7465000000,
        "salesrevenuenet": 9018000000,
        "incomelossfromequitymethodinvestments": -5836000000,
        "gainlossondispositions": 651000000,
        "othernonoperatingincome": 20000000,
        "revenues": -7778000000,
        "costofpurchasedoilandgas": -1332000000,
        "productionandoperatingexpenses": -3000000,
        "sellinggeneralandadministrativeexpense": -1000000,
        "explorationexpense": 156000000,
        "depreciationdepletionandamortization": 1657000000,
        "assetimpairmentcharges": 1000000,
        "taxesotherthanincometaxes": 609000000,
        "accretionexpenseincludingassetretirementobligations": 92000000,
        "interestanddebtexpense": -606000000,
        "foreigncurrencytransactiongainlossbeforetax": 12000000,
        "costsandexpenses": -1942000000,
        "incomelossfromcontinuingoperationsbeforeincometaxesextraordinaryitemsnoncontrollinginterest": -5836000000,
        "incometaxexpensebenefit": 1913000000,
        "incomelossfromcontinuingoperationsincludingportionattributabletononcontrollinginterest": -5836000000,
        "incomelossfromdiscontinuedoperationsnetoftax": -114000000,
        "netincomelossattributabletononcontrollinginterest": 16000000,
        "netincomeloss": -5950000000,
        "incomelossfromcontinuingoperations": 2423000000,
        "incomelossfromdiscontinuedoperationsnetoftaxattributabletoreportingentity": 57000000,
        "incomelossfromcontinuingoperationsperbasicshare": 1.9599999999999997,
        "earningspersharebasic": 2.01,
        "incomelossfromcontinuingoperationsperdilutedshare": 1.9500000000000006,
        "earningspersharediluted": 2,
        "commonstockdividendspersharecashpaid": 0.6899999999999996,
        "weightedaveragenumberofsharesoutstandingbasic": 523,
        "weightedaveragenumberofdilutedsharesoutstanding": 1511,
        "discontinuedoperationtaxeffectofdiscontinuedoperation": 136000000
    },
    {
        "date": "2013-06-29",
        "symbol": "COP",
        "period": "Q2",
        "profitloss": -5318000000,
        "othercomprehensiveincomelossamortizationpensionandotherpostretirementbenefitplansnetpriorservicecostrecognizedinnetperiodicbenefitcostbeforetax": 2000000,
        "othercomprehensiveincomedefinedbenefitplannetpriorservicecostsbeforetax": 2000000,
        "othercomprehensiveincomereclassificationofdefinedbenefitplansnetgainlossrecognizedinnetperiodicbenefitcostbeforetax": 57000000,
        "othercomprehensiveincomedefinedbenefitplannetactuarialgainlossbeforetax": 58000000,
        "definedbenefitpensionplansnonsponsoredplansbeforetax": 0,
        "othercomprehensiveincomelosspensionandotherpostretirementbenefitplanstax": -20000000,
        "othercomprehensiveincomelosspensionandotherpostretirementbenefitplansadjustmentnetoftax": -36000000,
        "othercomprehensiveincomeforeigncurrencytransactionandtranslationgainlossbeforereclassificationandtax": -1684000000,
        "othercomprehensiveincomelossforeigncurrencytransactionandtranslationreclassificationadjustmentrealizeduponsaleorliquidationbeforetax": 0,
        "othercomprehensiveincomeforeigncurrencytranslationgainlossarisingduringperiodtax": -10000000,
        "othercomprehensiveincomelossforeigncurrencytransactionandtranslationadjustmentnetoftax": -1674000000,
        "othercomprehensiveincomelossnetoftax": -1638000000,
        "comprehensiveincomenetoftaxincludingportionattributabletononcontrollinginterest": 425000000,
        "comprehensiveincomenetoftaxattributabletononcontrollinginterest": 13000000,
        "comprehensiveincomenetoftax": -1955000000,
        "salesrevenuenet": 8729000000,
        "incomelossfromequitymethodinvestments": -5324000000,
        "gainlossondispositions": 92000000,
        "othernonoperatingincome": 40000000,
        "revenues": -7149000000,
        "costofpurchasedoilandgas": -1215000000,
        "productionandoperatingexpenses": -18000000,
        "sellinggeneralandadministrativeexpense": -1000000,
        "explorationexpense": 130000000,
        "depreciationdepletionandamortization": 1611000000,
        "assetimpairmentcharges": 28000000,
        "taxesotherthanincometaxes": 594000000,
        "accretionexpenseincludingassetretirementobligations": 91000000,
        "interestanddebtexpense": -591000000,
        "foreigncurrencytransactiongainlossbeforetax": -32000000,
        "costsandexpenses": -1825000000,
        "incomelossfromcontinuingoperationsbeforeincometaxesextraordinaryitemsnoncontrollinginterest": -5324000000,
        "incometaxexpensebenefit": 1697000000,
        "incomelossfromcontinuingoperationsincludingportionattributabletononcontrollinginterest": -5324000000,
        "incomelossfromdiscontinuedoperationsnetoftax": 6000000,
        "netincomelossattributabletononcontrollinginterest": 13000000,
        "netincomeloss": -5318000000,
        "incomelossfromcontinuingoperations": 2053000000,
        "incomelossfromdiscontinuedoperationsnetoftaxattributabletoreportingentity": -3000000,
        "incomelossfromcontinuingoperationsperbasicshare": 1.66,
        "incomelossfromdiscontinuedoperationsnetoftaxperbasicshare": 0,
        "earningspersharebasic": 1.66,
        "incomelossfromcontinuingoperationsperdilutedshare": 1.65,
        "incomelossfromdiscontinuedoperationsnetoftaxperdilutedshare": 0,
        "earningspersharediluted": 1.65,
        "commonstockdividendspersharecashpaid": 0.66,
        "weightedaveragenumberofsharesoutstandingbasic": 272,
        "weightedaveragenumberofdilutedsharesoutstanding": 1525,
        "discontinuedoperationtaxeffectofdiscontinuedoperation": 88000000
    },
    {
        "date": "2013-03-30",
        "symbol": "COP",
        "period": "Q1",
        "profitloss": -5566000000,
        "othercomprehensiveincomelossamortizationpensionandotherpostretirementbenefitplansnetpriorservicecostrecognizedinnetperiodicbenefitcostbeforetax": 1000000,
        "othercomprehensiveincomedefinedbenefitplannetpriorservicecostsbeforetax": 1000000,
        "othercomprehensiveincomereclassificationofdefinedbenefitplansnetgainlossrecognizedinnetperiodicbenefitcostbeforetax": 57000000,
        "othercomprehensiveincomedefinedbenefitplannetactuarialgainlossbeforetax": 57000000,
        "definedbenefitpensionplansnonsponsoredplansbeforetax": 1000000,
        "othercomprehensiveincomelosspensionandotherpostretirementbenefitplanstax": -22000000,
        "othercomprehensiveincomelosspensionandotherpostretirementbenefitplansadjustmentnetoftax": -35000000,
        "othercomprehensiveincomeforeigncurrencytransactionandtranslationgainlossbeforereclassificationandtax": -644000000,
        "othercomprehensiveincomelossforeigncurrencytransactionandtranslationreclassificationadjustmentrealizeduponsaleorliquidationbeforetax": -4000000,
        "othercomprehensiveincomeforeigncurrencytranslationgainlossarisingduringperiodtax": -4000000,
        "othercomprehensiveincomelossforeigncurrencytransactionandtranslationadjustmentnetoftax": -644000000,
        "othercomprehensiveincomelossnetoftax": -609000000,
        "comprehensiveincomenetoftaxincludingportionattributabletononcontrollinginterest": 1544000000,
        "comprehensiveincomenetoftaxattributabletononcontrollinginterest": 14000000,
        "comprehensiveincomenetoftax": -4301000000,
        "salesrevenuenet": 9702000000,
        "incomelossfromequitymethodinvestments": -5308000000,
        "gainlossondispositions": 60000000,
        "othernonoperatingincome": 19000000,
        "revenues": -7073000000,
        "costofpurchasedoilandgas": -1159000000,
        "productionandoperatingexpenses": -2000000,
        "sellinggeneralandadministrativeexpense": -17000000,
        "explorationexpense": 134000000,
        "depreciationdepletionandamortization": 1599000000,
        "assetimpairmentcharges": 2000000,
        "taxesotherthanincometaxes": 815000000,
        "accretionexpenseincludingassetretirementobligations": 92000000,
        "interestanddebtexpense": -587000000,
        "foreigncurrencytransactiongainlossbeforetax": 25000000,
        "costsandexpenses": -1765000000,
        "incomelossfromcontinuingoperationsbeforeincometaxesextraordinaryitemsnoncontrollinginterest": -5308000000,
        "incometaxexpensebenefit": 1821000000,
        "incomelossfromcontinuingoperationsincludingportionattributabletononcontrollinginterest": -5308000000,
        "incomelossfromdiscontinuedoperationsnetoftax": -258000000,
        "netincomelossattributabletononcontrollinginterest": 14000000,
        "netincomeloss": -5566000000,
        "incomelossfromcontinuingoperations": 2010000000,
        "incomelossfromdiscontinuedoperationsnetoftaxattributabletoreportingentity": 129000000,
        "incomelossfromcontinuingoperationsperbasicshare": 1.64,
        "incomelossfromdiscontinuedoperationsnetoftaxperbasicshare": 0.1,
        "earningspersharebasic": 1.74,
        "incomelossfromcontinuingoperationsperdilutedshare": 1.63,
        "incomelossfromdiscontinuedoperationsnetoftaxperdilutedshare": 0.1,
        "earningspersharediluted": 1.73,
        "commonstockdividendspersharecashpaid": 0.66,
        "weightedaveragenumberofsharesoutstandingbasic": 1229232,
        "weightedaveragenumberofdilutedsharesoutstanding": 1235907,
        "discontinuedoperationtaxeffectofdiscontinuedoperation": -9000000
    },
    {
        "date": "2012-09-29",
        "symbol": "COP",
        "period": "Q3",
        "profitloss": -22015000000,
        "othercomprehensiveincomedefinedbenefitplannetpriorservicecostsbeforetax": 5000000,
        "othercomprehensiveincomereclassificationofdefinedbenefitplansnetgainlossrecognizedinnetperiodicbenefitcostbeforetax": 189000000,
        "othercomprehensiveincomedefinedbenefitplannetactuarialgainlossbeforetax": -243000000,
        "definedbenefitpensionplansnonsponsoredplansbeforetax": -10000000,
        "othercomprehensiveincomeforeigncurrencytransactionandtranslationgainlossbeforereclassificationandtax": 905000000,
        "othercomprehensiveincomeforeigncurrencytranslationgainlossarisingduringperiodtax": -27000000,
        "comprehensiveincomenetoftaxincludingportionattributabletononcontrollinginterest": 2275000000,
        "comprehensiveincomenetoftaxattributabletononcontrollinginterest": 15000000,
        "comprehensiveincomenetoftax": -24871000000,
        "salesrevenuenet": 22325000000,
        "incomelossfromequitymethodinvestments": -19794000000,
        "othernonoperatingincome": 35000000,
        "costofpurchasedoilandgas": -9946000000,
        "productionandoperatingexpenses": -625000000,
        "sellinggeneralandadministrativeexpense": -439000000,
        "explorationexpense": 695000000,
        "depreciationdepletionandamortization": 1502000000,
        "assetimpairmentcharges": 0,
        "taxesotherthanincometaxes": 2326000000,
        "accretionexpenseincludingassetretirementobligations": 249000000,
        "interestanddebtexpense": -1906000000,
        "foreigncurrencytransactiongainlossbeforetax": 78000000,
        "incometaxexpensebenefit": 6390000000,
        "netincomelossattributabletononcontrollinginterest": 15000000,
        "netincomeloss": -22738000000,
        "earningspersharebasic": 1.4899999999999993,
        "earningspersharediluted": 1.4699999999999998,
        "commonstockdividendspersharecashpaid": 0.6599999999999998,
        "weightedaveragenumberofsharesoutstandingbasic": -1264645359,
        "weightedaveragenumberofdilutedsharesoutstanding": -1274406788
    },
    {
        "date": "2012-06-29",
        "symbol": "COP",
        "period": "Q2",
        "salesrevenuenet": -47563000000,
        "incomelossfromequitymethodinvestments": 1246000000,
        "gainondispositions": 1522000000,
        "othernonoperatingincome": 13000000,
        "costofpurchasedoilandgas": -23793000000,
        "productionandoperatingexpenses": -562000000,
        "sellinggeneralandadministrativeexpense": -55000000,
        "explorationexpense": 97000000,
        "depreciationdepletionandamortization": 2481000000,
        "assetimpairmentcharges": 294000000,
        "taxesotherthanincometaxes": -4371000000,
        "accretionexpenseincludingassetretirementobligations": 8000000,
        "interestanddebtexpense": 89000000,
        "foreigncurrencytransactiongainlossbeforetax": -54000000,
        "incometaxexpensebenefit": -72000000,
        "profitloss": 1914000000,
        "netincomelossattributabletononcontrollinginterest": 22000000,
        "netincomeloss": 5512000000,
        "earningspersharebasic": 1.8200000000000003,
        "earningspersharediluted": 1.81,
        "commonstockdividendspersharecashpaid": 0.66,
        "weightedaveragenumberofsharesoutstandingbasic": -17597000,
        "weightedaveragenumberofdilutedsharesoutstanding": -17437000,
        "othercomprehensiveincomedefinedbenefitplannetpriorservicecostsbeforetax": -1000000,
        "othercomprehensiveincomereclassificationofdefinedbenefitplansnetgainlossrecognizedinnetperiodicbenefitcostbeforetax": 60000000,
        "othercomprehensiveincomedefinedbenefitplannetactuarialgainlossbeforetax": 22000000,
        "definedbenefitpensionplansnonsponsoredplansbeforetax": 2000000,
        "othercomprehensiveincomeforeigncurrencytransactionandtranslationgainlossbeforereclassificationandtax": -513000000,
        "othercomprehensiveincomeforeigncurrencytranslationgainlossarisingduringperiodtax": -13000000,
        "comprehensiveincomenetoftaxincludingportionattributabletononcontrollinginterest": 1820000000,
        "comprehensiveincomenetoftaxattributabletononcontrollinginterest": 22000000,
        "comprehensiveincomenetoftax": 3168000000
    },
    {
        "date": "2012-03-30",
        "symbol": "COP",
        "period": "Q1",
        "salesrevenuenet": 56132000000,
        "incomelossfromequitymethodinvestments": 3984000000,
        "gainondispositions": 1000000,
        "othernonoperatingincome": 42000000,
        "revenuesandotherincome": 38551000000,
        "costofpurchasedoilandgas": 31367000000,
        "productionandoperatingexpenses": 1166000000,
        "sellinggeneralandadministrativeexpense": 485000000,
        "explorationexpense": 89000000,
        "depreciationdepletionandamortization": 360000000,
        "assetimpairmentcharges": 2000000,
        "taxesotherthanincometaxes": 4521000000,
        "accretionexpenseincludingassetretirementobligations": 18000000,
        "interestanddebtexpense": 82000000,
        "foreigncurrencytransactiongainlossbeforetax": 28000000,
        "costandexpenses": 34904000000,
        "incomelossbeforeincometaxes": 3647000000,
        "incometaxexpensebenefit": 357000000,
        "profitloss": 3290000000,
        "netincomelossattributabletononcontrollinginterest": 18000000,
        "netincomeloss": 415000000,
        "earningspersharebasic": 2.29,
        "earningspersharediluted": 2.27,
        "commonstockdividendspersharecashpaid": 0.66,
        "weightedaveragenumberofsharesoutstandingbasic": 1283493000,
        "weightedaveragenumberofdilutedsharesoutstanding": 1293104000,
        "exciseandsalestaxes": 3321000000,
        "othercomprehensiveincomeamortizationofdefinedbenefitplannetpriorservicecostcreditrecognizedinnetperiodicbenefitcostbeforetax": 1000000,
        "othercomprehensiveincomedefinedbenefitplannetpriorservicecostsbeforetax": -1000000,
        "othercomprehensiveincomereclassificationofdefinedbenefitplansnetgainlossrecognizedinnetperiodicbenefitcostbeforetax": 78000000,
        "othercomprehensiveincomedefinedbenefitplannetactuarialgainlossbeforetax": 78000000,
        "definedbenefitpensionplansnonsponsoredplansbeforetax": 3000000,
        "othercomprehensiveincomedefinedbenefitplanstax": -29000000,
        "othercomprehensiveincomedefinedbenefitplansadjustmentnetoftaxperiodincreasedecrease": 51000000,
        "othercomprehensiveincomeforeigncurrencytransactionandtranslationgainlossbeforereclassificationandtax": 852000000,
        "othercomprehensiveincomeforeigncurrencytransactionandtranslationreclassificationadjustmentrealizeduponsaleorliquidationbeforetax": -1000000,
        "othercomprehensiveincomeforeigncurrencytranslationgainlossarisingduringperiodtax": 19000000,
        "othercomprehensiveincomeforeigncurrencytransactionandtranslationadjustmentnetoftaxperiodincreasedecrease": 834000000,
        "othercomprehensiveincomederivativesqualifyingashedgesbeforetaxperiodincreasedecrease": 1000000,
        "othercomprehensiveincomederivativesqualifyingashedgesnetoftaxperiodincreasedecrease": 1000000,
        "othercomprehensiveincomelossnetoftaxperiodincreasedecrease": 886000000,
        "comprehensiveincomenetoftaxincludingportionattributabletononcontrollinginterest": 3841000000,
        "comprehensiveincomenetoftaxattributabletononcontrollinginterest": 18000000,
        "comprehensiveincomenetoftax": 3371000000
    },
    {
        "date": "2011-09-29",
        "symbol": "COP",
        "period": "Q3",
        "salesrevenuenet": 62784000000,
        "incomelossfromequitymethodinvestments": 3287000000,
        "gainlossondispositions": -480000000,
        "othernonoperatingincome": 27000000,
        "revenuesandotherincome": 42911000000,
        "costofpurchasedoilandgas": 35596000000,
        "productionandoperatingexpenses": 1133000000,
        "sellinggeneralandadministrativeexpense": 306000000,
        "explorationexpense": 99000000,
        "depreciationdepletionandamortization": 378000000,
        "assetimpairmentcharges": 485000000,
        "taxesotherthanincometaxes": 4579000000,
        "accretionondiscountedliabilities": 17000000,
        "interestanddebtexpense": 104000000,
        "foreigncurrencytransactiongainlossbeforetax": -7000000,
        "costandexpenses": 39428000000,
        "incomelossbeforeincometaxes": 3483000000,
        "incometaxexpensebenefit": 588000000,
        "profitloss": 2895000000,
        "netincomelossattributabletononcontrollinginterest": 15000000,
        "netincomeloss": 789000000,
        "earningspersharebasic": 1.93,
        "earningspersharediluted": 1.91,
        "commonstockdividendspersharecashpaid": 0.66,
        "weightedaveragenumberofsharesoutstandingbasic": 1357710000,
        "weightedaveragenumberofdilutedsharesoutstanding": 1369562000,
        "exciseandsalestaxes": 3596000000
    },
    {
        "date": "2011-06-29",
        "symbol": "COP",
        "period": "Q2",
        "salesrevenuenet": 65627000000,
        "incomelossfromequitymethodinvestments": 604000000,
        "gainondispositions": 78000000,
        "othernonoperatingincome": 96000000,
        "revenuesandotherincome": 45433000000,
        "costofpurchasedoilandgas": 23662000000,
        "productionandoperatingexpenses": 1571000000,
        "sellinggeneralandadministrativeexpense": 4000000,
        "explorationexpense": 72000000,
        "depreciationdepletionandamortization": 384000000,
        "assetimpairmentcharges": 1000000,
        "taxesotherthanincometaxes": 4830000000,
        "accretionondiscountedliabilities": 98000000,
        "interestanddebtexpense": 11000000,
        "foreigncurrencytransactiongainlossbeforetax": -11000000,
        "costandexpenses": 19000000,
        "incomelossbeforeincometaxes": 4261000000,
        "incometaxexpensebenefit": -2000000,
        "profitloss": 3402000000,
        "netincomelossattributabletononcontrollinginterest": 17000000,
        "netincomeloss": 74000000,
        "earningspersharebasic": 2.43,
        "earningspersharediluted": 2.41,
        "commonstockdividendspersharecashpaid": 0.66,
        "weightedaveragenumberofsharesoutstandingbasic": 1399473000,
        "weightedaveragenumberofdilutedsharesoutstanding": 1412147000,
        "exciseandsalestaxes": 3554000000
    },
    {
        "date": "2011-03-30",
        "symbol": "COP",
        "period": "Q1",
        "salesrevenuenet": 56530000000,
        "incomelossfromequitymethodinvestments": 543000000,
        "gainondispositions": 616000000,
        "othernonoperatingincome": 84000000,
        "totalrevenuesandotherincome": 30366000000,
        "costofpurchasedoilandgas": 18144000000,
        "productionandoperatingexpenses": -90000000,
        "sellinggeneralandadministrativeexpense": 5000000,
        "explorationexpense": 50000000,
        "depreciationdepletionandamortization": 1683000000,
        "taxesotherthanincometaxes": 4364000000,
        "accretionondiscountedliabilities": 95000000,
        "interestanddebtexpense": 19000000,
        "foreigncurrencytransactiongainlossbeforetax": 53000000,
        "totalcostsandexpenses": 320000000,
        "incomelossbeforeincometaxes": -33000000,
        "incometaxexpensebenefit": 1000000,
        "profitloss": -6000000,
        "netincomelossattributabletononcontrollinginterest": 14000000,
        "netincomeloss": 80000000,
        "earningspersharebasic": 2.11,
        "earningspersharediluted": 2.09,
        "commonstockdividendspersharecashpaid": 0.66,
        "weightedaveragenumberofsharesoutstandingbasic": 1432285000,
        "weightedaveragenumberofdilutedsharesoutstanding": 1445477000,
        "exciseandsalestaxes": 3382000000
    },
    {
        "date": "2010-09-29",
        "symbol": "COP",
        "period": "Q3",
        "salesrevenuenet": -38411000000,
        "incomelossfromequitymethodinvestments": -2789000000,
        "othernonoperatingincome": 72000000,
        "totalrevenuesandotherincome": -45744000000,
        "costofpurchasedoilandgas": -43973000000,
        "productionandoperatingexpenses": -2576000000,
        "sellinggeneralandadministrativeexpense": -2000000,
        "explorationexpense": 120000000,
        "depreciationdepletionandamortization": 1439000000,
        "assetimpairmentcharges": 1495000000,
        "taxesotherthanincometaxes": -4383000000,
        "accretionondiscountedliabilities": -84000000,
        "interestanddebtexpense": -284000000,
        "foreigncurrencytransactiongainlossbeforetax": 47000000,
        "totalcostsandexpenses": -62745000000,
        "incomelossbeforeincometaxes": -3992000000,
        "incometaxexpensebenefit": 3678000000,
        "profitloss": -2211000000,
        "netincomelossattributabletononcontrollinginterest": 14000000,
        "netincomeloss": 3020000000,
        "earningspersharebasic": -3.96,
        "earningspersharediluted": 2.04,
        "commonstockdividendspersharecashpaid": 0.55,
        "weightedaveragenumberofsharesoutstandingbasic": -1494651000,
        "weightedaveragenumberofdilutedsharesoutstanding": -1505455000
    },
    {
        "date": "2010-06-29",
        "symbol": "COP",
        "period": "Q2",
        "salesrevenuenet": 45686000000,
        "incomelossfromequitymethodinvestments": 4305000000,
        "gainlossonsaleofoilandgasproperty": 2890000000,
        "othernonoperatingincome": 43000000,
        "totalrevenuesandotherincome": 12000000,
        "costofpurchasedoilandgas": -7212000000,
        "productionandoperatingexpenses": -23000000,
        "sellinggeneralandadministrativeexpense": 3000000,
        "explorationexpense": 157000000,
        "depreciationdepletionandamortization": 1883000000,
        "assetimpairmentcharges": 14000000,
        "taxesotherthanincometaxes": 4247000000,
        "accretionondiscountedliabilities": 16000000,
        "interestanddebtexpense": 20000000,
        "foreigncurrencytransactiongainlossbeforetax": -5000000,
        "totalcostsandexpenses": 21644000000,
        "incomelossbeforeincometaxes": 1000000,
        "incometaxexpensebenefit": -2000000,
        "profitloss": 100000000,
        "netincomelossattributabletononcontrollinginterest": 19000000,
        "netincomeloss": 536000000,
        "earningspersharebasic": 2.79,
        "earningspersharediluted": 2.77,
        "commonstockdividendspersharecashpaid": 0.55,
        "weightedaveragenumberofsharesoutstandingbasic": 1489814000,
        "weightedaveragenumberofdilutedsharesoutstanding": 1501257000
    },
    {
        "date": "2010-03-30",
        "symbol": "COP",
        "period": "Q1",
        "salesrevenuenet": 44821000000,
        "incomelossfromequitymethodinvestments": 868000000,
        "othernonoperatingincome": 73000000,
        "totalrevenuesandotherincome": 45762000000,
        "costofpurchasedoilandgas": 31521000000,
        "productionandoperatingexpenses": 2527000000,
        "sellinggeneralandadministrativeexpense": 444000000,
        "explorationexpense": 383000000,
        "depreciationdepletionandamortization": 2318000000,
        "assetimpairmentcharges": 91000000,
        "taxesotherthanincometaxes": 4037000000,
        "accretionondiscountedliabilities": 114000000,
        "interestanddebtexpense": 301000000,
        "foreigncurrencytransactiongainlossbeforetax": -36000000,
        "totalcostsandexpenses": 41772000000,
        "incomelossbeforeincometaxes": 3990000000,
        "incometaxexpensebenefit": 1878000000,
        "profitloss": 2112000000,
        "netincomelossattributabletononcontrollinginterest": 14000000,
        "netincomeloss": 2098000000,
        "earningspersharebasic": 1.41,
        "earningspersharediluted": 1.4,
        "commonstockdividendspersharecashpaid": 0.5,
        "weightedaveragenumberofsharesoutstandingbasic": 1492861000,
        "weightedaveragenumberofdilutedsharesoutstanding": 1503565000
    }
]