[
    {
        "date": "2024-09-28",
        "symbol": "SBUX",
        "period": "Q4",
        "revenues": 9074000000,
        "productionanddistributioncosts": 2810500000,
        "storeoperatingexpenses": 3881800000,
        "othercostandexpenseoperating": 138500000,
        "depreciationandamortization": 395000000,
        "generalandadministrativeexpense": 644700000,
        "costsandexpenses": 7870500000,
        "incomelossfromequitymethodinvestments": 103500000,
        "operatingincomeloss": 1307000000,
        "interestandotherincome": 1100000,
        "interestexpense": -44700000,
        "incomelossfromcontinuingoperationsbeforeincometaxesextraordinaryitemsnoncontrollinginterest": 1193800000,
        "incometaxexpensebenefit": 1209300000,
        "profitloss": 909700000,
        "netincomeloss": 909300000,
        "earningspersharebasic": 0.8099999999999995,
        "earningspersharediluted": 0.7999999999999997,
        "weightedaveragenumberofsharesoutstandingbasic": 1133800000,
        "weightedaveragenumberofdilutedsharesoutstanding": 1137300000,
        "othercomprehensiveincomeunrealizedholdinggainlossonsecuritiesarisingduringperiodbeforetax": 5800000,
        "othercomprehensiveincomeunrealizedholdinggainlossonsecuritiesarisingduringperiodtax": 4000000,
        "othercomprehensiveincomelosscashflowhedgegainlossbeforereclassificationtax": -3800000,
        "othercomprehensiveincomelossnetinvestmenthedgegainlossbeforereclassificationandtax": -114000000,
        "othercomprehensiveincomelossforeigncurrencytransactionandtranslationadjustmentbeforetax": 285800000,
        "othercomprehensiveincomelossforeigncurrencytranslationadjustmenttax": 5400000,
        "othercomprehensiveincomelossreclassificationadjustmentfromaocionderivativessalesofsecuritiesorforeigncurrencytransactionandtranslationrealizedonsaleorliquidationbeforetax": 16300000,
        "othercomprehensiveincomelossreclassificationadjustmentfromaocionderivativessalesofsecuritiesorfromforeigncurrencytransactionandtranslationrealizeduponsaleorliquidationtax": 4600000,
        "othercomprehensiveincomelossnetoftax": 178800000,
        "comprehensiveincomenetoftaxincludingportionattributabletononcontrollinginterest": 1088900000,
        "comprehensiveincomenetoftax": 1088200000,
        "othercomprehensiveincomelossnetinvestmenthedgegainlossbeforereclassificationtax": -2300000
    },
    {
        "date": "2024-06-29",
        "symbol": "SBUX",
        "period": "Q3",
        "revenues": 9113900000,
        "productionanddistributioncosts": 2740900000,
        "storeoperatingexpenses": 3829100000,
        "othercostandexpenseoperating": 143900000,
        "depreciationandamortization": 380400000,
        "generalandadministrativeexpense": 576000000,
        "costsandexpenses": 7670300000,
        "incomelossfromequitymethodinvestments": 73900000,
        "operatingincomeloss": 1517500000,
        "interestandotherincome": -300000,
        "interestexpense": 14200000,
        "incomelossfromcontinuingoperationsbeforeincometaxesextraordinaryitemsnoncontrollinginterest": 1404300000,
        "incometaxexpensebenefit": -4200000,
        "profitloss": 1055700000,
        "netincomelossattributabletononcontrollinginterest": 900000,
        "netincomeloss": 1054800000,
        "earningspersharebasic": 0.93,
        "earningspersharediluted": 0.93,
        "weightedaveragenumberofsharesoutstandingbasic": 1132800000,
        "weightedaveragenumberofdilutedsharesoutstanding": 1135800000,
        "othercomprehensiveincomeunrealizedholdinggainlossonsecuritiesarisingduringperiodbeforetax": 1100000,
        "othercomprehensiveincomeunrealizedholdinggainlossonsecuritiesarisingduringperiodtax": 300000,
        "othercomprehensiveincomelosscashflowhedgegainlossbeforereclassificationandtax": 23900000,
        "othercomprehensiveincomelosscashflowhedgegainlossbeforereclassificationtax": 8900000,
        "othercomprehensiveincomelossnetinvestmenthedgegainlossbeforereclassificationandtax": 114000000,
        "othercomprehensiveincomelossnetinvestmenthedgegainlossbeforereclassificationtax": -28800000,
        "othercomprehensiveincomelossforeigncurrencytransactionandtranslationadjustmentbeforetax": -91800000,
        "othercomprehensiveincomelossforeigncurrencytranslationadjustmenttax": -200000,
        "othercomprehensiveincomelossreclassificationadjustmentfromaocionderivativessalesofsecuritiesorforeigncurrencytransactionandtranslationrealizedonsaleorliquidationbeforetax": 14200000,
        "othercomprehensiveincomelossreclassificationadjustmentfromaocionderivativessalesofsecuritiesorfromforeigncurrencytransactionandtranslationrealizeduponsaleorliquidationtax": 4200000,
        "othercomprehensiveincomelossnetoftax": 13500000,
        "comprehensiveincomenetoftaxincludingportionattributabletononcontrollinginterest": 1069200000,
        "comprehensiveincomenetoftaxattributabletononcontrollinginterest": 900000,
        "comprehensiveincomenetoftax": 1068300000
    },
    {
        "date": "2024-03-30",
        "symbol": "SBUX",
        "period": "Q2",
        "revenues": 8563000000,
        "productionanddistributioncosts": 2648600000,
        "storeoperatingexpenses": 3724100000,
        "othercostandexpenseoperating": 132800000,
        "depreciationandamortization": 371900000,
        "generalandadministrativeexpense": 654600000,
        "costsandexpenses": 7532000000,
        "incomelossfromequitymethodinvestments": 67900000,
        "operatingincomeloss": 1098900000,
        "interestandotherincome": -400000,
        "interestexpense": -28000000,
        "incomelossfromcontinuingoperationsbeforeincometaxesextraordinaryitemsnoncontrollinginterest": 992400000,
        "incometaxexpensebenefit": 400000,
        "profitloss": 772500000,
        "netincomeloss": 772400000,
        "earningspersharebasic": 0.68,
        "earningspersharediluted": 0.68,
        "weightedaveragenumberofsharesoutstandingbasic": 1134500000,
        "weightedaveragenumberofdilutedsharesoutstanding": 1138000000,
        "othercomprehensiveincomeunrealizedholdinggainlossonsecuritiesarisingduringperiodbeforetax": -400000,
        "othercomprehensiveincomeunrealizedholdinggainlossonsecuritiesarisingduringperiodtax": -2700000,
        "othercomprehensiveincomelosscashflowhedgegainlossbeforereclassificationtax": 9300000,
        "othercomprehensiveincomelossnetinvestmenthedgegainlossbeforereclassificationandtax": -12900000,
        "othercomprehensiveincomelossnetinvestmenthedgegainlossbeforereclassificationtax": 23300000,
        "othercomprehensiveincomelossforeigncurrencytransactionandtranslationadjustmentbeforetax": -151200000,
        "othercomprehensiveincomelossforeigncurrencytranslationadjustmenttax": -1100000,
        "othercomprehensiveincomelossreclassificationadjustmentfromaocionderivativessalesofsecuritiesorforeigncurrencytransactionandtranslationrealizedonsaleorliquidationbeforetax": 13600000,
        "othercomprehensiveincomelossreclassificationadjustmentfromaocionderivativessalesofsecuritiesorfromforeigncurrencytransactionandtranslationrealizeduponsaleorliquidationtax": 4000000,
        "othercomprehensiveincomelossnetoftax": -63500000,
        "comprehensiveincomenetoftaxincludingportionattributabletononcontrollinginterest": 708800000,
        "comprehensiveincomenetoftaxattributabletononcontrollinginterest": 0,
        "comprehensiveincomenetoftax": 708800000
    },
    {
        "date": "2023-12-30",
        "symbol": "SBUX",
        "period": "Q1",
        "revenues": 9425300000,
        "productionanddistributioncosts": 2980600000,
        "storeoperatingexpenses": 3851500000,
        "othercostandexpenseoperating": 150400000,
        "depreciationandamortization": 365300000,
        "generalandadministrativeexpense": 648000000,
        "costsandexpenses": 7995800000,
        "incomelossfromequitymethodinvestments": 55900000,
        "operatingincomeloss": 1485400000,
        "interestandotherincome": -300000,
        "interestexpense": 8900000,
        "incomelossfromcontinuingoperationsbeforeincometaxesextraordinaryitemsnoncontrollinginterest": 1379100000,
        "incometaxexpensebenefit": 1800000,
        "profitloss": 1024400000,
        "netincomeloss": 1024400000,
        "earningspersharebasic": 0.9,
        "earningspersharediluted": 0.9,
        "weightedaveragenumberofsharesoutstandingbasic": 1136600000,
        "weightedaveragenumberofdilutedsharesoutstanding": 1140600000,
        "othercomprehensiveincomeunrealizedholdinggainlossonsecuritiesarisingduringperiodbeforetax": 5600000,
        "othercomprehensiveincomeunrealizedholdinggainlossonsecuritiesarisingduringperiodtax": 1400000,
        "othercomprehensiveincomeunrealizedgainlossonderivativesarisingduringperiodbeforetax": -31800000,
        "othercomprehensiveincomelossnetinvestmenthedgegainlossbeforereclassificationandtax": 6600000,
        "othercomprehensiveincomelossforeigncurrencytransactionandtranslationadjustmentbeforetax": 183100000,
        "othercomprehensiveincomelossforeigncurrencytranslationadjustmenttax": 4700000,
        "othercomprehensiveincomelossreclassificationadjustmentfromaocionderivativessalesofsecuritiesorforeigncurrencytransactionandtranslationrealizedonsaleorliquidationbeforetax": -24900000,
        "othercomprehensiveincomelossreclassificationadjustmentfromaocionderivativessalesofsecuritiesorfromforeigncurrencytransactionandtranslationrealizeduponsaleorliquidationtax": -1800000,
        "othercomprehensiveincomelossnetoftax": 220200000,
        "comprehensiveincomenetoftaxincludingportionattributabletononcontrollinginterest": 1244800000,
        "comprehensiveincomenetoftaxattributabletononcontrollinginterest": 200000,
        "comprehensiveincomenetoftax": 1244600000,
        "othercomprehensiveincomelossnetinvestmenthedgegainlossbeforereclassificationtax": -6300000,
        "othercomprehensiveincomelosscashflowhedgegainlossbeforereclassificationtax": 1800000
    },
    {
        "date": "2023-09-30",
        "symbol": "SBUX",
        "period": "Q4",
        "revenues": 9373600000,
        "productionanddistributioncosts": 2933000000,
        "storeoperatingexpenses": 3721400000,
        "othercostandexpenseoperating": 145300000,
        "depreciationandamortization": 351400000,
        "generalandadministrativeexpense": 635700000,
        "restructuringsettlementandimpairmentprovisions": 0,
        "costsandexpenses": 7786800000,
        "incomelossfromequitymethodinvestments": 119400000,
        "operatingincomeloss": 1706200000,
        "interestexpense": 47500000,
        "incomelossfromcontinuingoperationsbeforeincometaxesextraordinaryitemsnoncontrollinginterest": 1593100000,
        "incometaxexpensebenefit": 1251800000,
        "profitloss": 1219300000,
        "netincomeloss": 1219300000,
        "earningspersharebasic": 1.0700000000000005,
        "earningspersharediluted": 1.0599999999999998,
        "weightedaveragenumberofsharesoutstandingbasic": 1146800000,
        "weightedaveragenumberofdilutedsharesoutstanding": 1151300000,
        "othercomprehensiveincomeunrealizedholdinggainlossonsecuritiesarisingduringperiodbeforetax": -100000,
        "othercomprehensiveincomeunrealizedholdinggainlossonsecuritiesarisingduringperiodtax": 0,
        "othercomprehensiveincomelossnetinvestmenthedgegainlossbeforereclassificationandtax": -14600000,
        "othercomprehensiveincomelossforeigncurrencytransactionandtranslationadjustmentbeforetax": -74500000,
        "othercomprehensiveincomelossreclassificationadjustmentfromaocionderivativessalesofsecuritiesorforeigncurrencytransactionandtranslationrealizedonsaleorliquidationbeforetax": -22600000,
        "othercomprehensiveincomelossreclassificationadjustmentfromaocionderivativessalesofsecuritiesorfromforeigncurrencytransactionandtranslationrealizeduponsaleorliquidationtax": 700000,
        "othercomprehensiveincomelossnetoftax": -700000,
        "comprehensiveincomenetoftaxincludingportionattributabletononcontrollinginterest": 1218600000,
        "comprehensiveincomenetoftax": 1218600000
    },
    {
        "date": "2023-07-01",
        "symbol": "SBUX",
        "period": "Q3",
        "revenues": 9168300000,
        "productionanddistributioncosts": 2864200000,
        "storeoperatingexpenses": 3697600000,
        "othercostandexpenseoperating": 138600000,
        "depreciationandamortization": 342200000,
        "generalandadministrativeexpense": 604300000,
        "restructuringsettlementandimpairmentprovisions": 7200000,
        "costsandexpenses": 7654100000,
        "incomelossfromequitymethodinvestments": 69800000,
        "operatingincomeloss": 1584000000,
        "interestandotherincome": 0,
        "interestexpense": -32400000,
        "incomelossfromcontinuingoperationsbeforeincometaxesextraordinaryitemsnoncontrollinginterest": 1464200000,
        "incometaxexpensebenefit": 46700000,
        "profitloss": 1141900000,
        "netincomeloss": 1141700000,
        "earningspersharebasic": 0.9999999999999998,
        "earningspersharediluted": 0.99,
        "weightedaveragenumberofsharesoutstandingbasic": 1147600000,
        "weightedaveragenumberofdilutedsharesoutstanding": 1152000000,
        "othercomprehensiveincomeunrealizedholdinggainlossonsecuritiesarisingduringperiodbeforetax": -2200000,
        "othercomprehensiveincomeunrealizedholdinggainlossonsecuritiesarisingduringperiodtax": -500000,
        "othercomprehensiveincomeunrealizedgainlossonderivativesarisingduringperiodbeforetax": 53400000,
        "othercomprehensiveincomeunrealizedgainlossonderivativesarisingduringperiodtax": 3800000,
        "othercomprehensiveincomelossnetinvestmenthedgegainlossbeforereclassificationandtax": 48800000,
        "othercomprehensiveincomelossforeigncurrencytransactionandtranslationadjustmentbeforetax": -318100000,
        "othercomprehensiveincomelossreclassificationadjustmentfromaocionderivativessalesofsecuritiesorforeigncurrencytransactionandtranslationrealizedonsaleorliquidationbeforetax": 16500000,
        "othercomprehensiveincomelossreclassificationadjustmentfromaocionderivativessalesofsecuritiesorfromforeigncurrencytransactionandtranslationrealizeduponsaleorliquidationtax": 4100000,
        "othercomprehensiveincomelossnetoftax": -255200000,
        "comprehensiveincomenetoftaxincludingportionattributabletononcontrollinginterest": 886000000,
        "comprehensiveincomenetoftax": 886500000
    },
    {
        "date": "2023-04-01",
        "symbol": "SBUX",
        "period": "Q2",
        "revenues": 8719800000,
        "productionanddistributioncosts": 2801700000,
        "storeoperatingexpenses": 3636000000,
        "othercostandexpenseoperating": 126200000,
        "depreciationandamortization": 341900000,
        "generalandadministrativeexpense": 620400000,
        "restructuringsettlementandimpairmentprovisions": 8800000,
        "costsandexpenses": 7535000000,
        "incomelossfromequitymethodinvestments": 51400000,
        "gainlossondispositionofassets1": 91300000,
        "operatingincomeloss": 1327500000,
        "interestandotherincome": -300000,
        "interestexpense": 7000000,
        "incomelossfromcontinuingoperationsbeforeincometaxesextraordinaryitemsnoncontrollinginterest": 1209600000,
        "incometaxexpensebenefit": -9500000,
        "profitloss": 908300000,
        "netincomeloss": 908300000,
        "earningspersharebasic": 0.79,
        "earningspersharediluted": 0.79,
        "weightedaveragenumberofsharesoutstandingbasic": 1148500000,
        "weightedaveragenumberofdilutedsharesoutstanding": 1152700000,
        "othercomprehensiveincomeunrealizedholdinggainlossonsecuritiesarisingduringperiodbeforetax": 3600000,
        "othercomprehensiveincomeunrealizedholdinggainlossonsecuritiesarisingduringperiodtax": 800000,
        "othercomprehensiveincomeunrealizedgainlossonderivativesarisingduringperiodbeforetax": -1600000,
        "othercomprehensiveincomeunrealizedgainlossonderivativesarisingduringperiodtax": -100000,
        "othercomprehensiveincomelossnetinvestmenthedgegainlossbeforereclassificationandtax": -1100000,
        "othercomprehensiveincomelossforeigncurrencytransactionandtranslationadjustmentbeforetax": 74700000,
        "othercomprehensiveincomelossreclassificationadjustmentfromaocionderivativessalesofsecuritiesorforeigncurrencytransactionandtranslationrealizedonsaleorliquidationbeforetax": 66600000,
        "othercomprehensiveincomelossreclassificationadjustmentfromaocionderivativessalesofsecuritiesorfromforeigncurrencytransactionandtranslationrealizeduponsaleorliquidationtax": 9500000,
        "othercomprehensiveincomelossnetoftax": 17300000,
        "comprehensiveincomenetoftaxincludingportionattributabletononcontrollinginterest": 925600000,
        "comprehensiveincomenetoftax": 925600000
    },
    {
        "date": "2022-12-31",
        "symbol": "SBUX",
        "period": "Q1",
        "revenues": 8713900000,
        "productionanddistributioncosts": 2810200000,
        "storeoperatingexpenses": 3665300000,
        "othercostandexpenseoperating": 129300000,
        "depreciationandamortization": 327100000,
        "generalandadministrativeexpense": 580900000,
        "restructuringsettlementandimpairmentprovisions": 5800000,
        "costsandexpenses": 7518600000,
        "incomelossfromequitymethodinvestments": 57800000,
        "operatingincomeloss": 1253100000,
        "interestandotherincome": -200000,
        "interestexpense": 5300000,
        "incomelossfromcontinuingoperationsbeforeincometaxesextraordinaryitemsnoncontrollinginterest": 1135000000,
        "incometaxexpensebenefit": -11800000,
        "profitloss": 855200000,
        "netincomeloss": 855200000,
        "earningspersharebasic": 0.74,
        "earningspersharediluted": 0.74,
        "weightedaveragenumberofsharesoutstandingbasic": 1148500000,
        "weightedaveragenumberofdilutedsharesoutstanding": 1152900000,
        "othercomprehensiveincomeunrealizedholdinggainlossonsecuritiesarisingduringperiodbeforetax": 2000000,
        "othercomprehensiveincomeunrealizedholdinggainlossonsecuritiesarisingduringperiodtax": 500000,
        "othercomprehensiveincomeunrealizedgainlossonderivativesarisingduringperiodbeforetax": -50600000,
        "othercomprehensiveincomeunrealizedgainlossonderivativesarisingduringperiodtax": -29500000,
        "othercomprehensiveincomelossnetinvestmenthedgegainlossbeforereclassificationandtax": -14000000,
        "othercomprehensiveincomelossforeigncurrencytransactionandtranslationadjustmentbeforetax": 208900000,
        "othercomprehensiveincomelossreclassificationadjustmentfromaocionderivativessalesofsecuritiesorforeigncurrencytransactionandtranslationrealizedonsaleorliquidationbeforetax": 98400000,
        "othercomprehensiveincomelossreclassificationadjustmentfromaocionderivativessalesofsecuritiesorfromforeigncurrencytransactionandtranslationrealizeduponsaleorliquidationtax": 11800000,
        "othercomprehensiveincomelossnetoftax": -75700000,
        "comprehensiveincomenetoftaxincludingportionattributabletononcontrollinginterest": 779500000,
        "comprehensiveincomenetoftax": 779500000
    },
    {
        "date": "2022-10-01",
        "symbol": "SBUX",
        "period": "Q4",
        "revenues": 8414200000,
        "productionanddistributioncosts": 2711100000,
        "storeoperatingexpenses": 3544600000,
        "othercostandexpenseoperating": 123000000,
        "depreciationandamortization": 357400000,
        "generalandadministrativeexpense": 538000000,
        "restructuringsettlementandimpairmentprovisions": 35100000,
        "costsandexpenses": 7309200000,
        "incomelossfromequitymethodinvestments": 90600000,
        "operatingincomeloss": 1195600000,
        "interestandotherincome": -200000,
        "interestexpense": 3600000,
        "incomelossfromcontinuingoperationsbeforeincometaxesextraordinaryitemsnoncontrollinginterest": 1101200000,
        "incometaxexpensebenefit": 967200000,
        "profitloss": 878600000,
        "netincomelossattributabletononcontrollinginterest": 300000,
        "netincomeloss": 878300000,
        "earningspersharebasic": 0.76,
        "earningspersharediluted": 0.77,
        "weightedaveragenumberofsharesoutstandingbasic": 1153300000,
        "weightedaveragenumberofdilutedsharesoutstanding": 1158500000,
        "othercomprehensiveincomeunrealizedholdinggainlossonsecuritiesarisingduringperiodbeforetax": -6800000,
        "othercomprehensiveincomeunrealizedholdinggainlossonsecuritiesarisingduringperiodtax": -1700000,
        "othercomprehensiveincomelossforeigncurrencytransactionandtranslationadjustmentbeforetax": -373500000,
        "othercomprehensiveincomelossreclassificationadjustmentfromaocionderivativessalesofsecuritiesorforeigncurrencytransactionandtranslationrealizedonsaleorliquidationbeforetax": 101000000,
        "othercomprehensiveincomelossreclassificationadjustmentfromaocionderivativessalesofsecuritiesorfromforeigncurrencytransactionandtranslationrealizeduponsaleorliquidationtax": 15500000,
        "othercomprehensiveincomelossnetoftax": -398200000,
        "comprehensiveincomenetoftaxincludingportionattributabletononcontrollinginterest": 480400000,
        "comprehensiveincomenetoftaxattributabletononcontrollinginterest": 300000,
        "comprehensiveincomenetoftax": 480100000
    },
    {
        "date": "2022-07-02",
        "symbol": "SBUX",
        "period": "Q3",
        "revenues": 8150100000,
        "productionanddistributioncosts": 2613600000,
        "storeoperatingexpenses": 3302500000,
        "othercostandexpenseoperating": 135100000,
        "depreciationandamortization": 356800000,
        "generalandadministrativeexpense": 486700000,
        "restructuringsettlementandimpairmentprovisions": 14000000,
        "costsandexpenses": 6908700000,
        "incomelossfromequitymethodinvestments": 54100000,
        "operatingincomeloss": 1295500000,
        "interestandotherincome": -200000,
        "interestexpense": 3800000,
        "incomelossfromcontinuingoperationsbeforeincometaxesextraordinaryitemsnoncontrollinginterest": 1192200000,
        "incometaxexpensebenefit": -9800000,
        "profitloss": 913700000,
        "netincomelossattributabletononcontrollinginterest": 800000,
        "netincomeloss": 912900000,
        "earningspersharebasic": 0.8,
        "earningspersharediluted": 0.79,
        "weightedaveragenumberofsharesoutstandingbasic": 1147000000,
        "weightedaveragenumberofdilutedsharesoutstanding": 1151000000,
        "othercomprehensiveincomeunrealizedholdinggainlossonsecuritiesarisingduringperiodbeforetax": -2100000,
        "othercomprehensiveincomeunrealizedholdinggainlossonsecuritiesarisingduringperiodtax": -500000,
        "othercomprehensiveincomeunrealizedgainlossonderivativesarisingduringperiodbeforetax": 72200000,
        "othercomprehensiveincomeunrealizedgainlossonderivativesarisingduringperiodtax": 27600000,
        "othercomprehensiveincomelossforeigncurrencytransactionandtranslationadjustmentbeforetax": -396900000,
        "othercomprehensiveincomelossreclassificationadjustmentfromaocionderivativessalesofsecuritiesorforeigncurrencytransactionandtranslationrealizedonsaleorliquidationbeforetax": 59200000,
        "othercomprehensiveincomelossreclassificationadjustmentfromaocionderivativessalesofsecuritiesorfromforeigncurrencytransactionandtranslationrealizeduponsaleorliquidationtax": 9800000,
        "othercomprehensiveincomelossnetoftax": -325300000,
        "comprehensiveincomenetoftaxincludingportionattributabletononcontrollinginterest": 588400000,
        "comprehensiveincomenetoftaxattributabletononcontrollinginterest": 800000,
        "comprehensiveincomenetoftax": 587600000
    },
    {
        "date": "2022-04-02",
        "symbol": "SBUX",
        "period": "Q2",
        "revenues": 7635600000,
        "productionanddistributioncosts": 2465800000,
        "storeoperatingexpenses": 3314700000,
        "othercostandexpenseoperating": 101700000,
        "depreciationandamortization": 367700000,
        "generalandadministrativeexpense": 481500000,
        "restructuringsettlementandimpairmentprovisions": 4400000,
        "costsandexpenses": 6735800000,
        "incomelossfromequitymethodinvestments": 49100000,
        "operatingincomeloss": 948900000,
        "interestandotherincome": -200000,
        "interestexpense": 3500000,
        "incomelossfromcontinuingoperationsbeforeincometaxesextraordinaryitemsnoncontrollinginterest": 876100000,
        "incometaxexpensebenefit": -6000000,
        "profitloss": 675000000,
        "netincomelossattributabletononcontrollinginterest": 500000,
        "netincomeloss": 674500000,
        "earningspersharebasic": 0.59,
        "earningspersharediluted": 0.58,
        "weightedaveragenumberofsharesoutstandingbasic": 1149200000,
        "weightedaveragenumberofdilutedsharesoutstanding": 1153900000,
        "othercomprehensiveincomeunrealizedholdinggainlossonsecuritiesarisingduringperiodbeforetax": -10500000,
        "othercomprehensiveincomeunrealizedholdinggainlossonsecuritiesarisingduringperiodtax": -2600000,
        "othercomprehensiveincomeunrealizedgainlossonderivativesarisingduringperiodbeforetax": 40200000,
        "othercomprehensiveincomeunrealizedgainlossonderivativesarisingduringperiodtax": 9600000,
        "othercomprehensiveincomelossforeigncurrencytransactionandtranslationadjustmentbeforetax": -38500000,
        "othercomprehensiveincomelossreclassificationadjustmentfromaocionderivativessalesofsecuritiesorforeigncurrencytransactionandtranslationrealizedonsaleorliquidationbeforetax": 34200000,
        "othercomprehensiveincomelossreclassificationadjustmentfromaocionderivativessalesofsecuritiesorfromforeigncurrencytransactionandtranslationrealizeduponsaleorliquidationtax": 6000000,
        "othercomprehensiveincomelossnetoftax": 6800000,
        "comprehensiveincomenetoftaxincludingportionattributabletononcontrollinginterest": 681800000,
        "comprehensiveincomenetoftaxattributabletononcontrollinginterest": 500000,
        "comprehensiveincomenetoftax": 681300000
    },
    {
        "date": "2022-01-01",
        "symbol": "SBUX",
        "period": "Q1",
        "revenues": 8050400000,
        "productionanddistributioncosts": 2526900000,
        "storeoperatingexpenses": 3400000000,
        "othercostandexpenseoperating": 101700000,
        "depreciationandamortization": 366000000,
        "generalandadministrativeexpense": 525800000,
        "restructuringsettlementandimpairmentprovisions": -7500000,
        "costsandexpenses": 6912900000,
        "incomelossfromequitymethodinvestments": 40300000,
        "operatingincomeloss": 1177800000,
        "interestandotherincome": 200000,
        "interestexpense": 3400000,
        "incomelossfromcontinuingoperationsbeforeincometaxesextraordinaryitemsnoncontrollinginterest": 1062400000,
        "incometaxexpensebenefit": -2900000,
        "profitloss": 816100000,
        "netincomelossattributabletononcontrollinginterest": 200000,
        "netincomeloss": 815900000,
        "earningspersharebasic": 0.7,
        "earningspersharediluted": 0.69,
        "weightedaveragenumberofsharesoutstandingbasic": 1169600000,
        "weightedaveragenumberofdilutedsharesoutstanding": 1176600000,
        "othercomprehensiveincomeunrealizedholdinggainlossonsecuritiesarisingduringperiodbeforetax": -3400000,
        "othercomprehensiveincomeunrealizedholdinggainlossonsecuritiesarisingduringperiodtax": -800000,
        "othercomprehensiveincomeunrealizedgainlossonderivativesarisingduringperiodbeforetax": 25200000,
        "othercomprehensiveincomeunrealizedgainlossonderivativesarisingduringperiodtax": 10500000,
        "othercomprehensiveincomelossforeigncurrencytransactionandtranslationadjustmentbeforetax": 14200000,
        "othercomprehensiveincomelossreclassificationadjustmentfromaocionderivativessalesofsecuritiesorforeigncurrencytransactionandtranslationrealizedonsaleorliquidationbeforetax": 16100000,
        "othercomprehensiveincomelossreclassificationadjustmentfromaocionderivativessalesofsecuritiesorfromforeigncurrencytransactionandtranslationrealizeduponsaleorliquidationtax": 2900000,
        "othercomprehensiveincomelossnetoftax": 106300000,
        "comprehensiveincomenetoftaxincludingportionattributabletononcontrollinginterest": 922400000,
        "comprehensiveincomenetoftaxattributabletononcontrollinginterest": 200000,
        "comprehensiveincomenetoftax": 922200000
    },
    {
        "date": "2021-10-02",
        "symbol": "SBUX",
        "period": "Q4",
        "revenues": 8146700000,
        "productionanddistributioncosts": 2491200000,
        "storeoperatingexpenses": 3273300000,
        "othercostandexpenseoperating": 108700000,
        "depreciationandamortization": 354700000,
        "generalandadministrativeexpense": 501200000,
        "restructuringsettlementandimpairmentprovisions": 55400000,
        "costsandexpenses": 6784500000,
        "incomelossfromequitymethodinvestments": 120000000,
        "operatingincomeloss": 1482200000,
        "interestandotherincome": 0,
        "interestexpense": 23300000,
        "incomelossfromcontinuingoperationsbeforeincometaxesextraordinaryitemsnoncontrollinginterest": 2247600000,
        "incometaxexpensebenefit": 1152000000,
        "profitloss": 1764600000,
        "netincomeloss": 1764400000,
        "earningspersharebasic": 1.4999999999999998,
        "earningspersharediluted": 1.4800000000000002,
        "weightedaveragenumberofsharesoutstandingbasic": 1177600000,
        "weightedaveragenumberofdilutedsharesoutstanding": 1185500000,
        "othercomprehensiveincomeunrealizedholdinggainlossonsecuritiesarisingduringperiodbeforetax": -300000,
        "othercomprehensiveincomeunrealizedgainlossonderivativesarisingduringperiodbeforetax": 2900000,
        "othercomprehensiveincomeunrealizedgainlossonderivativesarisingduringperiodtax": 3300000,
        "othercomprehensiveincomelossforeigncurrencytransactionandtranslationadjustmentbeforetax": -7300000,
        "othercomprehensiveincomelossreclassificationadjustmentfromaocionderivativessalesofsecuritiesorforeigncurrencytransactionandtranslationrealizedonsaleorliquidationbeforetax": -54900000,
        "othercomprehensiveincomelossreclassificationadjustmentfromaocionderivativessalesofsecuritiesorfromforeigncurrencytransactionandtranslationrealizeduponsaleorliquidationtax": -9600000,
        "othercomprehensiveincomelossnetoftax": 176900000,
        "comprehensiveincomenetoftaxincludingportionattributabletononcontrollinginterest": 1941500000,
        "comprehensiveincomenetoftax": 1941300000
    },
    {
        "date": "2021-06-26",
        "symbol": "SBUX",
        "period": "Q3",
        "revenues": 7496500000,
        "productionanddistributioncosts": 2206000000,
        "storeoperatingexpenses": 2967000000,
        "othercostandexpenseoperating": 71300000,
        "depreciationandamortization": 354200000,
        "generalandadministrativeexpense": 494900000,
        "restructuringsettlementandimpairmentprovisions": 19800000,
        "costsandexpenses": 6113200000,
        "incomelossfromequitymethodinvestments": 105500000,
        "operatingincomeloss": 1488800000,
        "interestandotherincome": 100000,
        "interestexpense": -9700000,
        "incomelossfromcontinuingoperationsbeforeincometaxesextraordinaryitemsnoncontrollinginterest": 1411100000,
        "incometaxexpensebenefit": 1000000,
        "profitloss": 1154100000,
        "netincomeloss": 1153300000,
        "earningspersharebasic": 0.9799999999999998,
        "earningspersharediluted": 0.97,
        "weightedaveragenumberofsharesoutstandingbasic": 1177000000,
        "weightedaveragenumberofdilutedsharesoutstanding": 1184700000,
        "othercomprehensiveincomeunrealizedholdinggainlossonsecuritiesarisingduringperiodbeforetax": -100000,
        "othercomprehensiveincomeunrealizedholdinggainlossonsecuritiesarisingduringperiodtax": 0,
        "othercomprehensiveincomeunrealizedgainlossonderivativesarisingduringperiodbeforetax": 11800000,
        "othercomprehensiveincomeunrealizedgainlossonderivativesarisingduringperiodtax": 8200000,
        "othercomprehensiveincomelossforeigncurrencytransactionandtranslationadjustmentbeforetax": 40200000,
        "othercomprehensiveincomelossreclassificationadjustmentfromaocionderivativessalesofsecuritiesorforeigncurrencytransactionandtranslationrealizedonsaleorliquidationbeforetax": 1600000,
        "othercomprehensiveincomelossreclassificationadjustmentfromaocionderivativessalesofsecuritiesorfromforeigncurrencytransactionandtranslationrealizeduponsaleorliquidationtax": 1000000,
        "othercomprehensiveincomelossnetoftax": 96600000,
        "comprehensiveincomenetoftaxincludingportionattributabletononcontrollinginterest": 1250700000,
        "comprehensiveincomenetoftax": 1249900000
    },
    {
        "date": "2021-03-27",
        "symbol": "SBUX",
        "period": "Q2",
        "revenues": 6668000000,
        "productionanddistributioncosts": 1992400000,
        "storeoperatingexpenses": 2823300000,
        "othercostandexpenseoperating": 87700000,
        "depreciationandamortization": 366700000,
        "generalandadministrativeexpense": 464400000,
        "restructuringsettlementandimpairmentprovisions": 23000000,
        "costsandexpenses": 5757500000,
        "incomelossfromequitymethodinvestments": 77100000,
        "operatingincomeloss": 987600000,
        "interestandotherincome": 200000,
        "interestexpense": -3400000,
        "incomelossfromcontinuingoperationsbeforeincometaxesextraordinaryitemsnoncontrollinginterest": 889900000,
        "incometaxexpensebenefit": 1800000,
        "profitloss": 659400000,
        "netincomeloss": 659400000,
        "earningspersharebasic": 0.56,
        "earningspersharediluted": 0.56,
        "weightedaveragenumberofsharesoutstandingbasic": 1177500000,
        "weightedaveragenumberofdilutedsharesoutstanding": 1184800000,
        "othercomprehensiveincomeunrealizedholdinggainlossonsecuritiesarisingduringperiodbeforetax": -2500000,
        "othercomprehensiveincomeunrealizedholdinggainlossonsecuritiesarisingduringperiodtax": -500000,
        "othercomprehensiveincomeunrealizedgainlossonderivativesarisingduringperiodbeforetax": 41600000,
        "othercomprehensiveincomeunrealizedgainlossonderivativesarisingduringperiodtax": 12100000,
        "othercomprehensiveincomelossforeigncurrencytransactionandtranslationadjustmentbeforetax": -83400000,
        "othercomprehensiveincomelossforeigncurrencytranslationadjustmenttax": -2200000,
        "othercomprehensiveincomelossreclassificationadjustmentfromaocionderivativessalesofsecuritiesorforeigncurrencytransactionandtranslationrealizedonsaleorliquidationbeforetax": 7900000,
        "othercomprehensiveincomelossreclassificationadjustmentfromaocionderivativessalesofsecuritiesorfromforeigncurrencytransactionandtranslationrealizeduponsaleorliquidationtax": 1800000,
        "othercomprehensiveincomelossnetoftax": 19600000,
        "comprehensiveincomenetoftaxincludingportionattributabletononcontrollinginterest": 679000000,
        "comprehensiveincomenetoftax": 679000000
    },
    {
        "date": "2020-12-26",
        "symbol": "SBUX",
        "period": "Q1",
        "revenues": 6749400000,
        "productionanddistributioncosts": 2049100000,
        "storeoperatingexpenses": 2867300000,
        "othercostandexpenseoperating": 91800000,
        "depreciationandamortization": 366100000,
        "generalandadministrativeexpense": 472100000,
        "restructuringsettlementandimpairmentprovisions": 72200000,
        "costsandexpenses": 5918600000,
        "incomelossfromequitymethodinvestments": 82700000,
        "operatingincomeloss": 913500000,
        "interestandotherincome": 1500000,
        "interestexpense": 3200000,
        "incomelossfromcontinuingoperationsbeforeincometaxesextraordinaryitemsnoncontrollinginterest": 808300000,
        "incometaxexpensebenefit": 1800000,
        "profitloss": 622200000,
        "netincomeloss": 622200000,
        "earningspersharebasic": 0.53,
        "earningspersharediluted": 0.53,
        "weightedaveragenumberofsharesoutstandingbasic": 1175000000,
        "weightedaveragenumberofdilutedsharesoutstanding": 1183000000,
        "othercomprehensiveincomeunrealizedholdinggainlossonsecuritiesarisingduringperiodbeforetax": -500000,
        "othercomprehensiveincomeunrealizedholdinggainlossonsecuritiesarisingduringperiodtax": -100000,
        "othercomprehensiveincomeunrealizedgainlossonderivativesarisingduringperiodbeforetax": -13700000,
        "othercomprehensiveincomeunrealizedgainlossonderivativesarisingduringperiodtax": -7600000,
        "othercomprehensiveincomelossforeigncurrencytransactionandtranslationadjustmentbeforetax": 238700000,
        "othercomprehensiveincomelossreclassificationadjustmentfromaocionderivativessalesofsecuritiesorforeigncurrencytransactionandtranslationrealizedonsaleorliquidationbeforetax": 3600000,
        "othercomprehensiveincomelossreclassificationadjustmentfromaocionderivativessalesofsecuritiesorfromforeigncurrencytransactionandtranslationrealizeduponsaleorliquidationtax": 1800000,
        "othercomprehensiveincomelossnetoftax": 218700000,
        "comprehensiveincomenetoftaxincludingportionattributabletononcontrollinginterest": 840900000,
        "comprehensiveincomenetoftax": 840900000
    },
    {
        "date": "2020-09-26",
        "symbol": "SBUX",
        "period": "Q4",
        "revenues": 6203100000,
        "storeoperatingexpenses": 2683300000,
        "othercostandexpenseoperating": 100000000,
        "depreciationandamortization": 363000000,
        "generalandadministrativeexpense": 439000000,
        "restructuringsettlementandimpairmentprovisions": 195000000,
        "costsandexpenses": 5757000000,
        "incomelossfromequitymethodinvestments": 112200000,
        "operatingincomeloss": 558300000,
        "interestandotherincome": -5200000,
        "interestexpense": -298800000,
        "incomelossfromcontinuingoperationsbeforeincometaxesextraordinaryitemsnoncontrollinginterest": 442400000,
        "incometaxexpensebenefit": 235300000,
        "profitloss": 392700000,
        "netincomelossattributabletononcontrollinginterest": 100000,
        "netincomeloss": 392600000,
        "earningspersharebasic": 0.33000000000000007,
        "earningspersharediluted": 0.3400000000000001,
        "weightedaveragenumberofsharesoutstandingbasic": 1172800000,
        "weightedaveragenumberofdilutedsharesoutstanding": 1181800000,
        "othercomprehensiveincomeunrealizedholdinggainlossonsecuritiesarisingduringperiodbeforetax": 100000,
        "othercomprehensiveincomeunrealizedgainlossonderivativesarisingduringperiodbeforetax": -13400000,
        "othercomprehensiveincomeunrealizedgainlossonderivativesarisingduringperiodtax": -4600000,
        "othercomprehensiveincomelossforeigncurrencytransactionandtranslationadjustmentbeforetax": 181700000,
        "othercomprehensiveincomelossreclassificationadjustmentfromaocionderivativessalesofsecuritiesorforeigncurrencytransactionandtranslationrealizedonsaleorliquidationbeforetax": 2100000,
        "othercomprehensiveincomelossreclassificationadjustmentfromaocionderivativessalesofsecuritiesorfromforeigncurrencytransactionandtranslationrealizeduponsaleorliquidationtax": 800000,
        "othercomprehensiveincomelossnetoftax": 165300000,
        "comprehensiveincomenetoftaxincludingportionattributabletononcontrollinginterest": 558000000,
        "comprehensiveincomenetoftaxattributabletononcontrollinginterest": 100000,
        "comprehensiveincomenetoftax": 557900000
    },
    {
        "date": "2020-06-27",
        "symbol": "SBUX",
        "period": "Q3",
        "revenues": 4222100000,
        "storeoperatingexpenses": 2537800000,
        "othercostandexpenseoperating": 133500000,
        "depreciationandamortization": 361000000,
        "generalandadministrativeexpense": 399900000,
        "restructuringsettlementandimpairmentprovisions": 78100000,
        "costsandexpenses": 4994400000,
        "incomelossfromequitymethodinvestments": 68500000,
        "operatingincomeloss": -703800000,
        "interestandotherincome": 2900000,
        "interestexpense": 121000000,
        "incomelossfromcontinuingoperationsbeforeincometaxesextraordinaryitemsnoncontrollinginterest": -812000000,
        "incometaxexpensebenefit": 500000,
        "profitloss": -678100000,
        "netincomelossattributabletononcontrollinginterest": 300000,
        "netincomeloss": -678400000,
        "earningspersharebasic": -0.5700000000000001,
        "earningspersharediluted": -0.5700000000000001,
        "weightedaveragenumberofsharesoutstandingbasic": 1173600000,
        "weightedaveragenumberofdilutedsharesoutstanding": 1182700000,
        "othercomprehensiveincomeunrealizedholdinggainlossonsecuritiesarisingduringperiodbeforetax": 5100000,
        "othercomprehensiveincomeunrealizedgainlossonderivativesarisingduringperiodbeforetax": -17300000,
        "othercomprehensiveincomeunrealizedgainlossonderivativesarisingduringperiodtax": -6200000,
        "othercomprehensiveincomelossforeigncurrencytransactionandtranslationadjustmentbeforetax": 29000000,
        "othercomprehensiveincomelossreclassificationadjustmentfromaocionderivativessalesofsecuritiesorforeigncurrencytransactionandtranslationrealizedonsaleorliquidationbeforetax": 900000,
        "othercomprehensiveincomelossreclassificationadjustmentfromaocionderivativessalesofsecuritiesorfromforeigncurrencytransactionandtranslationrealizeduponsaleorliquidationtax": 500000,
        "othercomprehensiveincomelossnetoftax": -8100000,
        "comprehensiveincomenetoftaxincludingportionattributabletononcontrollinginterest": -686200000,
        "comprehensiveincomenetoftaxattributabletononcontrollinginterest": 300000,
        "comprehensiveincomenetoftax": -686500000
    },
    {
        "date": "2020-03-28",
        "symbol": "SBUX",
        "period": "Q2",
        "revenues": 5995700000,
        "costofgoodsandservicessold": 1997700000,
        "storeoperatingexpenses": 2721400000,
        "othercostandexpenseoperating": 95000000,
        "depreciationandamortization": 356300000,
        "generalandadministrativeexpense": 406500000,
        "restructuringsettlementandimpairmentprovisions": -700000,
        "costsandexpenses": 5576200000,
        "incomelossfromequitymethodinvestments": 67900000,
        "operatingincomeloss": 487400000,
        "interestandotherincome": 3900000,
        "interestexpense": 99200000,
        "incomelossfromcontinuingoperationsbeforeincometaxesextraordinaryitemsnoncontrollinginterest": 390200000,
        "incometaxexpensebenefit": 1600000,
        "profitloss": 324800000,
        "netincomelossattributabletononcontrollinginterest": -3600000,
        "netincomeloss": 328400000,
        "earningspersharebasic": 0.28,
        "earningspersharediluted": 0.28,
        "weightedaveragenumberofsharesoutstandingbasic": 1171800000,
        "weightedaveragenumberofdilutedsharesoutstanding": 1180700000,
        "othercomprehensiveincomeunrealizedholdinggainlossonsecuritiesarisingduringperiodbeforetax": 3200000,
        "othercomprehensiveincomeunrealizedholdinggainlossonsecuritiesarisingduringperiodtax": 700000,
        "othercomprehensiveincomeunrealizedgainlossonderivativesarisingduringperiodbeforetax": -400000,
        "othercomprehensiveincomeunrealizedgainlossonderivativesarisingduringperiodtax": 14600000,
        "othercomprehensiveincomelossforeigncurrencytransactionandtranslationadjustmentbeforetax": -79900000,
        "othercomprehensiveincomelossforeigncurrencytranslationadjustmenttax": -1500000,
        "othercomprehensiveincomelossreclassificationadjustmentfromaocionderivativessalesofsecuritiesorforeigncurrencytransactionandtranslationrealizedonsaleorliquidationbeforetax": 6400000,
        "othercomprehensiveincomelossreclassificationadjustmentfromaocionderivativessalesofsecuritiesorfromforeigncurrencytransactionandtranslationrealizeduponsaleorliquidationtax": 1600000,
        "othercomprehensiveincomelossnetoftax": -134400000,
        "comprehensiveincomenetoftaxincludingportionattributabletononcontrollinginterest": 190400000,
        "comprehensiveincomenetoftaxattributabletononcontrollinginterest": -3600000,
        "comprehensiveincomenetoftax": 194000000
    },
    {
        "date": "2019-12-28",
        "symbol": "SBUX",
        "period": "Q1",
        "revenues": 7097100000,
        "costofgoodsandservicessold": 2236400000,
        "storeoperatingexpenses": 2821500000,
        "othercostandexpenseoperating": 101800000,
        "depreciationandamortization": 351000000,
        "generalandadministrativeexpense": 434200000,
        "restructuringsettlementandimpairmentprovisions": 6300000,
        "costsandexpenses": 5951200000,
        "incomelossfromequitymethodinvestments": 73900000,
        "operatingincomeloss": 1219800000,
        "interestandotherincome": 3300000,
        "interestexpense": 91900000,
        "incomelossfromcontinuingoperationsbeforeincometaxesextraordinaryitemsnoncontrollinginterest": 1143800000,
        "incometaxexpensebenefit": 2300000,
        "profitloss": 885300000,
        "netincomelossattributabletononcontrollinginterest": -400000,
        "netincomeloss": 885700000,
        "earningspersharebasic": 0.75,
        "earningspersharediluted": 0.74,
        "weightedaveragenumberofsharesoutstandingbasic": 1180400000,
        "weightedaveragenumberofdilutedsharesoutstanding": 1191000000,
        "othercomprehensiveincomeunrealizedholdinggainlossonsecuritiesarisingduringperiodbeforetax": -100000,
        "othercomprehensiveincomeunrealizedgainlossonderivativesarisingduringperiodbeforetax": 13000000,
        "othercomprehensiveincomeunrealizedgainlossonderivativesarisingduringperiodtax": 6000000,
        "othercomprehensiveincomelossforeigncurrencytransactionandtranslationadjustmentbeforetax": 76100000,
        "othercomprehensiveincomelossreclassificationadjustmentfromaocionderivativessalesofsecuritiesorforeigncurrencytransactionandtranslationrealizedonsaleorliquidationbeforetax": 10700000,
        "othercomprehensiveincomelossreclassificationadjustmentfromaocionderivativessalesofsecuritiesorfromforeigncurrencytransactionandtranslationrealizeduponsaleorliquidationtax": 2300000,
        "othercomprehensiveincomelossnetoftax": 111100000,
        "comprehensiveincomenetoftaxincludingportionattributabletononcontrollinginterest": 996400000,
        "comprehensiveincomenetoftaxattributabletononcontrollinginterest": -400000,
        "comprehensiveincomenetoftax": 996800000
    },
    {
        "date": "2019-09-28",
        "symbol": "SBUX",
        "period": "Q4",
        "profitloss": 802400000,
        "othercomprehensiveincomeunrealizedholdinggainlossonsecuritiesarisingduringperiodbeforetax": 900000,
        "othercomprehensiveincomeunrealizedholdinggainlossonsecuritiesarisingduringperiodtax": 200000,
        "othercomprehensiveincomeunrealizedgainlossonderivativesarisingduringperiodbeforetax": 300000,
        "othercomprehensiveincomeunrealizedgainlossonderivativesarisingduringperiodtax": 100000,
        "othercomprehensiveincomelossforeigncurrencytransactionandtranslationadjustmentbeforetax": -161200000,
        "othercomprehensiveincomelossreclassificationadjustmentfromaocionderivativessalesofsecuritiesorforeigncurrencytransactionandtranslationrealizedonsaleorliquidationbeforetax": 4200000,
        "othercomprehensiveincomelossreclassificationadjustmentfromaocionderivativessalesofsecuritiesorfromforeigncurrencytransactionandtranslationrealizeduponsaleorliquidationtax": 1000000,
        "othercomprehensiveincomelossnetoftax": -154300000,
        "comprehensiveincomenetoftaxincludingportionattributabletononcontrollinginterest": 648100000,
        "comprehensiveincomenetoftaxattributabletononcontrollinginterest": -400000,
        "comprehensiveincomenetoftax": 648500000,
        "revenues": 6747000000,
        "costofgoodsandservicessold": 355800000,
        "storeoperatingexpenses": 4532400000,
        "othercostandexpenseoperating": 105800000,
        "depreciationandamortization": 344800000,
        "generalandadministrativeexpense": 404900000,
        "costsandexpenses": 5755600000,
        "incomelossfromequitymethodinvestments": 91900000,
        "operatingincomeloss": 1083300000,
        "interestandotherincome": 0,
        "interestexpense": 95700000,
        "incomelossfromcontinuingoperationsbeforeincometaxesextraordinaryitemsnoncontrollinginterest": 1003900000,
        "incometaxexpensebenefit": 871000000,
        "netincomelossattributabletononcontrollinginterest": -400000,
        "netincomeloss": 802800000,
        "earningspersharebasic": 0.68,
        "earningspersharediluted": 0.67,
        "weightedaveragenumberofsharesoutstandingbasic": 1221200000,
        "weightedaveragenumberofdilutedsharesoutstanding": 1233200000
    },
    {
        "date": "2019-06-29",
        "symbol": "SBUX",
        "period": "Q3",
        "profitloss": 1373000000,
        "othercomprehensiveincomeunrealizedholdinggainlossonsecuritiesarisingduringperiodbeforetax": 3700000,
        "othercomprehensiveincomeunrealizedholdinggainlossonsecuritiesarisingduringperiodtax": 800000,
        "othercomprehensiveincomeunrealizedgainlossonderivativesarisingduringperiodbeforetax": -21100000,
        "othercomprehensiveincomeunrealizedgainlossonderivativesarisingduringperiodtax": -5300000,
        "othercomprehensiveincomelossforeigncurrencytransactionandtranslationadjustmentbeforetax": -64900000,
        "othercomprehensiveincomelossreclassificationadjustmentfromaocionderivativessalesofsecuritiesorforeigncurrencytransactionandtranslationrealizedonsaleorliquidationbeforetax": -3200000,
        "othercomprehensiveincomelossreclassificationadjustmentfromaocionderivativessalesofsecuritiesorfromforeigncurrencytransactionandtranslationrealizeduponsaleorliquidationtax": -300000,
        "othercomprehensiveincomelossnetoftax": -77500000,
        "comprehensiveincomenetoftaxincludingportionattributabletononcontrollinginterest": 1295500000,
        "comprehensiveincomenetoftaxattributabletononcontrollinginterest": 400000,
        "comprehensiveincomenetoftax": 1295100000,
        "revenues": 6823000000,
        "costofgoodsandservicessold": 5414000000,
        "storeoperatingexpenses": 2018600000,
        "othercostandexpenseoperating": 89700000,
        "depreciationandamortization": 342900000,
        "generalandadministrativeexpense": 480300000,
        "costsandexpenses": 5777800000,
        "incomelossfromequitymethodinvestments": 76000000,
        "operatingincomeloss": 1121200000,
        "interestandotherincome": -25200000,
        "interestexpense": 161700000,
        "incomelossfromcontinuingoperationsbeforeincometaxesextraordinaryitemsnoncontrollinginterest": 1676800000,
        "incometaxexpensebenefit": -206100000,
        "netincomelossattributabletononcontrollinginterest": 400000,
        "netincomeloss": 1372600000,
        "earningspersharebasic": 1.12,
        "earningspersharediluted": 1.1099999999999999,
        "weightedaveragenumberofsharesoutstandingbasic": 1230800000,
        "weightedaveragenumberofdilutedsharesoutstanding": 1242400000
    },
    {
        "date": "2019-03-30",
        "symbol": "SBUX",
        "period": "Q2",
        "profitloss": 658800000,
        "othercomprehensiveincomeunrealizedholdinggainlossonsecuritiesarisingduringperiodbeforetax": 3700000,
        "othercomprehensiveincomeunrealizedholdinggainlossonsecuritiesarisingduringperiodtax": 800000,
        "othercomprehensiveincomeunrealizedgainlossonderivativesarisingduringperiodbeforetax": 2900000,
        "othercomprehensiveincomeunrealizedgainlossonderivativesarisingduringperiodtax": 700000,
        "othercomprehensiveincomelossforeigncurrencytransactionandtranslationadjustmentbeforetax": 78300000,
        "othercomprehensiveincomelossforeigncurrencytranslationadjustmenttax": -1400000,
        "othercomprehensiveincomelossreclassificationadjustmentfromaocionderivativessalesofsecuritiesorforeigncurrencytransactionandtranslationrealizedonsaleorliquidationbeforetax": 5800000,
        "othercomprehensiveincomelossreclassificationadjustmentfromaocionderivativessalesofsecuritiesorfromforeigncurrencytransactionandtranslationrealizeduponsaleorliquidationtax": 1600000,
        "othercomprehensiveincomelossnetoftax": 71700000,
        "comprehensiveincomenetoftaxincludingportionattributabletononcontrollinginterest": 730500000,
        "comprehensiveincomenetoftaxattributabletononcontrollinginterest": -4400000,
        "comprehensiveincomenetoftax": 734900000,
        "revenues": 6305900000,
        "costofgoodsandservicessold": -1600000,
        "storeoperatingexpenses": 1949600000,
        "othercostandexpenseoperating": 82300000,
        "depreciationandamortization": 356200000,
        "generalandadministrativeexpense": 475600000,
        "restructuringsettlementandimpairmentprovisions": 43000000,
        "costsandexpenses": 5510500000,
        "incomelossfromequitymethodinvestments": 62300000,
        "operatingincomeloss": 857700000,
        "gainlossonsaleofbusiness": 21000000,
        "interestandotherincome": 1300000,
        "interestexpense": -1400000,
        "incomelossfromcontinuingoperationsbeforeincometaxesextraordinaryitemsnoncontrollinginterest": 820000000,
        "incometaxexpensebenefit": 1600000,
        "netincomelossattributabletononcontrollinginterest": -4400000,
        "netincomeloss": 663200000,
        "earningspersharebasic": 0.54,
        "earningspersharediluted": 0.53,
        "weightedaveragenumberofsharesoutstandingbasic": 1239200000,
        "weightedaveragenumberofdilutedsharesoutstanding": 1250700000,
        "commonstockdividendspersharedeclared": 0.36
    },
    {
        "date": "2018-12-29",
        "symbol": "SBUX",
        "period": "Q1",
        "profitloss": 760400000,
        "othercomprehensiveincomeunrealizedholdinggainlossonsecuritiesarisingduringperiodbeforetax": 2200000,
        "othercomprehensiveincomeunrealizedholdinggainlossonsecuritiesarisingduringperiodtax": 500000,
        "othercomprehensiveincomeunrealizedgainlossonderivativesarisingduringperiodbeforetax": -21900000,
        "othercomprehensiveincomeunrealizedgainlossonderivativesarisingduringperiodtax": -5600000,
        "othercomprehensiveincomelossforeigncurrencytransactionandtranslationadjustmentbeforetax": 1600000,
        "othercomprehensiveincomelossreclassificationadjustmentfromaocionderivativessalesofsecuritiesorforeigncurrencytransactionandtranslationrealizedonsaleorliquidationbeforetax": -8100000,
        "othercomprehensiveincomelossreclassificationadjustmentfromaocionderivativessalesofsecuritiesorfromforeigncurrencytransactionandtranslationrealizeduponsaleorliquidationtax": -700000,
        "othercomprehensiveincomelossnetoftax": -12900000,
        "comprehensiveincomenetoftaxincludingportionattributabletononcontrollinginterest": 747500000,
        "comprehensiveincomenetoftaxattributabletononcontrollinginterest": -200000,
        "comprehensiveincomenetoftax": 747700000,
        "revenues": 6632700000,
        "costofgoodsandservicessold": 2758700000,
        "storeoperatingexpenses": 1993000000,
        "othercostandexpenseoperating": 93200000,
        "depreciationandamortization": 333400000,
        "generalandadministrativeexpense": 463300000,
        "restructuringcharges": 43200000,
        "costsandexpenses": 5684800000,
        "incomelossfromequitymethodinvestments": 67800000,
        "operatingincomeloss": 1015700000,
        "interestandotherincome": 24800000,
        "interestexpense": 75000000,
        "incomelossfromcontinuingoperationsbeforeincometaxesextraordinaryitemsnoncontrollinginterest": 965500000,
        "incometaxexpensebenefit": 205100000,
        "netincomelossattributabletononcontrollinginterest": -200000,
        "netincomeloss": 760600000,
        "earningspersharebasic": 0.61,
        "earningspersharediluted": 0.61,
        "weightedaveragenumberofsharesoutstandingbasic": 1242000000,
        "weightedaveragenumberofdilutedsharesoutstanding": 1253400000,
        "commonstockdividendspersharedeclared": 0.36
    },
    {
        "date": "2018-06-30",
        "symbol": "SBUX",
        "period": "Q3",
        "profitloss": 852900000,
        "othercomprehensiveincomeunrealizedholdinggainlossonsecuritiesarisingduringperiodbeforetax": -400000,
        "othercomprehensiveincomeunrealizedholdinggainlossonsecuritiesarisingduringperiodtax": -100000,
        "othercomprehensiveincomeunrealizedgainlossonderivativesarisingduringperiodbeforetax": 32400000,
        "othercomprehensiveincomeunrealizedgainlossonderivativesarisingduringperiodtax": 8400000,
        "othercomprehensiveincomelossforeigncurrencytransactionandtranslationadjustmentbeforetax": -267500000,
        "othercomprehensiveincomelossforeigncurrencytranslationadjustmenttax": -1300000,
        "othercomprehensiveincomelossreclassificationadjustmentfromaocionderivativessalesofsecuritiesorforeigncurrencytransactionandtranslationrealizedonsaleorliquidationbeforetax": 30700000,
        "othercomprehensiveincomelossreclassificationadjustmentfromaocionderivativessalesofsecuritiesorfromforeigncurrencytransactionandtranslationrealizeduponsaleorliquidationtax": 2300000,
        "othercomprehensiveincomelossnetoftax": -280000000,
        "comprehensiveincomenetoftaxincludingportionattributabletononcontrollinginterest": 616400000,
        "comprehensiveincomenetoftaxattributabletononcontrollinginterest": -500000,
        "comprehensiveincomenetoftax": 616900000,
        "costofgoodsandservicessold": -2493600000,
        "storeoperatingexpenses": 1825000000,
        "othercostandexpenseoperating": 148100000,
        "depreciationandamortization": -256600000,
        "generalandadministrativeexpense": 468700000,
        "restructuringcharges": 16900000,
        "costsandexpenses": 5343500000,
        "incomelossfromequitymethodinvestments": -15100000,
        "operatingincomeloss": -1155700000,
        "businesscombinationstepacquisitionequityinterestinacquireeremeasurementgain": -2698600000,
        "gainlossonsaleofbusiness": -501200000,
        "interestandotherincome": -89100000,
        "interestexpense": -28300000,
        "incomelossfromcontinuingoperationsbeforeincometaxesextraordinaryitemsnoncontrollinginterest": 1026900000,
        "incometaxexpensebenefit": -754300000,
        "netincomelossattributabletononcontrollinginterest": -500000,
        "netincomeloss": 852500000,
        "earningspersharebasic": 1.1,
        "earningspersharediluted": 39998.42,
        "weightedaveragenumberofsharesoutstandingbasic": -1418200000,
        "weightedaveragenumberofdilutedsharesoutstanding": -1431300000,
        "commonstockdividendspersharedeclared": 0.35999999999999993
    },
    {
        "date": "2018-03-31",
        "symbol": "SBUX",
        "period": "Q2",
        "profitloss": 659800000,
        "othercomprehensiveincomeunrealizedholdinggainlossonsecuritiesarisingduringperiodbeforetax": -3300000,
        "othercomprehensiveincomeunrealizedholdinggainlossonsecuritiesarisingduringperiodtax": -700000,
        "othercomprehensiveincomeunrealizedgainlossonderivativesarisingduringperiodbeforetax": -43900000,
        "othercomprehensiveincomeunrealizedgainlossonderivativesarisingduringperiodtax": -11100000,
        "othercomprehensiveincomelossforeigncurrencytransactionandtranslationadjustmentbeforetax": 179200000,
        "othercomprehensiveincomelossforeigncurrencytranslationadjustmenttax": 700000,
        "othercomprehensiveincomelossreclassificationadjustmentfromaocionderivativessalesofsecuritiesorforeigncurrencytransactionandtranslationrealizedonsaleorliquidationbeforetax": -53600000,
        "othercomprehensiveincomelossreclassificationadjustmentfromaocionderivativessalesofsecuritiesorfromforeigncurrencytransactionandtranslationrealizeduponsaleorliquidationtax": -5500000,
        "othercomprehensiveincomelossnetoftax": 202600000,
        "comprehensiveincomenetoftaxincludingportionattributabletononcontrollinginterest": 818000000,
        "comprehensiveincomenetoftaxattributabletononcontrollinginterest": -300000,
        "comprehensiveincomenetoftax": 818300000,
        "gainlossonsaleofbusiness": -24100000,
        "salesrevenuenet": 578200000,
        "costofgoodsandservicessold": 2400000,
        "storeoperatingexpenses": 1789600000,
        "othercostandexpenseoperating": 134300000,
        "depreciationandamortization": 1000000,
        "generalandadministrativeexpense": 405800000,
        "restructuringcharges": 134700000,
        "costsandexpenses": 5312000000,
        "incomelossfromequitymethodinvestments": 16700000,
        "operatingincomeloss": -114800000,
        "businesscombinationstepacquisitionequityinterestinacquireeremeasurementgain": 1400000000,
        "interestandotherincome": -800000,
        "interestexpense": -1200000,
        "incomelossfromcontinuingoperationsbeforeincometaxesextraordinaryitemsnoncontrollinginterest": 815600000,
        "incometaxexpensebenefit": -5500000,
        "netincomelossattributabletononcontrollinginterest": -300000,
        "netincomeloss": 660100000,
        "earningspersharebasic": 0.01,
        "earningspersharediluted": 0.01,
        "weightedaveragenumberofsharesoutstandingbasic": 1394900000,
        "weightedaveragenumberofdilutedsharesoutstanding": 1406600000,
        "commonstockdividendspersharedeclared": 0.3
    },
    {
        "date": "2017-12-30",
        "symbol": "SBUX",
        "period": "Q1",
        "profitloss": 2250100000,
        "othercomprehensiveincomeunrealizedholdinggainlossonsecuritiesarisingduringperiodbeforetax": -2800000,
        "othercomprehensiveincomeunrealizedholdinggainlossonsecuritiesarisingduringperiodtax": -1000000,
        "othercomprehensiveincomeunrealizedgainlossonderivativesarisingduringperiodbeforetax": -300000,
        "othercomprehensiveincomeunrealizedgainlossonderivativesarisingduringperiodtax": -100000,
        "othercomprehensiveincomelossforeigncurrencytransactionandtranslationadjustmentbeforetax": 18000000,
        "othercomprehensiveincomelossforeigncurrencytranslationadjustmenttax": -2900000,
        "othercomprehensiveincomelossreclassificationadjustmentfromaocionderivativessalesofsecuritiesorforeigncurrencytransactionandtranslationrealizedonsaleorliquidationbeforetax": -15100000,
        "othercomprehensiveincomelossreclassificationadjustmentfromaocionderivativessalesofsecuritiesorfromforeigncurrencytransactionandtranslationrealizeduponsaleorliquidationtax": -800000,
        "othercomprehensiveincomelossnetoftax": 30300000,
        "comprehensiveincomenetoftaxincludingportionattributabletononcontrollinginterest": 2280400000,
        "comprehensiveincomenetoftaxattributabletononcontrollinginterest": -100000,
        "comprehensiveincomenetoftax": 2280500000,
        "gainlossonsaleofbusiness": 501200000,
        "salesrevenuenet": 6073700000,
        "costofgoodsandservicessold": 2502900000,
        "storeoperatingexpenses": 1737000000,
        "othercostandexpenseoperating": 141600000,
        "depreciationandamortization": 258800000,
        "generalandadministrativeexpense": 379100000,
        "restructuringcharges": 27600000,
        "costsandexpenses": 5047000000,
        "incomelossfromequitymethodinvestments": 89400000,
        "operatingincomeloss": 1116100000,
        "businesscombinationstepacquisitionequityinterestinacquireeremeasurementgain": 1300000000,
        "interestandotherincome": 88200000,
        "interestexpense": 25900000,
        "incomelossfromcontinuingoperationsbeforeincometaxesextraordinaryitemsnoncontrollinginterest": 3005900000,
        "incometaxexpensebenefit": 755800000,
        "netincomelossattributabletononcontrollinginterest": -100000,
        "netincomeloss": 2250200000,
        "earningspersharebasic": 1.58,
        "earningspersharediluted": 1.57,
        "weightedaveragenumberofsharesoutstandingbasic": 1421000000,
        "weightedaveragenumberofdilutedsharesoutstanding": 1434600000,
        "commonstockdividendspersharedeclared": 0.3
    },
    {
        "date": "2017-07-01",
        "symbol": "SBUX",
        "period": "Q3",
        "profitloss": 691300000,
        "othercomprehensiveincomeunrealizedholdinggainlossonsecuritiesarisingduringperiodbeforetax": 1600000,
        "othercomprehensiveincomeunrealizedholdinggainlossonsecuritiesarisingduringperiodtax": 600000,
        "othercomprehensiveincomeunrealizedgainlossonderivativesarisingduringperiodbeforetax": 2700000,
        "othercomprehensiveincomeunrealizedgainlossonderivativesarisingduringperiodtax": 1000000,
        "othercomprehensiveincomelossforeigncurrencytransactionandtranslationadjustmentbeforetax": 38000000,
        "othercomprehensiveincomelossforeigncurrencytranslationadjustmenttax": 1800000,
        "othercomprehensiveincomelossreclassificationadjustmentfromaocionderivativessalesofsecuritiesorforeigncurrencytransactionandtranslationrealizedonsaleorliquidationbeforetax": 6400000,
        "othercomprehensiveincomelossreclassificationadjustmentfromaocionderivativessalesofsecuritiesorfromforeigncurrencytransactionandtranslationrealizeduponsaleorliquidationtax": 1500000,
        "othercomprehensiveincomelossnetoftax": 36200000,
        "comprehensiveincomenetoftaxincludingportionattributabletononcontrollinginterest": 712600000,
        "comprehensiveincomenetoftaxattributabletononcontrollinginterest": -300000,
        "comprehensiveincomenetoftax": 712900000,
        "salesrevenuenet": 564200000,
        "costofgoodsandservicessold": -3700000,
        "storeoperatingexpenses": 1628900000,
        "othercostandexpenseoperating": 142500000,
        "depreciationandamortization": 3000000,
        "generalandadministrativeexpense": 325000000,
        "goodwillandassetimpairmentcharge": 102300000,
        "costsandexpenses": 4718300000,
        "incomelossfromequitymethodinvestments": 51800000,
        "operatingincomeloss": -112300000,
        "interestandotherincome": -1200000,
        "interestexpense": -1200000,
        "incomelossfromcontinuingoperationsbeforeincometaxesextraordinaryitemsnoncontrollinginterest": 1052400000,
        "incometaxexpensebenefit": 1500000,
        "netincomelossattributabletononcontrollinginterest": -300000,
        "netincomeloss": 691600000,
        "earningspersharebasic": 0.48,
        "earningspersharediluted": 0.47,
        "weightedaveragenumberofsharesoutstandingbasic": 1447700000,
        "weightedaveragenumberofdilutedsharesoutstanding": 1459400000,
        "commonstockdividendspersharedeclared": 0.25
    },
    {
        "date": "2017-04-01",
        "symbol": "SBUX",
        "period": "Q2",
        "profitloss": 1405200000,
        "othercomprehensiveincomeunrealizedholdinggainlossonsecuritiesarisingduringperiodbeforetax": 1900000,
        "othercomprehensiveincomeunrealizedholdinggainlossonsecuritiesarisingduringperiodtax": 500000,
        "othercomprehensiveincomeunrealizedgainlossonderivativesarisingduringperiodbeforetax": -25200000,
        "othercomprehensiveincomeunrealizedgainlossonderivativesarisingduringperiodtax": -9300000,
        "othercomprehensiveincomelossforeigncurrencytransactionandtranslationadjustmentbeforetax": 58600000,
        "othercomprehensiveincomelossreclassificationadjustmentfromaocionderivativessalesofsecuritiesorforeigncurrencytransactionandtranslationrealizedonsaleorliquidationbeforetax": -20200000,
        "othercomprehensiveincomelossreclassificationadjustmentfromaocionderivativessalesofsecuritiesorfromforeigncurrencytransactionandtranslationrealizeduponsaleorliquidationtax": -3500000,
        "othercomprehensiveincomelossnetoftax": 35900000,
        "comprehensiveincomenetoftaxincludingportionattributabletononcontrollinginterest": 689000000,
        "comprehensiveincomenetoftaxattributabletononcontrollinginterest": 0,
        "comprehensiveincomenetoftax": 689000000,
        "salesrevenuenet": -4519700000,
        "costofgoodsandservicessold": -2299500000,
        "storeoperatingexpenses": 1586400000,
        "othercostandexpenseoperating": 134700000,
        "depreciationandamortization": -243400000,
        "generalandadministrativeexpense": 326700000,
        "costsandexpenses": 4442600000,
        "incomelossfromequitymethodinvestments": 2200000,
        "operatingincomeloss": -1148000000,
        "interestandotherincome": -26100000,
        "interestexpense": -26200000,
        "incomelossfromcontinuingoperationsbeforeincometaxesextraordinaryitemsnoncontrollinginterest": 980700000,
        "incometaxexpensebenefit": -368800000,
        "netincomelossattributabletononcontrollinginterest": 0,
        "netincomeloss": 653100000,
        "earningspersharebasic": 0.44999999999999996,
        "earningspersharediluted": 0.44999999999999996,
        "weightedaveragenumberofsharesoutstandingbasic": -2200000,
        "weightedaveragenumberofdilutedsharesoutstanding": -2800000,
        "commonstockdividendspersharedeclared": 0.25
    },
    {
        "date": "2016-12-31",
        "symbol": "SBUX",
        "period": "Q1",
        "profitloss": -300000,
        "othercomprehensiveincomeunrealizedholdinggainlossonsecuritiesarisingduringperiodbeforetax": -13400000,
        "othercomprehensiveincomeunrealizedholdinggainlossonsecuritiesarisingduringperiodtax": -4100000,
        "othercomprehensiveincomeunrealizedgainlossonderivativesarisingduringperiodbeforetax": 41100000,
        "othercomprehensiveincomeunrealizedgainlossonderivativesarisingduringperiodtax": 15200000,
        "othercomprehensiveincomelossforeigncurrencytransactionandtranslationadjustmentbeforetax": -171800000,
        "othercomprehensiveincomelossreclassificationadjustmentfromaocionderivativessalesofsecuritiesorforeigncurrencytransactionandtranslationrealizedonsaleorliquidationbeforetax": 81700000,
        "othercomprehensiveincomelossreclassificationadjustmentfromaocionderivativessalesofsecuritiesorfromforeigncurrencytransactionandtranslationrealizeduponsaleorliquidationtax": 16000000,
        "othercomprehensiveincomelossnetoftax": -133900000,
        "comprehensiveincomenetoftaxincludingportionattributabletononcontrollinginterest": 617600000,
        "comprehensiveincomenetoftaxattributabletononcontrollinginterest": -300000,
        "comprehensiveincomenetoftax": 617900000,
        "salesrevenuenet": 5732900000,
        "costofgoodsandservicessold": 2295000000,
        "storeoperatingexpenses": 1638200000,
        "othercostandexpenseoperating": 145400000,
        "depreciationandamortization": 249700000,
        "generalandadministrativeexpense": 356400000,
        "costsandexpenses": 4684700000,
        "incomelossfromequitymethodinvestments": 84400000,
        "operatingincomeloss": 1132600000,
        "interestandotherincome": 24100000,
        "interestexpense": 23800000,
        "incomelossfromcontinuingoperationsbeforeincometaxesextraordinaryitemsnoncontrollinginterest": 1132900000,
        "incometaxexpensebenefit": 381400000,
        "netincomelossattributabletononcontrollinginterest": -300000,
        "netincomeloss": 751800000,
        "earningspersharebasic": 0.52,
        "earningspersharediluted": 0.51,
        "weightedaveragenumberofsharesoutstandingbasic": 1457500000,
        "weightedaveragenumberofdilutedsharesoutstanding": 1470500000,
        "commonstockdividendspersharedeclared": 0.25
    },
    {
        "date": "2016-06-25",
        "symbol": "SBUX",
        "period": "Q3",
        "profitloss": 754500000,
        "othercomprehensiveincomeunrealizedholdinggainlossonsecuritiesarisingduringperiodbeforetax": -4100000,
        "othercomprehensiveincomeunrealizedholdinggainlossonsecuritiesarisingduringperiodtax": -1500000,
        "othercomprehensiveincomeunrealizedgainlossonderivativesarisingduringperiodbeforetax": -48400000,
        "othercomprehensiveincomeunrealizedgainlossonderivativesarisingduringperiodtax": -12800000,
        "othercomprehensiveincomelossforeigncurrencytransactionandtranslationadjustmentbeforetax": 49800000,
        "othercomprehensiveincomelossforeigncurrencytranslationadjustmenttax": -4900000,
        "othercomprehensiveincomelossreclassificationadjustmentfromaocionderivativessalesofsecuritiesorforeigncurrencytransactionandtranslationrealizedonsaleorliquidationbeforetax": -53800000,
        "othercomprehensiveincomelossreclassificationadjustmentfromaocionderivativessalesofsecuritiesorfromforeigncurrencytransactionandtranslationrealizeduponsaleorliquidationtax": -9700000,
        "othercomprehensiveincomelossnetoftax": 60600000,
        "comprehensiveincomenetoftaxincludingportionattributabletononcontrollinginterest": 815100000,
        "comprehensiveincomenetoftaxattributabletononcontrollinginterest": 400000,
        "comprehensiveincomenetoftax": 814700000,
        "salesrevenuenet": 529200000,
        "costofgoodsandservicessold": -1600000,
        "storeoperatingexpenses": 1529400000,
        "othercostandexpenseoperating": 137500000,
        "depreciationandamortization": 3100000,
        "generalandadministrativeexpense": 323400000,
        "costsandexpenses": 4298200000,
        "incomelossfromequitymethodinvestments": 40200000,
        "operatingincomeloss": -14900000,
        "interestandotherincome": -57600000,
        "interestexpense": -1200000,
        "incomelossfromcontinuingoperationsbeforeincometaxesextraordinaryitemsnoncontrollinginterest": 1073400000,
        "incometaxexpensebenefit": -10000000,
        "netincomelossattributabletononcontrollinginterest": 400000,
        "netincomeloss": 754100000,
        "earningspersharebasic": 0.51,
        "earningspersharediluted": 0.51,
        "weightedaveragenumberofsharesoutstandingbasic": 1465300000,
        "weightedaveragenumberofdilutedsharesoutstanding": 1479300000,
        "commonstockdividendspersharedeclared": 0.2
    },
    {
        "date": "2016-03-26",
        "symbol": "SBUX",
        "period": "Q2",
        "profitloss": 575000000,
        "othercomprehensiveincomeunrealizedholdinggainlossonsecuritiesarisingduringperiodbeforetax": 3800000,
        "othercomprehensiveincomeunrealizedholdinggainlossonsecuritiesarisingduringperiodtax": 1400000,
        "othercomprehensiveincomeunrealizedgainlossonderivativesarisingduringperiodbeforetax": -68100000,
        "othercomprehensiveincomeunrealizedgainlossonderivativesarisingduringperiodtax": -17400000,
        "othercomprehensiveincomelossforeigncurrencytransactionandtranslationadjustmentbeforetax": 56100000,
        "othercomprehensiveincomelossforeigncurrencytranslationadjustmenttax": -4900000,
        "othercomprehensiveincomelossreclassificationadjustmentfromaocionderivativessalesofsecuritiesorforeigncurrencytransactionandtranslationrealizedonsaleorliquidationbeforetax": -27300000,
        "othercomprehensiveincomelossreclassificationadjustmentfromaocionderivativessalesofsecuritiesorfromforeigncurrencytransactionandtranslationrealizeduponsaleorliquidationtax": -4100000,
        "othercomprehensiveincomelossnetoftax": 35900000,
        "comprehensiveincomenetoftaxincludingportionattributabletononcontrollinginterest": 610900000,
        "comprehensiveincomenetoftaxattributabletononcontrollinginterest": -100000,
        "comprehensiveincomenetoftax": 611000000,
        "salesrevenuenet": 555900000,
        "costofgoodsandservicessold": -5000000,
        "storeoperatingexpenses": 1466400000,
        "othercostandexpenseoperating": 139600000,
        "depreciationandamortization": 3400000,
        "generalandadministrativeexpense": 330500000,
        "costsandexpenses": 4194600000,
        "incomelossfromequitymethodinvestments": 300000,
        "operatingincomeloss": -19200000,
        "interestandotherincome": -36400000,
        "interestexpense": -1300000,
        "incomelossfromcontinuingoperationsbeforeincometaxesextraordinaryitemsnoncontrollinginterest": 860400000,
        "incometaxexpensebenefit": -4300000,
        "netincomelossattributabletononcontrollinginterest": -100000,
        "netincomeloss": 575100000,
        "earningspersharebasic": 0.39,
        "earningspersharediluted": 0.39,
        "weightedaveragenumberofsharesoutstandingbasic": 1472100000,
        "weightedaveragenumberofdilutedsharesoutstanding": 1486600000,
        "commonstockdividendspersharedeclared": 0.2
    },
    {
        "date": "2015-12-26",
        "symbol": "SBUX",
        "period": "Q1",
        "profitloss": 687600000,
        "othercomprehensiveincomeunrealizedholdinggainlossonsecuritiesarisingduringperiodbeforetax": 1000000,
        "othercomprehensiveincomeunrealizedholdinggainlossonsecuritiesarisingduringperiodtax": 400000,
        "othercomprehensiveincomeunrealizedgainlossonderivativesarisingduringperiodbeforetax": 5800000,
        "othercomprehensiveincomeunrealizedgainlossonderivativesarisingduringperiodtax": 2700000,
        "othercomprehensiveincomelossforeigncurrencytransactionandtranslationadjustmentbeforetax": -26100000,
        "othercomprehensiveincomelossforeigncurrencytranslationadjustmenttax": -1700000,
        "othercomprehensiveincomelossreclassificationadjustmentfromaocionderivativessalesofsecuritiesorforeigncurrencytransactionandtranslationrealizedonsaleorliquidationbeforetax": 7700000,
        "othercomprehensiveincomelossreclassificationadjustmentfromaocionderivativessalesofsecuritiesorfromforeigncurrencytransactionandtranslationrealizeduponsaleorliquidationtax": 2700000,
        "othercomprehensiveincomelossnetoftax": -25700000,
        "comprehensiveincomenetoftaxincludingportionattributabletononcontrollinginterest": 662000000,
        "comprehensiveincomenetoftaxattributabletononcontrollinginterest": 100000,
        "comprehensiveincomenetoftax": 661900000,
        "salesrevenuenet": 5373500000,
        "costofgoodsandservicessold": 2186200000,
        "storeoperatingexpenses": 1506200000,
        "othercostandexpenseoperating": 146200000,
        "depreciationandamortization": 235500000,
        "generalandadministrativeexpense": 305500000,
        "costsandexpenses": 4379600000,
        "incomelossfromequitymethodinvestments": 64100000,
        "operatingincomeloss": 1058000000,
        "interestandotherincome": 8100000,
        "interestexpense": 16500000,
        "incomelossfromcontinuingoperationsbeforeincometaxesextraordinaryitemsnoncontrollinginterest": 1049600000,
        "incometaxexpensebenefit": 361900000,
        "netincomelossattributabletononcontrollinginterest": 100000,
        "netincomeloss": 687600000,
        "earningspersharebasic": 0.46,
        "earningspersharediluted": 0.46,
        "weightedaveragenumberofsharesoutstandingbasic": 1485900000,
        "weightedaveragenumberofdilutedsharesoutstanding": 1503300000,
        "commonstockdividendspersharedeclared": 0.2
    },
    {
        "date": "2015-06-27",
        "symbol": "SBUX",
        "period": "Q3",
        "profitloss": 626600000,
        "othercomprehensiveincomeunrealizedholdinggainlossonsecuritiesarisingduringperiodbeforetax": -1800000,
        "othercomprehensiveincomeunrealizedholdinggainlossonsecuritiesarisingduringperiodtax": -700000,
        "othercomprehensiveincomelossforeigncurrencytransactionandtranslationadjustmentbeforetax": -6000000,
        "othercomprehensiveincomelossforeigncurrencytranslationadjustmenttax": 5000000,
        "othercomprehensiveincomelossreclassificationadjustmentfromaocionderivativessalesofsecuritiesorforeigncurrencytransactionandtranslationrealizedonsaleorliquidationbeforetax": 38200000,
        "othercomprehensiveincomelossreclassificationadjustmentfromaocionderivativessalesofsecuritiesorfromforeigncurrencytransactionandtranslationrealizeduponsaleorliquidationtax": 11000000,
        "othercomprehensiveincomelossnetoftax": -14200000,
        "comprehensiveincomenetoftaxincludingportionattributabletononcontrollinginterest": 612200000,
        "comprehensiveincomenetoftaxattributabletononcontrollinginterest": -200000,
        "comprehensiveincomenetoftax": 612400000,
        "salesrevenuenet": 490900000,
        "costofgoodsandservicessold": -3000000,
        "storeoperatingexpenses": 1392400000,
        "othercostandexpenseoperating": 131600000,
        "depreciationandamortization": 4300000,
        "generalandadministrativeexpense": 288500000,
        "costsandexpenses": 4002900000,
        "incomelossfromequitymethodinvestments": 900000,
        "operatingincomeloss": -13200000,
        "interestexpense": -1200000,
        "incomelossfromcontinuingoperationsbeforeincometaxesextraordinaryitemsnoncontrollinginterest": 944900000,
        "incometaxexpensebenefit": 10700000,
        "netincomelossattributabletononcontrollinginterest": -200000,
        "netincomeloss": 626600000,
        "earningspersharebasic": 0.4099999999999999,
        "earningspersharediluted": 0.41999999999999993,
        "weightedaveragenumberofsharesoutstandingbasic": -400000,
        "weightedaveragenumberofdilutedsharesoutstanding": -400000
    },
    {
        "date": "2015-03-28",
        "symbol": "SBUX",
        "period": "Q2",
        "profitloss": 495200000,
        "othercomprehensiveincomeunrealizedholdinggainlossonsecuritiesarisingduringperiodbeforetax": 2700000,
        "othercomprehensiveincomeunrealizedholdinggainlossonsecuritiesarisingduringperiodtax": 1000000,
        "othercomprehensiveincomeunrealizedgainlossonderivativesarisingduringperiodbeforetax": 0,
        "othercomprehensiveincomeunrealizedgainlossonderivativesarisingduringperiodtax": 0,
        "othercomprehensiveincomelossforeigncurrencytransactionandtranslationadjustmentbeforetax": -6900000,
        "othercomprehensiveincomelossforeigncurrencytranslationadjustmenttax": -3800000,
        "othercomprehensiveincomelossreclassificationadjustmentfromaocionderivativessalesofsecuritiesorforeigncurrencytransactionandtranslationrealizedonsaleorliquidationbeforetax": -4000000,
        "othercomprehensiveincomelossreclassificationadjustmentfromaocionderivativessalesofsecuritiesorfromforeigncurrencytransactionandtranslationrealizeduponsaleorliquidationtax": -400000,
        "othercomprehensiveincomelossnetoftax": -4600000,
        "comprehensiveincomenetoftaxincludingportionattributabletononcontrollinginterest": 507800000,
        "comprehensiveincomenetoftaxattributabletononcontrollinginterest": 1400000,
        "comprehensiveincomenetoftax": 506400000,
        "salesrevenuenet": 901200000,
        "costofgoodsandservicessold": -1300000,
        "storeoperatingexpenses": 1324600000,
        "othercostandexpenseoperating": 133500000,
        "depreciationandamortization": 3900000,
        "generalandadministrativeexpense": 305900000,
        "costsandexpenses": 3840900000,
        "incomelossfromequitymethodinvestments": -18700000,
        "operatingincomeloss": 234400000,
        "businesscombinationstepacquisitionequityinterestinacquireeremeasurementgain": 0,
        "interestandotherincome": 0,
        "interestexpense": -1300000,
        "incomelossfromcontinuingoperationsbeforeincometaxesextraordinaryitemsnoncontrollinginterest": 762100000,
        "incometaxexpensebenefit": -600000,
        "netincomelossattributabletononcontrollinginterest": 700000,
        "netincomeloss": 495200000,
        "earningspersharebasic": -0.32000000000000006,
        "earningspersharediluted": -0.33000000000000007,
        "weightedaveragenumberofsharesoutstandingbasic": 750300000,
        "weightedaveragenumberofdilutedsharesoutstanding": 758300000,
        "commonstockdividendspersharedeclared": 0
    },
    {
        "date": "2014-12-27",
        "symbol": "SBUX",
        "period": "Q1",
        "profitloss": 983100000,
        "othercomprehensiveincomeunrealizedholdinggainlossonsecuritiesarisingduringperiodbeforetax": -600000,
        "othercomprehensiveincomeunrealizedholdinggainlossonsecuritiesarisingduringperiodtax": -200000,
        "othercomprehensiveincomeunrealizedgainlossonderivativesarisingduringperiodbeforetax": 4300000,
        "othercomprehensiveincomeunrealizedgainlossonderivativesarisingduringperiodtax": 1600000,
        "othercomprehensiveincomelossforeigncurrencytransactionandtranslationadjustmentbeforetax": -156400000,
        "othercomprehensiveincomelossforeigncurrencytranslationadjustmenttax": -3800000,
        "othercomprehensiveincomelossreclassificationadjustmentfromaocionderivativessalesofsecuritiesorforeigncurrencytransactionandtranslationrealizedonsaleorliquidationbeforetax": 59800000,
        "othercomprehensiveincomelossreclassificationadjustmentfromaocionderivativessalesofsecuritiesorfromforeigncurrencytransactionandtranslationrealizeduponsaleorliquidationtax": 17200000,
        "othercomprehensiveincomelossnetoftax": -106500000,
        "comprehensiveincomenetoftaxincludingportionattributabletononcontrollinginterest": 830400000,
        "comprehensiveincomenetoftaxattributabletononcontrollinginterest": -30400000,
        "comprehensiveincomenetoftax": 860800000,
        "salesrevenuenet": 164600000,
        "costofgoodsandservicessold": 200000,
        "storeoperatingexpenses": 1315500000,
        "othercostandexpenseoperating": 129400000,
        "depreciationandamortization": 4000000,
        "generalandadministrativeexpense": 298400000,
        "costsandexpenses": 3940500000,
        "incomelossfromequitymethodinvestments": 19900000,
        "operatingincomeloss": -228000000,
        "businesscombinationstepacquisitionequityinterestinacquireeremeasurementgain": 7200000,
        "interestandotherincome": -7100000,
        "interestexpense": -1300000,
        "incomelossfromcontinuingoperationsbeforeincometaxesextraordinaryitemsnoncontrollinginterest": 1299500000,
        "incometaxexpensebenefit": 17100000,
        "netincomelossattributabletononcontrollinginterest": 1400000,
        "netincomeloss": 983100000,
        "earningspersharebasic": 1.31,
        "earningspersharediluted": 1.3,
        "weightedaveragenumberofsharesoutstandingbasic": 749400000,
        "weightedaveragenumberofdilutedsharesoutstanding": 758400000,
        "commonstockdividendspersharedeclared": 0.32
    },
    {
        "date": "2014-06-28",
        "symbol": "SBUX",
        "period": "Q3",
        "profitloss": 512600000,
        "othercomprehensiveincomeunrealizedholdinggainlossonsecuritiesarisingduringperiodbeforetax": 1700000,
        "othercomprehensiveincomeunrealizedholdinggainlossonsecuritiesarisingduringperiodtax": 600000,
        "othercomprehensiveincomeunrealizedgainlossonderivativesarisingduringperiodbeforetax": -13800000,
        "othercomprehensiveincomeunrealizedgainlossonderivativesarisingduringperiodtax": -300000,
        "othercomprehensiveincomelossreclassificationadjustmentfromaocionderivativesbeforetax": -2600000,
        "othercomprehensiveincomelossreclassificationadjustmentfromaocionderivativestax": -1100000,
        "othercomprehensiveincomelossforeigncurrencytransactionandtranslationadjustmentbeforetax": 19800000,
        "othercomprehensiveincomelossforeigncurrencytranslationadjustmenttax": 2200000,
        "othercomprehensiveincomelossnetoftax": 34400000,
        "comprehensiveincomenetoftaxincludingportionattributabletononcontrollinginterest": 519200000,
        "comprehensiveincomenetoftax": 519200000,
        "costofgoodsandservicessold": -400000,
        "storeoperatingexpenses": 1176500000,
        "othercostandexpenseoperating": 120500000,
        "depreciationandamortization": -6200000,
        "generalandadministrativeexpense": 269400000,
        "costsandexpenses": 3457900000,
        "incomelossfromequitymethodinvestments": 11900000,
        "operatingincomeloss": -769900000,
        "interestandotherincome": 19400000,
        "interestexpense": -1300000,
        "incomelossfromcontinuingoperationsbeforeincometaxesextraordinaryitemsnoncontrollinginterest": 771600000,
        "incometaxexpensebenefit": 1100000,
        "netincomeloss": 512600000,
        "earningspersharebasic": 0.6700000000000002,
        "earningspersharediluted": 0.6699999999999999,
        "weightedaveragenumberofsharesoutstandingbasic": -756200000,
        "weightedaveragenumberofdilutedsharesoutstanding": -766900000,
        "commonstockdividendspersharedeclared": 0.26
    },
    {
        "date": "2014-03-29",
        "symbol": "SBUX",
        "period": "Q2",
        "profitloss": 426900000,
        "othercomprehensiveincomeunrealizedholdinggainlossonsecuritiesarisingduringperiodbeforetax": 1100000,
        "othercomprehensiveincomeunrealizedholdinggainlossonsecuritiesarisingduringperiodtax": 400000,
        "othercomprehensiveincomeunrealizedgainlossonderivativesarisingduringperiodbeforetax": 8100000,
        "othercomprehensiveincomeunrealizedgainlossonderivativesarisingduringperiodtax": -1400000,
        "othercomprehensiveincomelossreclassificationadjustmentfromaocionderivativesbeforetax": -2200000,
        "othercomprehensiveincomelossreclassificationadjustmentfromaocionderivativestax": -1000000,
        "othercomprehensiveincomelossforeigncurrencytransactionandtranslationadjustmentbeforetax": 7700000,
        "othercomprehensiveincomelossforeigncurrencytranslationadjustmenttax": 15100000,
        "othercomprehensiveincomelossnetoftax": -7400000,
        "comprehensiveincomenetoftaxincludingportionattributabletononcontrollinginterest": 422500000,
        "comprehensiveincomenetoftaxattributabletononcontrollinginterest": -100000,
        "comprehensiveincomenetoftax": 422600000,
        "salesrevenuegoodsnet": 3068000000,
        "licensedstorerevenue": 356200000,
        "consumerpackagedgoodsfoodserviceother": 449600000,
        "salesrevenuenet": 119400000,
        "costofgoodsandservicessold": 100000,
        "storeoperatingexpenses": 1134500000,
        "othercostandexpenseoperating": 110900000,
        "depreciationandamortization": 3700000,
        "generalandadministrativeexpense": 240600000,
        "costsandexpenses": 3289600000,
        "incomelossfromequitymethodinvestments": 1100000,
        "operatingincomeloss": 127300000,
        "interestandotherincome": 17800000,
        "interestexpense": -1300000,
        "incomelossfromcontinuingoperationsbeforeincometaxesextraordinaryitemsnoncontrollinginterest": 645200000,
        "incometaxexpensebenefit": 1100000,
        "netincomelossattributabletononcontrollinginterest": -100000,
        "netincomeloss": 427000000,
        "earningspersharebasic": 0.57,
        "earningspersharediluted": 0.56,
        "weightedaveragenumberofsharesoutstandingbasic": 755200000,
        "weightedaveragenumberofdilutedsharesoutstanding": 764600000,
        "commonstockdividendspersharedeclared": 0.26
    },
    {
        "date": "2013-12-28",
        "symbol": "SBUX",
        "period": "Q1",
        "profitloss": 540700000,
        "othercomprehensiveincomeunrealizedholdinggainlossonsecuritiesarisingduringperiodbeforetax": -2000000,
        "othercomprehensiveincomeunrealizedholdinggainlossonsecuritiesarisingduringperiodtax": -800000,
        "othercomprehensiveincomeunrealizedgainlossonderivativesarisingduringperiodbeforetax": 11800000,
        "othercomprehensiveincomeunrealizedgainlossonderivativesarisingduringperiodtax": 3600000,
        "othercomprehensiveincomelossreclassificationadjustmentfromaocionderivativesbeforetax": 7600000,
        "othercomprehensiveincomelossreclassificationadjustmentfromaocionderivativestax": 100000,
        "othercomprehensiveincomeunrealizedholdinggainlossonderivativesandsecuritiesarisingduringperiodnetoftax": 20400000,
        "othercomprehensiveincomelossforeigncurrencytransactionandtranslationadjustmentbeforetax": -30400000,
        "othercomprehensiveincomelossforeigncurrencytranslationadjustmenttax": -11700000,
        "othercomprehensiveincomelossnetoftax": -18700000,
        "comprehensiveincomenetoftaxincludingportionattributabletononcontrollinginterest": 542400000,
        "comprehensiveincomenetoftax": 542400000,
        "salesrevenuegoodsnet": 3343800000,
        "licensedstorerevenue": 401800000,
        "consumerpackagedgoodsfoodserviceother": 494000000,
        "revenues": 1000000,
        "costofgoodsandservicessold": 9800000,
        "storeoperatingexpenses": 1175100000,
        "othercostandexpenseoperating": 114900000,
        "depreciationandamortization": 3700000,
        "generalandadministrativeexpense": 242600000,
        "litigationsettlementexpense": -20200000,
        "costsandexpenses": 3477200000,
        "incomelossfromequitymethodinvestments": 51100000,
        "operatingincomeloss": 81100000,
        "interestandotherincome": 19800000,
        "interestexpense": -1200000,
        "incomelossfromcontinuingoperationsbeforeincometaxesextraordinaryitemsnoncontrollinginterest": 818800000,
        "incometaxexpensebenefit": -100000,
        "netincomeloss": 540700000,
        "earningspersharebasic": 0.72,
        "earningspersharediluted": 0.71,
        "weightedaveragenumberofsharesoutstandingbasic": 754900000,
        "weightedaveragenumberofdilutedsharesoutstanding": 766200000,
        "commonstockdividendspersharedeclared": 0.26
    },
    {
        "date": "2013-06-29",
        "symbol": "SBUX",
        "period": "Q3",
        "profitloss": 417800000,
        "othercomprehensiveincomelossnetoftax": 31800000,
        "comprehensiveincomenetoftaxincludingportionattributabletononcontrollinginterest": 449600000,
        "comprehensiveincomenetoftaxattributabletononcontrollinginterest": 100000,
        "comprehensiveincomenetoftax": 449500000,
        "salesrevenuegoodsnet": 2986400000,
        "licensedstorerevenue": 341900000,
        "consumerpackagedgoodsfoodserviceother": 413400000,
        "revenues": 3741700000,
        "costofgoodsandservicessold": 1597500000,
        "storeoperatingexpenses": 1084300000,
        "othercostandexpenseoperating": 105300000,
        "depreciationandamortization": -13200000,
        "generalandadministrativeexpense": 249500000,
        "costsandexpenses": 3189900000,
        "incomelossfromequitymethodinvestments": -2200000,
        "operatingincomeloss": -180600000,
        "interestandotherincome": 3500000,
        "interestexpense": 6300000,
        "incomelossfromcontinuingoperationsbeforeincometaxesextraordinaryitemsnoncontrollinginterest": 612400000,
        "incometaxexpensebenefit": 194600000,
        "netincomelossattributabletononcontrollinginterest": 100000,
        "netincomeloss": 417700000,
        "earningspersharebasic": 0.5599999999999999,
        "earningspersharediluted": 0.5499999999999999,
        "weightedaveragenumberofsharesoutstandingbasic": -746900000,
        "weightedaveragenumberofdilutedsharesoutstanding": -761100000,
        "commonstockdividendspersharedeclared": 0.21000000000000005
    },
    {
        "date": "2013-03-30",
        "symbol": "SBUX",
        "period": "Q2",
        "profitloss": 390700000,
        "othercomprehensiveincomelossunrealizedgainlossonsecuritiesandderivativesarisingduringperiodnetoftax": 3500000,
        "othercomprehensiveincomelossreclassificationadjustmentonderivativesincludedinnetincomenetoftax": 9500000,
        "othercomprehensiveincomeforeigncurrencytransactionandtranslationgainlossarisingduringperiodnetoftax": -42200000,
        "othercomprehensiveincomelossnetoftax": -29200000,
        "comprehensiveincomenetoftaxincludingportionattributabletononcontrollinginterest": 361500000,
        "comprehensiveincomenetoftaxattributabletononcontrollinginterest": 300000,
        "comprehensiveincomenetoftax": 361200000,
        "salesrevenuegoodsnet": 2807700000,
        "licensedstorerevenue": 322100000,
        "consumerpackagedgoodsfoodserviceother": 426100000,
        "revenues": 3555900000,
        "costofgoodsandservicessold": 1530400000,
        "storeoperatingexpenses": 1038400000,
        "othercostandexpenseoperating": 112100000,
        "depreciationandamortization": 13700000,
        "generalandadministrativeexpense": 230300000,
        "costsandexpenses": 3064300000,
        "incomelossfromequitymethodinvestments": 30800000,
        "operatingincomeloss": -169100000,
        "interestandotherincome": 50800000,
        "interestexpense": 6100000,
        "incomelossfromcontinuingoperationsbeforeincometaxesextraordinaryitemsnoncontrollinginterest": 588800000,
        "incometaxexpensebenefit": 198100000,
        "netincomelossattributabletononcontrollinginterest": 300000,
        "netincomeloss": 390400000,
        "earningspersharebasic": 0.52,
        "earningspersharediluted": 0.51,
        "weightedaveragenumberofsharesoutstandingbasic": 749100000,
        "weightedaveragenumberofdilutedsharesoutstanding": 761300000,
        "commonstockdividendspersharedeclared": 0.21
    },
    {
        "date": "2012-12-29",
        "symbol": "SBUX",
        "period": "Q1",
        "profitloss": 432400000,
        "othercomprehensiveincomelossunrealizedgainlossonsecuritiesandderivativesarisingduringperiodnetoftax": -7200000,
        "othercomprehensiveincomelossreclassificationadjustmentonderivativesincludedinnetincomenetoftax": 5200000,
        "othercomprehensiveincomeforeigncurrencytransactionandtranslationgainlossarisingduringperiodnetoftax": -8800000,
        "othercomprehensiveincomelossnetoftax": -10800000,
        "comprehensiveincomenetoftaxincludingportionattributabletononcontrollinginterest": 421600000,
        "comprehensiveincomenetoftaxattributabletononcontrollinginterest": 200000,
        "comprehensiveincomenetoftax": 421400000,
        "salesrevenuegoodsnet": 2989600000,
        "licensedstorerevenue": 350200000,
        "consumerpackagedgoodsfoodserviceother": 459800000,
        "revenues": 3799600000,
        "costofgoodsandservicessold": 1620700000,
        "storeoperatingexpenses": 1089500000,
        "othercostandexpenseoperating": 132500000,
        "depreciationandamortization": 7400000,
        "generalandadministrativeexpense": 231900000,
        "costsandexpenses": 3223500000,
        "incomelossfromequitymethodinvestments": 34100000,
        "operatingincomeloss": -150900000,
        "interestandotherincome": -2900000,
        "interestexpense": 6600000,
        "incomelossfromcontinuingoperationsbeforeincometaxesextraordinaryitemsnoncontrollinginterest": 621100000,
        "incometaxexpensebenefit": 188700000,
        "netincomelossattributabletononcontrollinginterest": 200000,
        "netincomeloss": 432200000,
        "earningspersharebasic": 0.58,
        "earningspersharediluted": 0.57,
        "weightedaveragenumberofsharesoutstandingbasic": 746100000,
        "weightedaveragenumberofdilutedsharesoutstanding": 761300000,
        "commonstockdividendspersharedeclared": 0.21
    },
    {
        "date": "2012-06-30",
        "symbol": "SBUX",
        "period": "Q3",
        "salesrevenuegoodsnet": 2615600000,
        "licensedstorerevenue": 308200000,
        "consumerpackagedgoodsfoodserviceother": 379800000,
        "revenues": 3303600000,
        "costofgoodsandservicessold": 1446100000,
        "storeoperatingexpenses": 976000000,
        "othercostandexpenseoperating": 105900000,
        "depreciationandamortization": 5800000,
        "generalandadministrativeexpense": 199000000,
        "costsandexpenses": 2863700000,
        "incomelossfromequitymethodinvestments": 21200000,
        "operatingincomeloss": 61400000,
        "interestandotherincome": 9700000,
        "interestexpense": 8900000,
        "incomelossfromcontinuingoperationsbeforeincometaxesextraordinaryitemsnoncontrollinginterest": 492400000,
        "incometaxexpensebenefit": 159100000,
        "profitloss": 333300000,
        "netincomelossattributabletononcontrollinginterest": 200000,
        "netincomeloss": 333100000,
        "earningspersharebasic": 0.44,
        "earningspersharediluted": 0.43,
        "weightedaveragenumberofsharesoutstandingbasic": 758900000,
        "weightedaveragenumberofdilutedsharesoutstanding": 776800000,
        "commonstockdividendspersharedeclared": 0.17
    },
    {
        "date": "2012-03-31",
        "symbol": "SBUX",
        "period": "Q2",
        "salesrevenuegoodsnet": 2521200000,
        "licensedstorerevenue": 290300000,
        "consumerpackagedgoodsfoodserviceother": 384400000,
        "revenues": 3195900000,
        "costofgoodsandservicessold": 1411900000,
        "storeoperatingexpenses": 956500000,
        "othercostandexpenseoperating": 105300000,
        "depreciationandamortization": 19700000,
        "generalandadministrativeexpense": 206900000,
        "costsandexpenses": 2817700000,
        "incomefromequityinvestees": 32900000,
        "operatingincomeloss": -178300000,
        "interestandotherincome": 35300000,
        "interestexpense": 8800000,
        "incomelossfromcontinuingoperationsbeforeincometaxesextraordinaryitemsnoncontrollinginterest": 456900000,
        "incometaxexpensebenefit": 146800000,
        "profitloss": 310100000,
        "netincomelossattributabletononcontrollinginterest": 200000,
        "netincomeloss": 309900000,
        "earningspersharebasic": 0.41,
        "earningspersharediluted": 0.4,
        "weightedaveragenumberofsharesoutstandingbasic": 754600000,
        "weightedaveragenumberofdilutedsharesoutstanding": 773300000,
        "commonstockdividendspersharedeclared": 0.17
    },
    {
        "date": "2011-12-31",
        "symbol": "SBUX",
        "period": "Q1",
        "salesrevenuegoodsnet": 2731800000,
        "licensedstorerevenue": 306600000,
        "consumerpackagedgoodsfoodserviceother": 397500000,
        "revenues": 3435900000,
        "costofgoodsandservicessold": 1496100000,
        "storeoperatingexpenses": 995700000,
        "othercostandexpenseoperating": 106700000,
        "depreciationandamortization": 18100000,
        "generalandadministrativeexpense": 191500000,
        "costsandexpenses": 2924800000,
        "incomefromequityinvestees": 17000000,
        "operatingincomeloss": -164500000,
        "interestandotherincome": 23200000,
        "interestexpense": 8600000,
        "incomelossfromcontinuingoperationsbeforeincometaxesextraordinaryitemsnoncontrollinginterest": 570600000,
        "incometaxexpensebenefit": 188400000,
        "profitloss": 382200000,
        "netincomelossattributabletononcontrollinginterest": 100000,
        "netincomeloss": 382100000,
        "earningspersharebasic": 0.51,
        "earningspersharediluted": 0.5,
        "weightedaveragenumberofsharesoutstandingbasic": 747900000,
        "weightedaveragenumberofdilutedsharesoutstanding": 768500000,
        "commonstockdividendspersharedeclared": 0.17
    },
    {
        "date": "2011-07-02",
        "symbol": "SBUX",
        "period": "Q3",
        "salesrevenuegoodsnet": 2417300000,
        "licensedstorerevenue": 248700000,
        "consumerpackagedgoodsfoodserviceother": 266200000,
        "revenues": 2932200000,
        "costofgoodsandservicessold": 1246100000,
        "storeoperatingexpenses": 934500000,
        "othercostandexpenseoperating": 102400000,
        "depreciationandamortization": 84500000,
        "generalandadministrativeexpense": 161800000,
        "costsandexpenses": 2574300000,
        "incomefromequityinvestees": 25300000,
        "operatingincomeloss": 378600000,
        "interestandotherincome": 16000000,
        "interestexpense": 8500000,
        "incomelossfromcontinuingoperationsbeforeincometaxesextraordinaryitemsnoncontrollinginterest": 409700000,
        "incometaxexpensebenefit": 129900000,
        "profitloss": 279800000,
        "netincomelossattributabletononcontrollinginterest": 700000,
        "netincomeloss": 279100000,
        "earningspersharebasic": 0.37,
        "earningspersharediluted": 0.36,
        "weightedaveragenumberofsharesoutstandingbasic": 750500000,
        "weightedaveragenumberofdilutedsharesoutstanding": 771900000,
        "commonstockdividendspersharedeclared": 0.13
    },
    {
        "date": "2011-04-02",
        "symbol": "SBUX",
        "period": "Q2",
        "salesrevenuegoodsnet": 2293500000,
        "licensedstorerevenue": 237800000,
        "consumerpackagedgoodsfoodserviceother": 254400000,
        "revenues": 2785700000,
        "costofgoodsandservicessold": 1180100000,
        "storeoperatingexpenses": 885400000,
        "othercostandexpenseoperating": 101100000,
        "depreciationandamortization": 86600000,
        "generalandadministrativeexpense": 152300000,
        "costsandexpenses": 2447900000,
        "incomefromequityinvestees": -700000,
        "operatingincomeloss": 356900000,
        "interestandotherincome": 19900000,
        "interestexpense": 7100000,
        "incomelossfromcontinuingoperationsbeforeincometaxesextraordinaryitemsnoncontrollinginterest": 388900000,
        "incometaxexpensebenefit": 126500000,
        "profitloss": 262400000,
        "netincomelossattributabletononcontrollinginterest": 800000,
        "netincomeloss": 261600000,
        "earningspersharebasic": 0.35,
        "earningspersharediluted": 0.34,
        "weightedaveragenumberofsharesoutstandingbasic": 750300000,
        "weightedaveragenumberofdilutedsharesoutstanding": 771800000,
        "commonstockdividendspersharedeclared": 0.13
    },
    {
        "date": "2011-01-01",
        "symbol": "SBUX",
        "period": "Q1",
        "salesrevenuegoodsnet": 2451300000,
        "licensingrevenue": 378800000,
        "othersalesrevenuenet": 120700000,
        "salesrevenueservicesnet": 499500000,
        "salesrevenuenet": 2067700000,
        "costofgoodsandservicessold": 1200800000,
        "storeoperatingexpenses": 905700000,
        "othercostandexpenseoperating": 92500000,
        "depreciationandamortization": 86700000,
        "generalandadministrativeexpense": 156600000,
        "costsandexpenses": 2483400000,
        "incomefromequityinvestees": -200000,
        "operatingincomeloss": 452500000,
        "interestincomeandothernet": 14400000,
        "interestexpense": 7900000,
        "earningslossbeforeincometaxes": 508400000,
        "incometaxexpensebenefit": 160800000,
        "profitloss": 347600000,
        "netincomelossattributabletononcontrollinginterest": 1000000,
        "netincomeloss": 346600000,
        "earningspersharebasic": 0.46,
        "earningspersharediluted": 0.45,
        "weightedaveragenumberofsharesoutstandingbasic": 745700000,
        "weightedaveragenumberofdilutedsharesoutstanding": 766700000,
        "commonstockdividendspersharedeclared": 0.13
    },
    {
        "date": "2010-06-26",
        "symbol": "SBUX",
        "period": "Q3",
        "salesrevenuegoodsnet": 1726700000,
        "licensingrevenue": 135500000,
        "othersalesrevenuenet": 800000,
        "salesrevenueservicesnet": 425300000,
        "salesrevenuenet": 1863000000,
        "costofgoodsandservicessold": 1076200000,
        "storeoperatingexpenses": 888900000,
        "othercostandexpenseoperating": 77200000,
        "depreciationandamortization": 86100000,
        "generalandadministrativeexpense": 132700000,
        "restructuringcharges": -300000,
        "costsandexpenses": 2320600000,
        "incomefromequityinvestees": 19000000,
        "operatingincomeloss": 290800000,
        "interestincomeandothernet": -1400000,
        "interestexpense": 7900000,
        "earningslossbeforeincometaxes": 318400000,
        "incometaxexpensebenefit": 109900000,
        "profitloss": 208500000,
        "netincomelossattributabletononcontrollinginterest": 600000,
        "netincomeloss": 207900000,
        "earningspersharebasic": 0.28,
        "earningspersharediluted": 0.27,
        "weightedaveragenumberofsharesoutstandingbasic": 746100000,
        "weightedaveragenumberofdilutedsharesoutstanding": 766700000,
        "commonstockdividendspersharedeclared": 0.13
    },
    {
        "date": "2010-03-27",
        "symbol": "SBUX",
        "period": "Q2",
        "salesrevenuegoodsnet": 2128900000,
        "licensingrevenue": 310400000,
        "othersalesrevenuenet": 95400000,
        "salesrevenueservicesnet": 405800000,
        "salesrevenuenet": 2534700000,
        "costofgoodsandservicessold": 1064100000,
        "storeoperatingexpenses": 828000000,
        "othercostandexpenseoperating": 61800000,
        "depreciationandamortization": 128500000,
        "generalandadministrativeexpense": 139000000,
        "restructuringcharges": 7900000,
        "costsandexpenses": 2229300000,
        "incomefromequityinvestees": 34400000,
        "operatingincomeloss": 339800000,
        "interestincomeandothernet": 4700000,
        "interestexpense": 8000000,
        "earningslossbeforeincometaxes": 336500000,
        "incometaxexpensebenefit": 118700000,
        "profitloss": 217800000,
        "netincomelossattributabletononcontrollinginterest": 500000,
        "netincomeloss": 217300000,
        "earningspersharebasic": 0.29,
        "earningspersharediluted": 0.28,
        "weightedaveragenumberofsharesoutstandingbasic": 747100000,
        "weightedaveragenumberofdilutedsharesoutstanding": 766900000,
        "dividendscommonstock": 100000
    },
    {
        "date": "2009-12-26",
        "symbol": "SBUX",
        "period": "Q1",
        "salesrevenuegoodsnet": 2292900000,
        "licenseandservicesrevenue": 326100000,
        "foodandbeveragerevenue": 103700000,
        "salesrevenueservicesnet": 429800000,
        "salesrevenuenet": 2722700000,
        "costofgoodsandservicessold": 1145700000,
        "storeoperatingexpenses": 896100000,
        "othercostandexpenseoperating": 71900000,
        "depreciationandamortization": 130600000,
        "generalandadministrativeexpense": 136900000,
        "restructuringcharges": 18300000,
        "costsandexpenses": 2399500000,
        "incomefromequityinvestees": 29400000,
        "operatingincomeloss": 352600000,
        "interestincomeandothernet": 25100000,
        "interestexpense": 8200000,
        "earningslossbeforeincometaxes": 369500000,
        "incometaxexpensebenefit": 126000000,
        "profitloss": 243500000,
        "netincomelossattributabletononcontrollinginterest": 2000000,
        "netincomeloss": 241500000,
        "earningspersharebasic": 0.32,
        "earningspersharediluted": 0.32,
        "weightedaveragenumberofsharesoutstandingbasic": 744200000,
        "weightedaveragenumberofdilutedsharesoutstanding": 762900000
    },
    {
        "date": "2009-06-27",
        "symbol": "SBUX",
        "period": "Q3",
        "salesrevenuegoodsnet": 2013800000,
        "licenseandservicesrevenue": 301000000,
        "foodandbeveragerevenue": 89100000,
        "salesrevenueservicesnet": 390100000,
        "salesrevenuenet": 2403900000,
        "costofgoodsandservicessold": 1043400000,
        "storeoperatingexpenses": 821400000,
        "othercostandexpenseoperating": 69200000,
        "depreciationandamortization": 133700000,
        "generalandadministrativeexpense": 110300000,
        "restructuringcharges": 51600000,
        "costsandexpenses": 2229600000,
        "incomefromequityinvestees": 29700000,
        "operatingincomeloss": 204000000,
        "interestincomeandothernet": 21900000,
        "interestexpense": 8600000,
        "earningslossbeforeincometaxes": 217300000,
        "incometaxexpensebenefit": 65800000,
        "netincomeloss": 151500000,
        "earningspersharebasic": 0.2,
        "earningspersharediluted": 0.2,
        "weightedaveragenumberofsharesoutstandingbasic": 739400000,
        "weightedaveragenumberofdilutedsharesoutstanding": 746700000
    }
]