[
    {
        "date": "2024-08-30",
        "symbol": "STZ",
        "period": "Q2",
        "revenuefromcontractwithcustomerincludingassessedtax": 3139100000,
        "exciseandsalestaxes": 220200000,
        "revenuefromcontractwithcustomerexcludingassessedtax": 2918900000,
        "costofgoodsandservicessold": 18600000,
        "grossprofit": 1511800000,
        "sellinggeneralandadministrativeexpense": 50600000,
        "goodwillimpairmentloss": 2250000000,
        "operatingincomeloss": -1229400000,
        "investmentincomenet": -1200000,
        "interestincomeexpensenonoperatingnet": -104000000,
        "incomelossfromcontinuingoperationsbeforeincometaxesextraordinaryitemsnoncontrollinginterest": -1334600000,
        "incometaxexpensebenefit": -152200000,
        "incomelossfromcontinuingoperationsincludingportionattributabletononcontrollinginterest": -1182400000,
        "netincomelossattributabletononcontrollinginterest": 16600000,
        "netincomeloss": -1199000000,
        "comprehensiveincomenetoftaxincludingportionattributabletononcontrollinginterest": -2013800000,
        "comprehensiveincomenetoftaxattributabletononcontrollinginterest": -20000000,
        "comprehensiveincomenetoftax": -1993800000,
        "earningspersharebasic": -6.59,
        "earningspersharediluted": -6.59,
        "weightedaveragenumberofsharesoutstandingbasic": 181947000,
        "weightedaveragenumberofdilutedsharesoutstanding": 181947000,
        "commonstockdividendspersharedeclared": 1.01
    },
    {
        "date": "2024-05-30",
        "symbol": "STZ",
        "period": "Q1",
        "revenuefromcontractwithcustomerincludingassessedtax": 2860700000,
        "exciseandsalestaxes": 198900000,
        "revenuefromcontractwithcustomerexcludingassessedtax": 2661800000,
        "costofgoodsandservicessold": 1258000000,
        "grossprofit": 1403800000,
        "sellinggeneralandadministrativeexpense": 462200000,
        "operatingincomeloss": 941600000,
        "investmentincomenet": 82000000,
        "interestincomeexpensenonoperatingnet": -102800000,
        "incomelossfromcontinuingoperationsbeforeincometaxesextraordinaryitemsnoncontrollinginterest": 920800000,
        "incometaxexpensebenefit": 28000000,
        "incomelossfromcontinuingoperationsincludingportionattributabletononcontrollinginterest": 892800000,
        "netincomelossattributabletononcontrollinginterest": 15800000,
        "netincomeloss": 877000000,
        "comprehensiveincomenetoftaxincludingportionattributabletononcontrollinginterest": 884100000,
        "comprehensiveincomenetoftaxattributabletononcontrollinginterest": 16100000,
        "comprehensiveincomenetoftax": 868000000,
        "earningspersharebasic": 4.8,
        "earningspersharediluted": 4.78,
        "weightedaveragenumberofsharesoutstandingbasic": 182766000,
        "weightedaveragenumberofdilutedsharesoutstanding": 183461000,
        "commonstockdividendspersharedeclared": 1.01
    },
    {
        "date": "2024-02-28",
        "symbol": "STZ",
        "period": "Q4",
        "revenuefromcontractwithcustomerincludingassessedtax": 2300300000,
        "exciseandsalestaxes": 161100000,
        "revenuefromcontractwithcustomerexcludingassessedtax": 2139200000,
        "costofgoodsandservicessold": 1100000000,
        "grossprofit": 1039200000,
        "sellinggeneralandadministrativeexpense": 409800000,
        "operatingincomeloss": 629400000,
        "investmentincomenet": -34400000,
        "interestincomeexpensenonoperatingnet": -102400000,
        "incomelossfromcontinuingoperationsbeforeincometaxesextraordinaryitemsnoncontrollinginterest": 492600000,
        "incometaxexpensebenefit": 88200000,
        "incomelossfromcontinuingoperationsincludingportionattributabletononcontrollinginterest": 404400000,
        "netincomelossattributabletononcontrollinginterest": 12000000,
        "netincomeloss": 392400000,
        "earningspersharebasic": 2.1399999999999997,
        "earningspersharediluted": 2.1400000000000006,
        "weightedaveragenumberofsharesoutstandingbasic": 183307000,
        "weightedaveragenumberofdilutedsharesoutstanding": 183959000,
        "commonstockdividendspersharedeclared": 0.8900000000000002,
        "comprehensiveincomenetoftaxincludingportionattributabletononcontrollinginterest": 416500000,
        "comprehensiveincomenetoftaxattributabletononcontrollinginterest": 11700000,
        "comprehensiveincomenetoftax": 404800000
    },
    {
        "date": "2023-11-29",
        "symbol": "STZ",
        "period": "Q3",
        "revenuefromcontractwithcustomerincludingassessedtax": 2658200000,
        "exciseandsalestaxes": 187300000,
        "revenuefromcontractwithcustomerexcludingassessedtax": 2470900000,
        "costofgoodsandservicessold": 1200300000,
        "grossprofit": 1270600000,
        "sellinggeneralandadministrativeexpense": 473700000,
        "operatingincomeloss": 796900000,
        "investmentincomenet": -41800000,
        "interestincomeexpensenonoperatingnet": -104200000,
        "incomelossfromcontinuingoperationsbeforeincometaxesextraordinaryitemsnoncontrollinginterest": 650900000,
        "incometaxexpensebenefit": 130000000,
        "incomelossfromcontinuingoperationsincludingportionattributabletononcontrollinginterest": 520900000,
        "netincomelossattributabletononcontrollinginterest": 11800000,
        "netincomeloss": 509100000,
        "comprehensiveincomenetoftaxincludingportionattributabletononcontrollinginterest": 447000000,
        "comprehensiveincomenetoftaxattributabletononcontrollinginterest": 7900000,
        "comprehensiveincomenetoftax": 439100000,
        "earningspersharebasic": 2.7800000000000002,
        "earningspersharediluted": 2.76,
        "weightedaveragenumberofsharesoutstandingbasic": 183431000,
        "weightedaveragenumberofdilutedsharesoutstanding": 184096000,
        "commonstockdividendspersharedeclared": 0.8899999999999998
    },
    {
        "date": "2023-08-30",
        "symbol": "STZ",
        "period": "Q2",
        "revenuefromcontractwithcustomerincludingassessedtax": 3053000000,
        "exciseandsalestaxes": 216200000,
        "revenuefromcontractwithcustomerexcludingassessedtax": 2836800000,
        "costofgoodsandservicessold": 1386900000,
        "grossprofit": 1449900000,
        "sellinggeneralandadministrativeexpense": 471200000,
        "operatingincomeloss": 978700000,
        "investmentincomenet": -20200000,
        "interestincomeexpensenonoperatingnet": -110600000,
        "gainslossesonextinguishmentofdebt": 0,
        "incomelossfromcontinuingoperationsbeforeincometaxesextraordinaryitemsnoncontrollinginterest": 847900000,
        "incometaxexpensebenefit": 147200000,
        "incomelossfromcontinuingoperationsincludingportionattributabletononcontrollinginterest": 700700000,
        "netincomelossattributabletononcontrollinginterest": 10700000,
        "netincomeloss": 690000000,
        "comprehensiveincomenetoftaxincludingportionattributabletononcontrollinginterest": 901500000,
        "comprehensiveincomenetoftaxattributabletononcontrollinginterest": 20000000,
        "comprehensiveincomenetoftax": 881500000,
        "earningspersharebasic": 3.76,
        "earningspersharediluted": 3.75,
        "weightedaveragenumberofsharesoutstandingbasic": 114000,
        "weightedaveragenumberofdilutedsharesoutstanding": 211000,
        "commonstockdividendspersharedeclared": 0.89
    },
    {
        "date": "2023-05-30",
        "symbol": "STZ",
        "period": "Q1",
        "revenuefromcontractwithcustomerincludingassessedtax": 2699500000,
        "exciseandsalestaxes": 184600000,
        "revenuefromcontractwithcustomerexcludingassessedtax": 2514900000,
        "costofgoodsandservicessold": 1257100000,
        "grossprofit": 1257800000,
        "sellinggeneralandadministrativeexpense": 493100000,
        "operatingincomeloss": 764700000,
        "investmentincomenet": -415400000,
        "interestincomeexpensenonoperatingnet": -118200000,
        "gainslossesonextinguishmentofdebt": -700000,
        "incomelossfromcontinuingoperationsbeforeincometaxesextraordinaryitemsnoncontrollinginterest": 230400000,
        "incometaxexpensebenefit": 91200000,
        "incomelossfromcontinuingoperationsincludingportionattributabletononcontrollinginterest": 139200000,
        "netincomelossattributabletononcontrollinginterest": 3300000,
        "netincomeloss": 135900000,
        "comprehensiveincomenetoftaxincludingportionattributabletononcontrollinginterest": 364500000,
        "comprehensiveincomenetoftaxattributabletononcontrollinginterest": 14200000,
        "comprehensiveincomenetoftax": 350300000,
        "earningspersharebasic": 0.74,
        "earningspersharediluted": 0.74,
        "weightedaveragenumberofsharesoutstandingbasic": 183270000,
        "weightedaveragenumberofdilutedsharesoutstanding": 183863000,
        "commonstockdividendspersharedeclared": 0.89
    },
    {
        "date": "2023-02-27",
        "symbol": "STZ",
        "period": "Q4",
        "revenuefromcontractwithcustomerincludingassessedtax": 2147600000,
        "exciseandsalestaxes": 149800000,
        "revenuefromcontractwithcustomerexcludingassessedtax": 9717300000,
        "costofgoodsandservicessold": 48800000,
        "grossprofit": -1800000,
        "sellinggeneralandadministrativeexpense": 76300000,
        "operatingincomeloss": -125100000,
        "investmentincomenet": -55300000,
        "interestincomeexpensenonoperatingnet": -117200000,
        "gainslossesonextinguishmentofdebt": -8900000,
        "incomelossfromcontinuingoperationsbeforeincometaxesextraordinaryitemsnoncontrollinginterest": 256399999.99999994,
        "incometaxexpensebenefit": 33200000,
        "incomelossfromcontinuingoperationsincludingportionattributabletononcontrollinginterest": -196500000,
        "netincomelossattributabletononcontrollinginterest": 200000.00000000373,
        "netincomeloss": -300000,
        "earningspersharebasic": -0.010000000000000009,
        "earningspersharediluted": -0.010000000000000009,
        "weightedaveragenumberofsharesoutstandingbasic": 0,
        "weightedaveragenumberofdilutedsharesoutstanding": 0,
        "commonstockdividendspersharedeclared": 0,
        "comprehensiveincomenetoftaxincludingportionattributabletononcontrollinginterest": 462700000,
        "comprehensiveincomenetoftaxattributabletononcontrollinginterest": 10300000,
        "comprehensiveincomenetoftax": 452400000
    },
    {
        "date": "2022-11-29",
        "symbol": "STZ",
        "period": "Q3",
        "revenuefromcontractwithcustomerincludingassessedtax": 2624600000,
        "exciseandsalestaxes": 188100000,
        "revenuefromcontractwithcustomerexcludingassessedtax": 2436500000,
        "costofgoodsandservicessold": 1209600000,
        "grossprofit": 1226900000,
        "sellinggeneralandadministrativeexpense": 480200000,
        "operatingincomeloss": 746700000,
        "investmentincomenet": -37200000,
        "interestincomeexpensenonoperatingnet": -98700000,
        "gainslossesonextinguishmentofdebt": 0,
        "incomelossfromcontinuingoperationsbeforeincometaxesextraordinaryitemsnoncontrollinginterest": 610800000,
        "incometaxexpensebenefit": 131100000,
        "incomelossfromcontinuingoperationsincludingportionattributabletononcontrollinginterest": 479700000,
        "netincomelossattributabletononcontrollinginterest": 12000000,
        "netincomeloss": 467700000,
        "comprehensiveincomenetoftaxincludingportionattributabletononcontrollinginterest": 643100000,
        "comprehensiveincomenetoftaxattributabletononcontrollinginterest": 20900000,
        "comprehensiveincomenetoftax": 622200000,
        "earningspersharebasic": 2.7300000000000004,
        "earningspersharediluted": 2.7600000000000002,
        "weightedaveragenumberofsharesoutstandingbasic": -162492000,
        "weightedaveragenumberofdilutedsharesoutstanding": -186490000,
        "commonstockdividendspersharedeclared": 0.7999999999999998
    },
    {
        "date": "2022-08-30",
        "symbol": "STZ",
        "period": "Q2",
        "revenuefromcontractwithcustomerincludingassessedtax": 2864300000,
        "exciseandsalestaxes": 209200000,
        "revenuefromcontractwithcustomerexcludingassessedtax": 2655100000,
        "costofgoodsandservicessold": 1329200000,
        "grossprofit": 1325900000,
        "sellinggeneralandadministrativeexpense": 512800000,
        "operatingincomeloss": 813100000,
        "investmentincomenet": -1719100000,
        "interestincomeexpensenonoperatingnet": -94300000,
        "gainslossesonextinguishmentofdebt": -8000000,
        "incomelossfromcontinuingoperationsbeforeincometaxesextraordinaryitemsnoncontrollinginterest": -1008300000,
        "incometaxexpensebenefit": 132400000,
        "incomelossfromcontinuingoperationsincludingportionattributabletononcontrollinginterest": -1140700000,
        "netincomelossattributabletononcontrollinginterest": 10500000,
        "netincomeloss": -1151200000,
        "comprehensiveincomenetoftaxincludingportionattributabletononcontrollinginterest": -1334200000,
        "comprehensiveincomenetoftaxattributabletononcontrollinginterest": 6100000,
        "comprehensiveincomenetoftax": -1340300000,
        "earningspersharebasic": -6.3,
        "earningspersharediluted": -6.3,
        "weightedaveragenumberofsharesoutstandingbasic": 161730000,
        "weightedaveragenumberofdilutedsharesoutstanding": 161730000,
        "commonstockdividendspersharedeclared": 0.8
    },
    {
        "date": "2022-05-30",
        "symbol": "STZ",
        "period": "Q1",
        "revenuefromcontractwithcustomerincludingassessedtax": 2540700000,
        "exciseandsalestaxes": 177500000,
        "revenuefromcontractwithcustomerexcludingassessedtax": 2363200000,
        "costofgoodsandservicessold": 1108200000,
        "grossprofit": 1255000000,
        "sellinggeneralandadministrativeexpense": 438600000,
        "operatingincomeloss": 816400000,
        "investmentincomenet": -187900000,
        "interestincomeexpensenonoperatingnet": -88500000,
        "gainslossesonextinguishmentofdebt": -15300000,
        "incomelossfromcontinuingoperationsbeforeincometaxesextraordinaryitemsnoncontrollinginterest": 524700000,
        "incometaxexpensebenefit": 125400000,
        "incomelossfromcontinuingoperationsincludingportionattributabletononcontrollinginterest": 399300000,
        "netincomelossattributabletononcontrollinginterest": 9800000,
        "netincomeloss": 389500000,
        "comprehensiveincomenetoftaxincludingportionattributabletononcontrollinginterest": 658300000,
        "comprehensiveincomenetoftaxattributabletononcontrollinginterest": 22400000,
        "comprehensiveincomenetoftax": 635900000,
        "earningspersharebasic": 2.09,
        "earningspersharediluted": 2.06,
        "weightedaveragenumberofsharesoutstandingbasic": 165335000,
        "weightedaveragenumberofdilutedsharesoutstanding": 189333000,
        "commonstockdividendspersharedeclared": 0.8
    },
    {
        "date": "2022-02-27",
        "symbol": "STZ",
        "period": "Q4",
        "revenuefromcontractwithcustomerincludingassessedtax": 2268800000,
        "exciseandsalestaxes": 166300000,
        "revenuefromcontractwithcustomerexcludingassessedtax": 9153100000,
        "costofgoodsandservicessold": -51100000,
        "grossprofit": 8000000,
        "sellinggeneralandadministrativeexpense": 34200000,
        "operatingincomeloss": 18600000,
        "investmentincomenet": -57500000,
        "interestincomeexpensenonoperatingnet": -85900000,
        "incomelossfromcontinuingoperationsbeforeincometaxesextraordinaryitemsnoncontrollinginterest": 497900000,
        "incometaxexpensebenefit": 92300000,
        "incomelossfromcontinuingoperationsincludingportionattributabletononcontrollinginterest": -91700000,
        "netincomelossattributabletononcontrollinginterest": 10200000,
        "netincomeloss": 44300000,
        "earningspersharebasic": 1.9,
        "earningspersharediluted": 1.9,
        "commonstockdividendspersharedeclared": 0.69,
        "comprehensiveincomenetoftaxincludingportionattributabletononcontrollinginterest": 629200000,
        "comprehensiveincomenetoftaxattributabletononcontrollinginterest": 23400000,
        "comprehensiveincomenetoftax": 605800000
    },
    {
        "date": "2021-11-29",
        "symbol": "STZ",
        "period": "Q3",
        "revenuefromcontractwithcustomerincludingassessedtax": 2507000000,
        "exciseandsalestaxes": 186400000,
        "revenuefromcontractwithcustomerexcludingassessedtax": 2320600000,
        "costofgoodsandservicessold": 1094900000,
        "grossprofit": 1225700000,
        "sellinggeneralandadministrativeexpense": 385800000,
        "operatingincomeloss": 839900000,
        "investmentincomenet": -171800000,
        "interestincomeexpensenonoperatingnet": -88000000,
        "incomelossfromcontinuingoperationsbeforeincometaxesextraordinaryitemsnoncontrollinginterest": 580100000,
        "incometaxexpensebenefit": 99300000,
        "incomelossfromcontinuingoperationsincludingportionattributabletononcontrollinginterest": 480800000,
        "netincomelossattributabletononcontrollinginterest": 10000000,
        "netincomeloss": 470800000,
        "comprehensiveincomenetoftaxincludingportionattributabletononcontrollinginterest": 130000000,
        "comprehensiveincomenetoftaxattributabletononcontrollinginterest": -8100000,
        "comprehensiveincomenetoftax": 138100000,
        "earningspersharebasic": 2.4599999999999995,
        "earningspersharediluted": 2.4599999999999995,
        "commonstockdividendspersharedeclared": 0.7599999999999998
    },
    {
        "date": "2021-08-30",
        "symbol": "STZ",
        "period": "Q2",
        "revenuefromcontractwithcustomerincludingassessedtax": 2565000000,
        "exciseandsalestaxes": 193900000,
        "revenuefromcontractwithcustomerexcludingassessedtax": 2371100000,
        "costofgoodsandservicessold": 1141400000,
        "grossprofit": 1229700000,
        "sellinggeneralandadministrativeexpense": 490500000,
        "otherassetimpairmentcharges": 0,
        "operatingincomeloss": 739200000,
        "investmentincomenet": -470800000,
        "interestincomeexpensenonoperatingnet": -95800000,
        "incomelossfromcontinuingoperationsbeforeincometaxesextraordinaryitemsnoncontrollinginterest": 143200000,
        "incometaxexpensebenefit": 131300000,
        "incomelossfromcontinuingoperationsincludingportionattributabletononcontrollinginterest": 11900000,
        "netincomelossattributabletononcontrollinginterest": 10400000,
        "netincomeloss": 1500000,
        "comprehensiveincomenetoftaxincludingportionattributabletononcontrollinginterest": -45800000,
        "comprehensiveincomenetoftaxattributabletononcontrollinginterest": 6500000,
        "comprehensiveincomenetoftax": -52300000,
        "earningspersharebasic": -0.02999999999999936,
        "earningspersharediluted": -0.02999999999999936,
        "commonstockdividendspersharedeclared": 0.76
    },
    {
        "date": "2021-05-30",
        "symbol": "STZ",
        "period": "Q1",
        "revenuefromcontractwithcustomerincludingassessedtax": 2188300000,
        "exciseandsalestaxes": 161800000,
        "revenuefromcontractwithcustomerexcludingassessedtax": 2026500000,
        "costofgoodsandservicessold": 907200000,
        "grossprofit": 1119300000,
        "sellinggeneralandadministrativeexpense": 378300000,
        "otherassetimpairmentcharges": 665900000,
        "operatingincomeloss": 75100000,
        "investmentincomenet": -899200000,
        "interestincomeexpensenonoperatingnet": -86700000,
        "incomelossfromcontinuingoperationsbeforeincometaxesextraordinaryitemsnoncontrollinginterest": -910800000,
        "incometaxexpensebenefit": -13500000,
        "incomelossfromcontinuingoperationsincludingportionattributabletononcontrollinginterest": -897300000,
        "netincomelossattributabletononcontrollinginterest": 10800000,
        "netincomeloss": -908100000,
        "comprehensiveincomenetoftaxincludingportionattributabletononcontrollinginterest": -792800000,
        "comprehensiveincomenetoftaxattributabletononcontrollinginterest": 16400000,
        "comprehensiveincomenetoftax": -809200000,
        "earningspersharebasic": -4.74,
        "earningspersharediluted": -4.74,
        "weightedaveragenumberofshareoutstandingbasicanddiluted": 170602000,
        "commonstockdividendspersharedeclared": 0.76
    },
    {
        "date": "2021-02-27",
        "symbol": "STZ",
        "period": "Q4",
        "revenuefromcontractwithcustomerincludingassessedtax": 2120600000,
        "exciseandsalestaxes": 167600000,
        "revenuefromcontractwithcustomerexcludingassessedtax": 1953000000,
        "costofgoodsandservicessold": 959300000,
        "grossprofit": 993700000,
        "sellinggeneralandadministrativeexpense": 448900000,
        "otherassetimpairmentcharges": 0,
        "operatingincomeloss": 559300000,
        "investmentincomenet": 19800000,
        "interestincomeexpensenonoperatingnet": -89800000,
        "gainslossesonextinguishmentofdebt": -4000000,
        "incomelossfromcontinuingoperationsbeforeincometaxesextraordinaryitemsnoncontrollinginterest": 485300000,
        "incometaxexpensebenefit": 94700000,
        "incomelossfromcontinuingoperationsincludingportionattributabletononcontrollinginterest": 390600000,
        "netincomelossattributabletononcontrollinginterest": 7700000,
        "netincomeloss": 382900000,
        "earningspersharebasic": 2.0199999999999996,
        "earningspersharediluted": 2.0000000000000004,
        "commonstockdividendspersharedeclared": 0.75,
        "comprehensiveincomenetoftaxincludingportionattributabletononcontrollinginterest": 407100000,
        "comprehensiveincomenetoftaxattributabletononcontrollinginterest": 2300000,
        "comprehensiveincomenetoftax": 404800000
    },
    {
        "date": "2020-11-29",
        "symbol": "STZ",
        "period": "Q3",
        "revenuefromcontractwithcustomerincludingassessedtax": 2643700000,
        "exciseandsalestaxes": 205600000,
        "revenuefromcontractwithcustomerexcludingassessedtax": 2438100000,
        "costofgoodsandservicessold": 1169900000,
        "grossprofit": 1268200000,
        "sellinggeneralandadministrativeexpense": 463800000,
        "otherassetimpairmentcharges": 21000000,
        "disposalgroupnotdiscontinuedoperationgainlossondisposal": -300000,
        "operatingincomeloss": 783100000,
        "investmentincomenet": 782400000,
        "interestincomeexpensenonoperatingnet": -95700000,
        "gainslossesonextinguishmentofdebt": -1200000,
        "incomelossfromcontinuingoperationsbeforeincometaxesextraordinaryitemsnoncontrollinginterest": 1468600000,
        "incometaxexpensebenefit": 176600000,
        "incomelossfromcontinuingoperationsincludingportionattributabletononcontrollinginterest": 1292000000,
        "netincomelossattributabletononcontrollinginterest": 11100000,
        "netincomeloss": 1280900000,
        "comprehensiveincomenetoftaxincludingportionattributabletononcontrollinginterest": 1776100000,
        "comprehensiveincomenetoftaxattributabletononcontrollinginterest": 37100000,
        "comprehensiveincomenetoftax": 1739000000,
        "earningspersharebasic": 6.68,
        "earningspersharediluted": 6.55,
        "weightedaveragenumberofsharesoutstandingbasic": 170571000,
        "weightedaveragenumberofdilutedsharesoutstanding": 195444000,
        "commonstockdividendspersharedeclared": 0.75
    },
    {
        "date": "2020-08-30",
        "symbol": "STZ",
        "period": "Q2",
        "revenuefromcontractwithcustomerincludingassessedtax": 2459700000,
        "exciseandsalestaxes": 199300000,
        "revenuefromcontractwithcustomerexcludingassessedtax": 2260400000,
        "costofgoodsandservicessold": 1044600000,
        "grossprofit": 1215800000,
        "sellinggeneralandadministrativeexpense": 399100000,
        "otherassetimpairmentcharges": -22000000,
        "operatingincomeloss": 838700000,
        "investmentincomenet": -80700000,
        "interestincomeexpensenonoperatingnet": -100200000,
        "gainslossesonextinguishmentofdebt": -600000,
        "incomelossfromcontinuingoperationsbeforeincometaxesextraordinaryitemsnoncontrollinginterest": 657200000,
        "incometaxexpensebenefit": 135400000,
        "incomelossfromcontinuingoperationsincludingportionattributabletononcontrollinginterest": 521800000,
        "netincomelossattributabletononcontrollinginterest": 9700000,
        "netincomeloss": 512100000,
        "comprehensiveincomenetoftaxincludingportionattributabletononcontrollinginterest": 733200000,
        "comprehensiveincomenetoftaxattributabletononcontrollinginterest": 14200000,
        "comprehensiveincomenetoftax": 719000000,
        "earningspersharebasic": 2.68,
        "earningspersharediluted": 2.62,
        "weightedaveragenumberofsharesoutstandingbasic": 170078000,
        "weightedaveragenumberofdilutedsharesoutstanding": 195142000,
        "commonstockdividendspersharedeclared": 0.75
    },
    {
        "date": "2020-05-30",
        "symbol": "STZ",
        "period": "Q1",
        "revenuefromcontractwithcustomerincludingassessedtax": 2131700000,
        "exciseandsalestaxes": 168300000,
        "revenuefromcontractwithcustomerexcludingassessedtax": 1963400000,
        "costofgoodsandservicessold": 975100000,
        "grossprofit": 988300000,
        "sellinggeneralandadministrativeexpense": 353300000,
        "otherassetimpairmentcharges": 25000000,
        "operatingincomeloss": 610000000,
        "investmentincomenet": -571200000,
        "interestincomeexpensenonoperatingnet": -100000000,
        "gainslossesonextinguishmentofdebt": -7000000,
        "incomelossfromcontinuingoperationsbeforeincometaxesextraordinaryitemsnoncontrollinginterest": -68200000,
        "incometaxexpensebenefit": 104400000,
        "incomelossfromcontinuingoperationsincludingportionattributabletononcontrollinginterest": -172600000,
        "netincomelossattributabletononcontrollinginterest": 5300000,
        "netincomeloss": -177900000,
        "comprehensiveincomenetoftaxincludingportionattributabletononcontrollinginterest": -964900000,
        "comprehensiveincomenetoftaxattributabletononcontrollinginterest": -30900000,
        "comprehensiveincomenetoftax": -934000000,
        "earningspersharebasic": -0.94,
        "earningspersharediluted": -0.94,
        "weightedaveragenumberofshareoutstandingbasicanddiluted": 169604000,
        "commonstockdividendspersharedeclared": 0.75
    },
    {
        "date": "2020-02-28",
        "symbol": "STZ",
        "period": "Q4",
        "incomelossfromcontinuingoperationsincludingportionattributabletononcontrollinginterest": 409000000,
        "comprehensiveincomenetoftaxincludingportionattributabletononcontrollinginterest": 531500000,
        "comprehensiveincomenetoftaxattributabletononcontrollinginterest": 15600000,
        "comprehensiveincomenetoftax": 515900000,
        "revenuefromcontractwithcustomerincludingassessedtax": 2075600000,
        "exciseandsalestaxes": 172700000,
        "revenuefromcontractwithcustomerexcludingassessedtax": 1902900000,
        "costofgoodsandservicessold": 953100000,
        "grossprofit": 949800000,
        "sellinggeneralandadministrativeexpense": 370100000,
        "operatingincomeloss": 545100000,
        "investmentincomenet": 43200000,
        "interestincomeexpensenonoperatingnet": -99400000,
        "incomelossfromcontinuingoperationsbeforeincometaxesextraordinaryitemsnoncontrollinginterest": 488900000,
        "incometaxexpensebenefit": 79900000,
        "netincomelossattributabletononcontrollinginterest": 10600000,
        "netincomeloss": 398400000,
        "earningspersharebasic": 2.0999999999999996,
        "earningspersharediluted": 2.0999999999999996,
        "weightedaveragenumberofsharesoutstandingbasic": 71000,
        "weightedaveragenumberofdilutedsharesoutstanding": 71000,
        "commonstockdividendspersharedeclared": 0.75
    },
    {
        "date": "2019-11-29",
        "symbol": "STZ",
        "period": "Q3",
        "revenuefromcontractwithcustomerincludingassessedtax": 2181500000,
        "exciseandsalestaxes": 182100000,
        "revenuefromcontractwithcustomerexcludingassessedtax": 1999400000,
        "costofgoodsandservicessold": 1011900000,
        "grossprofit": 987500000,
        "sellinggeneralandadministrativeexpense": 379300000,
        "operatingincomeloss": 267200000,
        "investmentincomenet": -456500000,
        "interestincomeexpensenonoperatingnet": -103100000,
        "incomelossfromcontinuingoperationsbeforeincometaxesextraordinaryitemsnoncontrollinginterest": -292400000,
        "incometaxexpensebenefit": -658900000,
        "incomelossfromcontinuingoperationsincludingportionattributabletononcontrollinginterest": 366500000,
        "netincomelossattributabletononcontrollinginterest": 6100000,
        "netincomeloss": 360400000,
        "comprehensiveincomenetoftaxincludingportionattributabletononcontrollinginterest": 466600000,
        "comprehensiveincomenetoftaxattributabletononcontrollinginterest": 13400000,
        "comprehensiveincomenetoftax": 453200000,
        "earningspersharebasic": 1.9000000000000001,
        "earningspersharediluted": 1.9000000000000001,
        "weightedaveragenumberofsharesoutstandingbasic": -168170000,
        "weightedaveragenumberofdilutedsharesoutstanding": -168170000,
        "commonstockdividendspersharedeclared": 0.75
    },
    {
        "date": "2019-08-30",
        "symbol": "STZ",
        "period": "Q2",
        "revenuefromcontractwithcustomerincludingassessedtax": 2573400000,
        "exciseandsalestaxes": 229400000,
        "revenuefromcontractwithcustomerexcludingassessedtax": 2344000000,
        "costofgoodsandservicessold": 1158100000,
        "grossprofit": 1185900000,
        "sellinggeneralandadministrativeexpense": 466400000,
        "operatingincomeloss": 719500000,
        "investmentincomenet": -1324700000,
        "interestincomeexpensenonoperatingnet": -111600000,
        "gainslossesonextinguishmentofdebt": -2400000,
        "incomelossfromcontinuingoperationsbeforeincometaxesextraordinaryitemsnoncontrollinginterest": -719200000,
        "incometaxexpensebenefit": -202200000,
        "incomelossfromcontinuingoperationsincludingportionattributabletononcontrollinginterest": -517000000,
        "netincomelossattributabletononcontrollinginterest": 8200000,
        "netincomeloss": -525200000,
        "comprehensiveincomenetoftaxincludingportionattributabletononcontrollinginterest": -646400000,
        "comprehensiveincomenetoftaxattributabletononcontrollinginterest": -100000,
        "comprehensiveincomenetoftax": -646300000,
        "earningspersharebasic": -2.77,
        "earningspersharediluted": -2.77,
        "weightedaveragenumberofsharesoutstandingbasic": 168310000,
        "weightedaveragenumberofdilutedsharesoutstanding": 168310000,
        "commonstockdividendspersharedeclared": 0.75
    },
    {
        "date": "2019-05-30",
        "symbol": "STZ",
        "period": "Q1",
        "revenuefromcontractwithcustomerincludingassessedtax": 2282500000,
        "exciseandsalestaxes": 185300000,
        "revenuefromcontractwithcustomerexcludingassessedtax": 2097200000,
        "costofgoodsandservicessold": 1068500000,
        "grossprofit": 1028700000,
        "sellinggeneralandadministrativeexpense": 406000000,
        "operatingincomeloss": 622700000,
        "investmentincomenet": -930600000,
        "interestincomeexpensenonoperatingnet": -114600000,
        "incomelossfromcontinuingoperationsbeforeincometaxesextraordinaryitemsnoncontrollinginterest": -422500000,
        "incometaxexpensebenefit": -185400000,
        "incomelossfromcontinuingoperationsincludingportionattributabletononcontrollinginterest": -237100000,
        "netincomelossattributabletononcontrollinginterest": 8300000,
        "netincomeloss": -245400000,
        "comprehensiveincomenetoftaxincludingportionattributabletononcontrollinginterest": -239800000,
        "comprehensiveincomenetoftaxattributabletononcontrollinginterest": 7200000,
        "comprehensiveincomenetoftax": -247000000,
        "earningspersharebasic": -1.3,
        "earningspersharediluted": -1.3,
        "weightedaveragenumberofsharesoutstandingbasic": 168118000,
        "weightedaveragenumberofdilutedsharesoutstanding": 168118000,
        "commonstockdividendspersharedeclared": 0.75
    },
    {
        "date": "2019-02-27",
        "symbol": "STZ",
        "period": "Q4",
        "incomelossfromcontinuingoperationsincludingportionattributabletononcontrollinginterest": 5556700000,
        "comprehensiveincomenetoftaxincludingportionattributabletononcontrollinginterest": 1414600000,
        "comprehensiveincomenetoftaxattributabletononcontrollinginterest": 23100000,
        "comprehensiveincomenetoftax": -1916100000,
        "revenuefromcontractwithcustomerincludingassessedtax": -1345400000,
        "exciseandsalestaxes": 89800000,
        "revenuefromcontractwithcustomerexcludingassessedtax": 707100000,
        "grossprofit": 1600000,
        "sellinggeneralandadministrativeexpense": 116100000,
        "operatingincomeloss": -51400000,
        "interestincomeexpensenonoperatingnet": -118500000,
        "incomelossfromcontinuingoperationsbeforeincometaxesextraordinaryitemsnoncontrollinginterest": -1339100000,
        "incometaxexpensebenefit": 3800000,
        "netincomelossattributabletononcontrollinginterest": 9900000,
        "netincomeloss": 139500000,
        "earningspersharebasic": 5.98,
        "earningspersharediluted": 5.870000000000001,
        "weightedaveragenumberofsharesoutstandingbasic": -46646000,
        "weightedaveragenumberofdilutedsharesoutstanding": -46646000,
        "commonstockdividendspersharedeclared": 0.6700000000000003
    },
    {
        "date": "2018-11-29",
        "symbol": "STZ",
        "period": "Q3",
        "revenuefromcontractwithcustomerincludingassessedtax": -1262000000,
        "exciseandsalestaxes": 89800000,
        "revenuefromcontractwithcustomerexcludingassessedtax": 762800000,
        "costofgoodsandservicessold": 21900000,
        "grossprofit": -1100000,
        "sellinggeneralandadministrativeexpense": 33500000,
        "operatingincomeloss": -45000000,
        "investmentincomenet": 900000,
        "interestincomeexpensenonoperatingnet": -72800000,
        "gainslossesonextinguishmentofdebt": -1700000,
        "incomelossfromcontinuingoperationsbeforeincometaxesextraordinaryitemsnoncontrollinginterest": -508100000,
        "incometaxexpensebenefit": 3100000,
        "incomelossfromcontinuingoperationsincludingportionattributabletononcontrollinginterest": 303100000,
        "netincomelossattributabletononcontrollinginterest": 9000000,
        "netincomeloss": 34200000,
        "comprehensiveincomenetoftaxincludingportionattributabletononcontrollinginterest": 98200000,
        "comprehensiveincomenetoftaxattributabletononcontrollinginterest": -3600000,
        "comprehensiveincomenetoftax": 101800000,
        "earningspersharebasic": 1.47,
        "earningspersharediluted": 1.45,
        "weightedaveragenumberofsharesoutstandingbasic": 23318000,
        "weightedaveragenumberofdilutedsharesoutstanding": 23318000,
        "commonstockdividendspersharedeclared": 0.67
    },
    {
        "date": "2018-08-30",
        "symbol": "STZ",
        "period": "Q2",
        "revenuefromcontractwithcustomerincludingassessedtax": -1392700000,
        "exciseandsalestaxes": 100900000,
        "revenuefromcontractwithcustomerexcludingassessedtax": 772000000,
        "costofgoodssold": 11800000,
        "grossprofit": 39300000,
        "sellinggeneralandadministrativeexpense": 3900000,
        "operatingincomeloss": -51300000,
        "investmentincomenonoperating": -1100000,
        "interestincomeexpensenonoperatingnet": -88000000,
        "incomelossfromcontinuingoperationsbeforeincometaxesextraordinaryitemsnoncontrollinginterest": -1358900000,
        "incometaxexpensebenefit": 11500000,
        "incomelossfromcontinuingoperationsincludingportionattributabletononcontrollinginterest": -1370400000,
        "netincomelossattributabletononcontrollinginterest": 1800000,
        "netincomeloss": 129500000,
        "comprehensiveincomenetoftaxincludingportionattributabletononcontrollinginterest": 1232600000,
        "comprehensiveincomenetoftaxattributabletononcontrollinginterest": 9100000,
        "comprehensiveincomenetoftax": -1445100000,
        "earningspersharebasic": 5.55,
        "earningspersharediluted": 5.41,
        "weightedaveragenumberofsharesoutstandingbasic": 23323000,
        "weightedaveragenumberofdilutedsharesoutstanding": 23323000,
        "commonstockdividendspersharedeclared": 0.67
    },
    {
        "date": "2018-05-30",
        "symbol": "STZ",
        "period": "Q1",
        "revenuefromcontractwithcustomerincludingassessedtax": -1341400000,
        "exciseandsalestaxes": 78800000,
        "revenuefromcontractwithcustomerexcludingassessedtax": 672000000,
        "costofgoodssold": -8400000,
        "grossprofit": -32700000,
        "sellinggeneralandadministrativeexpense": 20600000,
        "operatingincomeloss": -50200000,
        "investmentincomenonoperating": -100000,
        "interestincomeexpensenonoperatingnet": -87800000,
        "incomelossfromcontinuingoperationsbeforeincometaxesextraordinaryitemsnoncontrollinginterest": -1067000000,
        "incometaxexpensebenefit": -13500000,
        "incomelossfromcontinuingoperationsincludingportionattributabletononcontrollinginterest": -1053500000,
        "netincomelossattributabletononcontrollinginterest": 2500000,
        "netincomeloss": 83200000,
        "comprehensiveincomenetoftaxincludingportionattributabletononcontrollinginterest": 560900000,
        "comprehensiveincomenetoftaxattributabletononcontrollinginterest": -7200000,
        "comprehensiveincomenetoftax": -876700000,
        "earningspersharebasic": 3.57,
        "earningspersharediluted": 3.48,
        "weightedaveragenumberofsharesoutstandingbasic": 23326000,
        "weightedaveragenumberofdilutedsharesoutstanding": 23326000,
        "commonstockdividendspersharedeclared": 0.67
    },
    {
        "date": "2018-02-27",
        "symbol": "STZ",
        "period": "Q4",
        "incomelossfromcontinuingoperationsincludingportionattributabletononcontrollinginterest": 4059700000,
        "comprehensiveincomenetoftaxincludingportionattributabletononcontrollinginterest": 933000000,
        "comprehensiveincomenetoftaxattributabletononcontrollinginterest": 1400000,
        "comprehensiveincomenetoftax": -1322000000,
        "salesrevenuegoodsnet": -1249100000,
        "excisetaxes": 90200000,
        "salesrevenuenetofexcisetaxes": -1902900000,
        "costofgoodssold": 20000000,
        "grossprofit": -41400000,
        "sellinggeneralandadministrativeexpense": 8800000,
        "operatingincomeloss": -45600000,
        "interestincomeexpensenonoperatingnet": -86900000,
        "incomelossfromcontinuingoperationsbeforeincometaxesextraordinaryitemsnoncontrollinginterest": -1318900000,
        "incometaxexpensebenefit": -4900000,
        "netincomelossattributabletononcontrollinginterest": 3300000,
        "netincomeloss": 102300000,
        "earningspersharebasic": 4.369999999999999,
        "earningspersharediluted": 4.26,
        "weightedaveragenumberofsharesoutstandingbasic": -46679000,
        "weightedaveragenumberofdilutedsharesoutstanding": -46679000,
        "commonstockdividendspersharedeclared": 0.47
    },
    {
        "date": "2017-11-29",
        "symbol": "STZ",
        "period": "Q3",
        "salesrevenuegoodsnet": -1156000000,
        "excisetaxes": 89200000,
        "salesrevenuenetofexcisetaxes": 759000000,
        "costofgoodssold": 3800000,
        "grossprofit": -1000000,
        "sellinggeneralandadministrativeexpense": 59500000,
        "operatingincomeloss": -41300000,
        "investmentincomenonoperating": 100000,
        "interestincomeexpensenonoperatingnet": -81400000,
        "writeoffofdeferreddebtissuancecost": 10300000,
        "incomelossfromcontinuingoperationsbeforeincometaxesextraordinaryitemsnoncontrollinginterest": -643300000,
        "incometaxexpensebenefit": 2000000,
        "incomelossfromcontinuingoperationsincludingportionattributabletononcontrollinginterest": -645300000,
        "netincomelossattributabletononcontrollinginterest": 3600000,
        "netincomeloss": 53900000,
        "comprehensiveincomenetoftaxincludingportionattributabletononcontrollinginterest": 367500000,
        "comprehensiveincomenetoftaxattributabletononcontrollinginterest": -2000000,
        "comprehensiveincomenetoftax": -523800000,
        "earningspersharebasic": 2.31,
        "earningspersharediluted": 2.26,
        "weightedaveragenumberofsharesoutstandingbasic": 23333000,
        "weightedaveragenumberofdilutedsharesoutstanding": 23333000,
        "commonstockdividendspersharedeclared": 0.47
    },
    {
        "date": "2017-08-30",
        "symbol": "STZ",
        "period": "Q2",
        "salesrevenuegoodsnet": -1302500000,
        "excisetaxes": 90400000,
        "salesrevenuenetofexcisetaxes": 705600000,
        "costofgoodssold": -3400000,
        "grossprofit": 30600000,
        "sellinggeneralandadministrativeexpense": -700000,
        "operatingincomeloss": -41500000,
        "incomelossfromequitymethodinvestments": 200000,
        "interestincomeexpensenonoperatingnet": -81300000,
        "writeoffofdeferreddebtissuancecost": 300000,
        "incomelossfromcontinuingoperationsbeforeincometaxesextraordinaryitemsnoncontrollinginterest": -622600000,
        "incometaxexpensebenefit": 6600000,
        "incomelossfromcontinuingoperationsincludingportionattributabletononcontrollinginterest": -629200000,
        "netincomelossattributabletononcontrollinginterest": 2500000,
        "netincomeloss": 54800000,
        "comprehensiveincomenetoftaxincludingportionattributabletononcontrollinginterest": 633500000,
        "comprehensiveincomenetoftaxattributabletononcontrollinginterest": 9100000,
        "comprehensiveincomenetoftax": -755900000,
        "earningspersharebasic": 2.35,
        "earningspersharediluted": 2.29,
        "weightedaveragenumberofsharesoutstandingbasic": 23338000,
        "weightedaveragenumberofdilutedsharesoutstanding": 23338000,
        "commonstockdividendspersharedeclared": 0.47
    },
    {
        "date": "2017-05-30",
        "symbol": "STZ",
        "period": "Q1",
        "salesrevenuegoodsnet": -1246200000,
        "excisetaxes": 83700000,
        "salesrevenuenetofexcisetaxes": 693200000,
        "costofgoodssold": 7700000,
        "grossprofit": -24300000,
        "sellinggeneralandadministrativeexpense": 93000000,
        "operatingincomeloss": -37400000,
        "incomelossfromequitymethodinvestments": 200000,
        "interestincomeexpensenonoperatingnet": -82400000,
        "writeoffofdeferreddebtissuancecost": 6700000,
        "incomelossfromcontinuingoperationsbeforeincometaxesextraordinaryitemsnoncontrollinginterest": -450100000,
        "incometaxexpensebenefit": 16200000,
        "incomelossfromcontinuingoperationsincludingportionattributabletononcontrollinginterest": -466300000,
        "netincomelossattributabletononcontrollinginterest": 2500000,
        "netincomeloss": 44200000,
        "comprehensiveincomenetoftaxincludingportionattributabletononcontrollinginterest": 604800000,
        "comprehensiveincomenetoftaxattributabletononcontrollinginterest": 14500000,
        "comprehensiveincomenetoftax": -655500000,
        "earningspersharebasic": 1.9,
        "earningspersharediluted": 1.85,
        "weightedaveragenumberofsharesoutstandingbasic": 23344000,
        "weightedaveragenumberofdilutedsharesoutstanding": 23344000,
        "commonstockdividendspersharedeclared": 0.47
    },
    {
        "date": "2017-02-27",
        "symbol": "STZ",
        "period": "Q4",
        "incomelossfromcontinuingoperationsincludingportionattributabletononcontrollinginterest": 2027400000,
        "comprehensiveincomenetoftaxincludingportionattributabletononcontrollinginterest": 662800000,
        "comprehensiveincomenetoftaxattributabletononcontrollinginterest": 13900000,
        "comprehensiveincomenetoftax": -1374900000,
        "salesrevenuegoodsnet": -2729300000,
        "excisetaxes": 91900000,
        "salesrevenuenetofexcisetaxes": -1841600000,
        "costofgoodssold": -1300000,
        "grossprofit": -202700000,
        "sellinggeneralandadministrativeexpense": 56700000,
        "operatingincomeloss": -40000000,
        "interestincomeexpensenonoperatingnet": -77000000,
        "incomelossfromcontinuingoperationsbeforeincometaxesextraordinaryitemsnoncontrollinginterest": -1191200000,
        "incometaxexpensebenefit": 17100000,
        "netincomelossattributabletononcontrollinginterest": 9900000,
        "netincomeloss": 49400000,
        "earningspersharebasic": 2.120000000000001,
        "earningspersharediluted": 2.0699999999999994,
        "weightedaveragenumberofsharesoutstandingbasic": -46706000,
        "weightedaveragenumberofdilutedsharesoutstanding": -46706000,
        "commonstockdividendspersharedeclared": 0.3600000000000001
    },
    {
        "date": "2016-11-29",
        "symbol": "STZ",
        "period": "Q3",
        "salesrevenuegoodsnet": -1120800000,
        "excisetaxes": 89900000,
        "salesrevenuenetofexcisetaxes": 845900000,
        "costofgoodssold": -7000000,
        "grossprofit": -13900000,
        "sellinggeneralandadministrativeexpense": 4600000,
        "operatingincomeloss": -35100000,
        "incomelossfromequitymethodinvestments": -200000,
        "interestincomeexpensenonoperatingnet": -77600000,
        "incomelossfromcontinuingoperationsbeforeincometaxesextraordinaryitemsnoncontrollinginterest": -428700000,
        "incometaxexpensebenefit": 100000,
        "incomelossfromcontinuingoperationsincludingportionattributabletononcontrollinginterest": -428800000,
        "netincomelossattributabletononcontrollinginterest": -900000,
        "netincomeloss": 43300000,
        "comprehensiveincomenetoftaxincludingportionattributabletononcontrollinginterest": 240300000,
        "comprehensiveincomenetoftaxattributabletononcontrollinginterest": -12000000,
        "comprehensiveincomenetoftax": -268400000,
        "earningspersharebasic": 1.85,
        "earningspersharediluted": 1.82,
        "weightedaveragenumberofsharesoutstandingbasic": 23353000,
        "weightedaveragenumberofdilutedsharesoutstanding": 23353000,
        "commonstockdividendspersharedeclared": 0.36
    },
    {
        "date": "2016-08-30",
        "symbol": "STZ",
        "period": "Q2",
        "salesrevenuegoodsnet": -1122800000,
        "excisetaxes": 92100000,
        "salesrevenuenetofexcisetaxes": 798700000,
        "costofgoodssold": 2000000,
        "grossprofit": 32400000,
        "sellinggeneralandadministrativeexpense": 7300000,
        "operatingincomeloss": -36200000,
        "incomelossfromequitymethodinvestments": 100000,
        "interestincomeexpensenonoperatingnet": -94100000,
        "incomelossfromcontinuingoperationsbeforeincometaxesextraordinaryitemsnoncontrollinginterest": -366200000,
        "incometaxexpensebenefit": 15600000,
        "incomelossfromcontinuingoperationsincludingportionattributabletononcontrollinginterest": -381800000,
        "netincomelossattributabletononcontrollinginterest": -5700000,
        "netincomeloss": 38200000,
        "comprehensiveincomenetoftaxincludingportionattributabletononcontrollinginterest": 364900000,
        "comprehensiveincomenetoftaxattributabletononcontrollinginterest": -7400000,
        "comprehensiveincomenetoftax": -393800000,
        "earningspersharebasic": 1.64,
        "earningspersharediluted": 1.61,
        "weightedaveragenumberofsharesoutstandingbasic": 23353000,
        "weightedaveragenumberofdilutedsharesoutstanding": 23353000,
        "commonstockdividendspersharedeclared": 0.36
    },
    {
        "date": "2016-05-30",
        "symbol": "STZ",
        "period": "Q1",
        "salesrevenuegoodsnet": 623700000,
        "excisetaxes": 78000000,
        "salesrevenuenetofexcisetaxes": 720800000,
        "costofgoodssold": -11100000,
        "grossprofit": 94300000,
        "sellinggeneralandadministrativeexpense": 7100000,
        "operatingincomeloss": -28600000,
        "incomelossfromequitymethodinvestments": -100000,
        "interestincomeexpensenonoperatingnet": -84600000,
        "incomelossfromcontinuingoperationsbeforeincometaxesextraordinaryitemsnoncontrollinginterest": 282000000,
        "incometaxexpensebenefit": -36300000,
        "incomelossfromcontinuingoperationsincludingportionattributabletononcontrollinginterest": 318300000,
        "netincomelossattributabletononcontrollinginterest": 800000,
        "netincomeloss": 34100000,
        "comprehensiveincomenetoftaxincludingportionattributabletononcontrollinginterest": 313200000,
        "comprehensiveincomenetoftaxattributabletononcontrollinginterest": -1100000,
        "comprehensiveincomenetoftax": 314300000,
        "earningspersharebasic": 1.46,
        "earningspersharediluted": 1.43,
        "weightedaveragenumberofsharesoutstandingbasic": 23353000,
        "weightedaveragenumberofdilutedsharesoutstanding": 23353000,
        "commonstockdividendspersharedeclared": 0.36
    },
    {
        "date": "2016-02-28",
        "symbol": "STZ",
        "period": "Q4",
        "comprehensiveincomenetoftaxincludingportionattributabletononcontrollinginterest": 128700000,
        "comprehensiveincomenetoftaxattributabletononcontrollinginterest": -7100000,
        "comprehensiveincomenetoftax": 135800000,
        "salesrevenuegoodsnet": 631100000,
        "excisetaxes": 81300000,
        "salesrevenuenetofexcisetaxes": -1601100000,
        "costofgoodssold": 19500000,
        "grossprofit": 115600000,
        "sellinggeneralandadministrativeexpense": 4100000,
        "operatingincomeloss": -29600000,
        "interestincomeexpensenonoperatingnet": -83500000,
        "incomelossfromcontinuingoperationsbeforeincometaxesextraordinaryitemsnoncontrollinginterest": 222500000,
        "incometaxexpensebenefit": -20900000,
        "netincomelossattributabletononcontrollinginterest": 1900000,
        "netincomeloss": 26100000,
        "earningspersharebasic": 1.12,
        "earningspersharediluted": 1.1000000000000003,
        "weightedaveragenumberofsharesoutstandingbasic": -3000,
        "weightedaveragenumberofdilutedsharesoutstanding": -3000,
        "commonstockdividendspersharedeclared": 0.28000000000000014
    },
    {
        "date": "2015-11-29",
        "symbol": "STZ",
        "period": "Q3",
        "salesrevenuegoodsnet": 708100000,
        "excisetaxes": 91600000,
        "salesrevenuenetofexcisetaxes": 809200000,
        "costofgoodssold": 25900000,
        "grossprofit": 119600000,
        "sellinggeneralandadministrativeexpense": 2600000,
        "operatingincomeloss": -38500000,
        "incomelossfromequitymethodinvestments": 27300000,
        "interestincomeexpensenonoperatingnet": -75600000,
        "incomelossfromcontinuingoperationsbeforeincometaxesextraordinaryitemsnoncontrollinginterest": 244600000,
        "incometaxexpensebenefit": -25900000,
        "netincomelossattributabletononcontrollinginterest": 500000,
        "netincomeloss": -182900000,
        "comprehensiveincomenetoftaxincludingportionattributabletononcontrollinginterest": 297900000,
        "comprehensiveincomenetoftaxattributabletononcontrollinginterest": 2100000,
        "comprehensiveincomenetoftax": 295800000,
        "earningspersharebasic": 1.2599999999999998,
        "earningspersharediluted": 1.22,
        "weightedaveragenumberofsharesoutstandingbasic": -23374000,
        "weightedaveragenumberofdilutedsharesoutstanding": -23374000,
        "commonstockdividendspersharedeclared": 0.2799999999999999
    },
    {
        "date": "2015-08-30",
        "symbol": "STZ",
        "period": "Q2",
        "salesrevenuegoodsnet": 625000000,
        "excisetaxes": 83500000,
        "salesrevenuenetofexcisetaxes": 713900000,
        "costofgoodssold": 14700000,
        "grossprofit": 103800000,
        "sellinggeneralandadministrativeexpense": 6800000,
        "operatingincomeloss": -30900000,
        "incomelossfromequitymethodinvestments": 200000,
        "interestincomeexpensenonoperatingnet": -77300000,
        "lossonwriteoffoffinancingcosts": 400000,
        "incomelossfromcontinuingoperationsbeforeincometaxesextraordinaryitemsnoncontrollinginterest": 237000000,
        "incometaxexpensebenefit": -65400000,
        "incomelossfromcontinuingoperationsincludingportionattributabletononcontrollinginterest": 302400000,
        "netincomelossattributabletononcontrollinginterest": 1700000,
        "netincomeloss": 33100000,
        "comprehensiveincomenetoftaxincludingportionattributabletononcontrollinginterest": 109800000,
        "comprehensiveincomenetoftaxattributabletononcontrollinginterest": -7200000,
        "comprehensiveincomenetoftax": 117000000,
        "earningspersharebasic": 1.42,
        "earningspersharediluted": 1.38,
        "weightedaveragenumberofsharesoutstandingbasic": 23364000,
        "weightedaveragenumberofdilutedsharesoutstanding": 23364000,
        "commonstockdividendspersharedeclared": 0.28
    },
    {
        "date": "2015-05-30",
        "symbol": "STZ",
        "period": "Q1",
        "salesrevenuegoodsnet": 558600000,
        "excisetaxes": 76200000,
        "salesrevenuenetofexcisetaxes": 665500000,
        "costofgoodssold": 8600000,
        "grossprofit": 91600000,
        "sellinggeneralandadministrativeexpense": 18300000,
        "operatingincomeloss": -26500000,
        "incomelossfromequitymethodinvestments": 1000000,
        "interestincomeexpensenonoperatingnet": -77500000,
        "incomelossfromcontinuingoperationsbeforeincometaxesextraordinaryitemsnoncontrollinginterest": 206000000,
        "incometaxexpensebenefit": -32600000,
        "profitloss": 238600000,
        "netincomelossattributabletononcontrollinginterest": 1600000,
        "netincomeloss": 238600000,
        "comprehensiveincomenetoftaxincludingportionattributabletononcontrollinginterest": 183500000,
        "comprehensiveincomenetoftaxattributabletononcontrollinginterest": -1200000,
        "comprehensiveincomenetoftax": 184700000,
        "earningspersharebasic": 1.12,
        "earningspersharediluted": 1.09,
        "weightedaveragenumberofsharesoutstandingbasic": 23376000,
        "weightedaveragenumberofdilutedsharesoutstanding": 23376000,
        "commonstockdividendspersharedeclared": 0.28
    },
    {
        "date": "2015-02-27",
        "symbol": "STZ",
        "period": "Q4",
        "comprehensiveincomenetoftax": 1298000000,
        "salesrevenuegoodsnet": 604400000,
        "excisetaxes": 120500000,
        "salesrevenuenetofexcisetaxes": -1479500000,
        "costofgoodssold": -2400000,
        "grossprofit": -426100000,
        "sellinggeneralandadministrativeexpense": 1700000,
        "operatingincomeloss": -909700000,
        "incomelossfromequitymethodinvestments": 400000,
        "interestincomeexpensenonoperatingnet": -80300000,
        "incomelossfromcontinuingoperationsbeforeincometaxesextraordinaryitemsnoncontrollinginterest": -15400000,
        "incometaxexpensebenefit": -333800000,
        "netincomeloss": 390000000,
        "earningspersharebasic": 0.7200000000000002,
        "earningspersharediluted": 0.7200000000000004,
        "weightedaveragenumberofsharesoutstandingbasic": -145571000,
        "weightedaveragenumberofdilutedsharesoutstanding": -177446000
    },
    {
        "date": "2014-11-29",
        "symbol": "STZ",
        "period": "Q3",
        "salesrevenuegoodsnet": 393300000,
        "excisetaxes": 169600000,
        "salesrevenuenetofexcisetaxes": 1492700000,
        "costofgoodssold": 31700000,
        "grossprofit": 640200000,
        "sellinggeneralandadministrativeexpense": 8200000,
        "operatingincomeloss": 386300000,
        "incomelossfromequitymethodinvestments": 21200000,
        "interestincomeexpensenonoperatingnet": -86000000,
        "incomelossfromcontinuingoperationsbeforeincometaxesextraordinaryitemsnoncontrollinginterest": 124100000,
        "incometaxexpensebenefit": -126100000,
        "netincomeloss": 344100000,
        "comprehensiveincomenetoftax": -1300600000,
        "earningspersharebasic": 1.26,
        "earningspersharediluted": 1.18,
        "weightedaveragenumberofsharesoutstandingbasic": 122152000,
        "weightedaveragenumberofdilutedsharesoutstanding": -23372000
    },
    {
        "date": "2014-08-30",
        "symbol": "STZ",
        "period": "Q2",
        "salesrevenuegoodsnet": 594700000,
        "excisetaxes": 17500000,
        "salesrevenuenetofexcisetaxes": -3500000,
        "costofgoodssold": 22300000,
        "grossprofit": 99200000,
        "sellinggeneralandadministrativeexpense": 8900000,
        "operatingincomeloss": 271100000,
        "incomelossfromequitymethodinvestments": -600000,
        "interestincomeexpensenonoperatingnet": -85000000,
        "lossonwriteoffoffinancingcosts": 4400000,
        "incomelossfromcontinuingoperationsbeforeincometaxesextraordinaryitemsnoncontrollinginterest": 160200000,
        "incometaxexpensebenefit": 60600000,
        "netincomeloss": -1600000,
        "comprehensiveincomenetoftax": 167200000,
        "earningspersharebasic": 1.03,
        "earningspersharediluted": 0.98,
        "weightedaveragenumberofsharesoutstandingbasic": 23401000,
        "weightedaveragenumberofdilutedsharesoutstanding": 200800000
    },
    {
        "date": "2014-05-30",
        "symbol": "STZ",
        "period": "Q1",
        "salesrevenuegoodsnet": 814000000,
        "excisetaxes": 17200000,
        "salesrevenuenetofexcisetaxes": 658300000,
        "costofgoodssold": 7900000,
        "grossprofit": 89900000,
        "sellinggeneralandadministrativeexpense": 4500000,
        "operatingincomeloss": 143200000,
        "incomelossfromequitymethodinvestments": 500000,
        "interestincomeexpensenonoperatingnet": -86400000,
        "incomelossfromcontinuingoperationsbeforeincometaxesextraordinaryitemsnoncontrollinginterest": 233600000,
        "incometaxexpensebenefit": 62500000,
        "netincomeloss": 106800000,
        "comprehensiveincomenetoftax": 457800000,
        "earningspersharebasic": 0.99,
        "earningspersharediluted": 0.95,
        "weightedaveragenumberofsharesoutstandingbasic": 23415000,
        "weightedaveragenumberofdilutedsharesoutstanding": 23415000
    },
    {
        "date": "2014-02-27",
        "symbol": "STZ",
        "period": "Q4",
        "salesrevenuegoodsnet": 4112800000,
        "excisetaxes": -164100000,
        "salesrevenuenetofexcisetaxes": 215100000,
        "costofgoodssold": 700000,
        "grossprofit": -29300000,
        "sellinggeneralandadministrativeexpense": 7700000,
        "operatingincomeloss": 797500000,
        "incomelossfromequitymethodinvestments": 0,
        "interestincomeexpensenonoperatingnet": -88500000,
        "incomelossfromcontinuingoperationsbeforeincometaxesextraordinaryitemsnoncontrollinginterest": -2275300000,
        "incometaxexpensebenefit": 67500000,
        "netincomeloss": -127200000,
        "earningspersharebasic": 0.8199999999999983,
        "earningspersharediluted": 0.7599999999999998,
        "weightedaveragenumberofsharesoutstandingbasic": -140615000,
        "weightedaveragenumberofdilutedsharesoutstanding": -173419000,
        "comprehensiveincomenetoftax": 4189200000
    },
    {
        "date": "2013-11-29",
        "symbol": "STZ",
        "period": "Q3",
        "salesrevenuegoodsnet": -1827200000,
        "excisetaxes": 175100000,
        "salesrevenuenetofexcisetaxes": -1080500000,
        "costofgoodssold": 2200000,
        "grossprofit": -484500000,
        "sellinggeneralandadministrativeexpense": 8100000,
        "operatingincomeloss": 368500000,
        "incomelossfromequitymethodinvestments": 600000,
        "interestincomeexpensenonoperatingnet": -89600000,
        "incomelossfromcontinuingoperationsbeforeincometaxesextraordinaryitemsnoncontrollinginterest": -1770400000,
        "incometaxexpensebenefit": -17500000,
        "netincomeloss": 398300000,
        "comprehensiveincomenetoftax": -1783900000,
        "earningspersharebasic": 1.190000000000001,
        "earningspersharediluted": 1.08,
        "weightedaveragenumberofsharesoutstandingbasic": 117111000,
        "weightedaveragenumberofdilutedsharesoutstanding": -194765000
    },
    {
        "date": "2013-08-30",
        "symbol": "STZ",
        "period": "Q2",
        "salesrevenuegoodsnet": -405600000,
        "excisetaxes": 61100000,
        "salesrevenuenetofexcisetaxes": 697000000,
        "costofgoodssold": 11600000,
        "grossprofit": 364400000,
        "sellinggeneralandadministrativeexpense": 7400000,
        "goodwillandintangibleassetimpairment": 300900000,
        "businesscombinationstepacquisitionequityinterestinacquireeremeasurementgain": 1642000000,
        "operatingincomeloss": -24200000,
        "incomelossfromequitymethodinvestments": -600000,
        "interestincomeexpensenonoperatingnet": -90300000,
        "incomelossfromcontinuingoperationsbeforeincometaxesextraordinaryitemsnoncontrollinginterest": 1896800000,
        "incometaxexpensebenefit": -39200000,
        "netincomeloss": 1805800000,
        "comprehensiveincomenetoftax": -241700000,
        "earningspersharebasic": 8.18,
        "earningspersharediluted": 7.74,
        "weightedaveragenumberofsharesoutstandingbasic": 23472000,
        "weightedaveragenumberofdilutedsharesoutstanding": 196767000
    },
    {
        "date": "2013-05-30",
        "symbol": "STZ",
        "period": "Q1",
        "salesrevenuegoodsnet": 213900000,
        "excisetaxes": -2000000,
        "salesrevenuenetofexcisetaxes": 597300000,
        "costofgoodssold": 1500000,
        "grossprofit": 74400000,
        "sellinggeneralandadministrativeexpense": 32500000,
        "restructuringcharges": -900000,
        "operatingincomeloss": 127600000,
        "incomelossfromequitymethodinvestments": -100000,
        "interestincomeexpensenonoperatingnet": -54800000,
        "incomelossfromcontinuingoperationsbeforeincometaxesextraordinaryitemsnoncontrollinginterest": -133800000,
        "incometaxexpensebenefit": -30300000,
        "netincomeloss": -133800000,
        "comprehensiveincomenetoftax": 4100000,
        "earningspersharebasic": 0.26,
        "earningspersharediluted": 0.25,
        "weightedaveragenumberofsharesoutstandingbasic": 23499000,
        "weightedaveragenumberofdilutedsharesoutstanding": 194884000
    },
    {
        "date": "2013-02-27",
        "symbol": "STZ",
        "period": "Q4",
        "salesrevenuegoodsnet": 204100000,
        "excisetaxes": 163400000,
        "salesrevenuenetofexcisetaxes": 4856000000,
        "costofgoodssold": 2100000,
        "grossprofit": -243600000,
        "sellinggeneralandadministrativeexpense": 4400000,
        "restructuringcharges": 400000,
        "operatingincomeloss": -6200000,
        "incomelossfromequitymethodinvestments": -14100000,
        "incomelossfromcontinuingoperationsbeforeincometaxesextraordinaryitemsnoncontrollinginterest": -193700000,
        "incometaxexpensebenefit": -39000000,
        "netincomeloss": -193300000,
        "earningspersharebasic": 0.26,
        "earningspersharediluted": 0.25,
        "weightedaveragenumberofsharesoutstandingbasic": -6000,
        "weightedaveragenumberofdilutedsharesoutstanding": -165110000,
        "comprehensiveincomenetoftax": 141800000
    },
    {
        "date": "2012-11-29",
        "symbol": "STZ",
        "period": "Q3",
        "salesrevenuegoodsnet": 223500000,
        "excisetaxes": 17900000,
        "salesrevenuenetofexcisetaxes": -3572400000,
        "costofgoodssold": 3400000,
        "grossprofit": 80800000,
        "sellinggeneralandadministrativeexpense": 10400000,
        "restructuringcharges": 300000,
        "operatingincomeloss": 238800000,
        "incomelossfromequitymethodinvestments": -119100000,
        "interestexpense": -1600000,
        "incomelossfromcontinuingoperationsbeforeincometaxesextraordinaryitemsnoncontrollinginterest": -142200000,
        "incometaxexpensebenefit": -51900000,
        "netincomeloss": -142400000,
        "comprehensiveincomenetoftax": 117100000,
        "earningspersharebasic": 0.6099999999999999,
        "earningspersharediluted": 0.5700000000000001,
        "weightedaveragenumberofsharesoutstandingbasic": -7000,
        "weightedaveragenumberofdilutedsharesoutstanding": 1184000
    },
    {
        "date": "2012-08-30",
        "symbol": "STZ",
        "period": "Q2",
        "salesrevenuegoodsnet": -55100000,
        "excisetaxes": 5200000,
        "salesrevenuenetofexcisetaxes": 2236600000,
        "costofgoodssold": 1500000,
        "grossprofit": 152800000,
        "sellinggeneralandadministrativeexpense": 8300000,
        "restructuringcharges": 200000,
        "operatingincomeloss": -399400000,
        "incomelossfromequitymethodinvestments": 71300000,
        "interestexpense": -1100000,
        "lossonwriteoffoffinancingcosts": 0,
        "incomelossfromcontinuingoperationsbeforeincometaxesextraordinaryitemsnoncontrollinginterest": -310800000,
        "incometaxexpensebenefit": -32500000,
        "netincomeloss": -148400000,
        "comprehensiveincomenetoftax": 221900000,
        "earningspersharebasic": 0.7300000000000001,
        "earningspersharediluted": 0.7000000000000001,
        "weightedaveragenumberofsharesoutstandingbasic": -138714000,
        "weightedaveragenumberofdilutedsharesoutstanding": -2803000
    },
    {
        "date": "2012-05-30",
        "symbol": "STZ",
        "period": "Q1",
        "salesrevenuegoodsnet": 455300000,
        "excisetaxes": 26500000,
        "salesrevenuenetofexcisetaxes": -724100000,
        "costofgoodssold": 800000,
        "grossprofit": -3600000,
        "sellinggeneralandadministrativeexpense": 2200000,
        "restructuringcharges": 500000,
        "operatingincomeloss": 133000000,
        "incomelossfromequitymethodinvestments": 60900000,
        "interestexpense": -900000,
        "lossonwriteoffoffinancingcosts": 2800000,
        "incomelossfromcontinuingoperationsbeforeincometaxesextraordinaryitemsnoncontrollinginterest": 25000000,
        "incometaxexpensebenefit": -27300000,
        "netincomeloss": -137700000,
        "comprehensiveincomenetoftax": -41300000,
        "earningspersharebasic": 0.36,
        "earningspersharediluted": 0.35,
        "weightedaveragenumberofsharesoutstandingbasic": 162259000,
        "weightedaveragenumberofdilutedsharesoutstanding": 190261000
    },
    {
        "date": "2011-11-29",
        "symbol": "STZ",
        "period": "Q3",
        "salesrevenuegoodsnet": 513600000,
        "excisetaxes": 59000000,
        "salesrevenuenetofexcisetaxes": 454600000,
        "costofgoodssold": 374700000,
        "grossprofit": 79900000,
        "sellinggeneralandadministrativeexpense": 73000000,
        "restructuringcharges": 1400000,
        "operatingincomeloss": 8100000,
        "incomelossfromequitymethodinvestments": 248900000,
        "interestexpense": 69700000,
        "incomelossfromcontinuingoperationsbeforeincometaxesextraordinaryitemsnoncontrollinginterest": 187300000,
        "incometaxexpensebenefit": 82500000,
        "netincomeloss": 104800000,
        "earningspersharebasic": 0.48,
        "earningspersharediluted": 0.47,
        "weightedaveragenumberofsharesoutstandingbasic": 23585000,
        "weightedaveragenumberofdilutedsharesoutstanding": 23585000
    },
    {
        "date": "2011-08-30",
        "symbol": "STZ",
        "period": "Q2",
        "salesrevenuegoodsnet": 188200000,
        "excisetaxes": 31400000,
        "salesrevenuenetofexcisetaxes": 690200000,
        "costofgoodssold": 103700000,
        "grossprofit": -24600000,
        "sellinggeneralandadministrativeexpense": 59500000,
        "restructuringcharges": -100000,
        "operatingincomeloss": 125600000,
        "incomelossfromequitymethodinvestments": 1300000,
        "interestexpense": -16800000,
        "incomelossfromcontinuingoperationsbeforeincometaxesextraordinaryitemsnoncontrollinginterest": 190400000,
        "incometaxexpensebenefit": 69500000,
        "netincomeloss": -151600000,
        "earningspersharebasic": 0.71,
        "earningspersharediluted": 0.76,
        "weightedaveragenumberofsharesoutstandingbasic": 23593000,
        "weightedaveragenumberofdilutedsharesoutstanding": 23593000
    },
    {
        "date": "2010-11-29",
        "symbol": "STZ",
        "period": "Q3",
        "salesrevenuegoodsnet": 1191400000,
        "excisetaxes": 225000000,
        "salesrevenuenetofexcisetaxes": 966400000,
        "costofgoodssold": 614500000,
        "grossprofit": 351900000,
        "sellinggeneralandadministrativeexpense": 176100000,
        "impairmentofintangibleassetsindefinitelivedexcludinggoodwill": 6900000,
        "restructuringcharges": -1200000,
        "operatingincomeloss": 170100000,
        "incomelossfromequitymethodinvestments": 71400000,
        "interestexpense": 49100000,
        "incomelossfromcontinuingoperationsbeforeincometaxes": 192400000,
        "incometaxexpensebenefit": 53100000,
        "netincomeloss": 139300000,
        "earningspersharebasic": 0.61,
        "earningspersharediluted": 0.6,
        "weightedaveragenumberofsharesoutstandingbasic": 186272000,
        "weightedaveragenumberofdilutedsharesoutstanding": 213110000
    },
    {
        "date": "2010-08-30",
        "symbol": "STZ",
        "period": "Q2",
        "salesrevenuegoodsnet": 1056900000,
        "excisetaxes": 194100000,
        "salesrevenuenetofexcisetaxes": 862800000,
        "costofgoodssold": 548600000,
        "grossprofit": 314200000,
        "sellinggeneralandadministrativeexpense": 167300000,
        "restructuringcharges": 13700000,
        "operatingincomeloss": 133200000,
        "incomelossfromequitymethodinvestments": 66400000,
        "interestexpense": 50300000,
        "incomelossfromcontinuingoperationsbeforeincometaxes": 149300000,
        "incometaxexpensebenefit": 58000000,
        "netincomeloss": 91300000,
        "earningspersharebasic": 0.4,
        "earningspersharediluted": 0.4,
        "weightedaveragenumberofsharesoutstandingbasic": 185455000,
        "weightedaveragenumberofdilutedsharesoutstanding": 211149000
    }
]