[
    {
        "date": "2024-09-29",
        "symbol": "STLD",
        "period": "Q3",
        "revenuefromcontractwithcustomerexcludingassessedtax": 4341615000,
        "costofgoodsandservicessold": 3736398000,
        "grossprofit": 605217000,
        "sellinggeneralandadministrativeexpense": 22700000,
        "otherlaborrelatedexpenses": 34400000,
        "amortizationofintangibleassets": 7644000,
        "operatingincomeloss": -60200000,
        "interestexpensenonoperating": 17071000,
        "othernonoperatingincomeexpense": 29659000,
        "incomelossfromcontinuingoperationsbeforeincometaxesextraordinaryitemsnoncontrollinginterest": 408025000,
        "incometaxexpensebenefit": 87131000,
        "profitloss": 320894000,
        "netincomelossattributabletononcontrollinginterest": 3092000,
        "netincomeloss": 317802000,
        "earningspersharebasic": 2.06,
        "weightedaveragenumberofsharesoutstandingbasic": 154061000,
        "earningspersharediluted": 2.05,
        "weightedaveragenumberofdilutedsharesoutstanding": 154810000,
        "commonstockdividendspersharedeclared": 0.46,
        "othercomprehensiveincomelosscashflowhedgegainlossbeforereclassificationaftertax": 983000,
        "comprehensiveincomenetoftaxincludingportionattributabletononcontrollinginterest": 321877000,
        "comprehensiveincomenetoftaxattributabletononcontrollinginterest": 3092000,
        "comprehensiveincomenetoftax": 318785000,
        "othercomprehensiveincomelosscashflowhedgegainlossbeforereclassificationtax": 314000
    },
    {
        "date": "2024-03-30",
        "symbol": "STLD",
        "period": "Q1",
        "revenuefromcontractwithcustomerexcludingassessedtax": 4496819000,
        "costofgoodsandservicessold": 3713205000,
        "grossprofit": 980798000,
        "sellinggeneralandadministrativeexpense": 159507000,
        "otherlaborrelatedexpenses": 62652000,
        "amortizationofintangibleassets": 7664000,
        "operatingincomeloss": 750975000,
        "interestexpense": 11978000,
        "othernonoperatingincomeexpense": 26784000,
        "incomelossfromcontinuingoperationsbeforeincometaxesextraordinaryitemsnoncontrollinginterest": 765781000,
        "incometaxexpensebenefit": 178281000,
        "profitloss": 587500000,
        "netincomelossattributabletononcontrollinginterest": 3459000,
        "netincomeloss": 584041000,
        "earningspersharebasic": 3.68,
        "weightedaveragenumberofsharesoutstandingbasic": 158666000,
        "earningspersharediluted": 3.67,
        "weightedaveragenumberofdilutedsharesoutstanding": 159354000,
        "commonstockdividendspersharedeclared": 0.46,
        "othercomprehensiveincomelosscashflowhedgegainlossbeforereclassificationaftertax": -434000,
        "comprehensiveincomenetoftaxincludingportionattributabletononcontrollinginterest": 587066000,
        "comprehensiveincomenetoftaxattributabletononcontrollinginterest": 3459000,
        "comprehensiveincomenetoftax": 583607000,
        "othercomprehensiveincomelosscashflowhedgegainlossbeforereclassificationtax": -139000
    },
    {
        "date": "2014-03-30",
        "symbol": "STLD",
        "period": "Q1",
        "salesrevenuegoodsnet": 1765881000,
        "revenuefromrelatedparties": 64201000,
        "salesrevenuenet": 1830082000,
        "costofgoodssold": 1666778000,
        "grossprofit": 163304000,
        "othersellinggeneralandadministrativeexpense": 70042000,
        "otherlaborrelatedexpenses": 5395000,
        "amortizationofintangibleassets": 6935000,
        "sellinggeneralandadministrativeexpense": 82372000,
        "operatingincomeloss": -13794000,
        "interestexpense": 30569000,
        "othernonoperatingincomeexpense": 631000,
        "incomelossfromcontinuingoperationsbeforeincometaxesextraordinaryitemsnoncontrollinginterest": -13795000,
        "incometaxexpensebenefit": 17296000,
        "profitloss": -9528000,
        "netincomelossattributabletononcontrollinginterest": -4881000,
        "netincomelossavailabletocommonstockholdersbasic": -3083000,
        "earningspersharebasic": 0.17,
        "weightedaveragenumberofsharesoutstandingbasic": 223011000,
        "earningspersharediluted": 0.17,
        "weightedaveragenumberofdilutedsharesoutstanding": 241394000,
        "commonstockdividendspersharedeclared": 0.115
    },
    {
        "date": "2013-12-30",
        "symbol": "STLD",
        "period": "Q4",
        "salesrevenuegoodsnet": 1784816000,
        "revenuefromrelatedparties": -156741000,
        "salesrevenuenet": -10169328000,
        "costofgoodssold": -2006035000,
        "grossprofit": -608460000,
        "othersellinggeneralandadministrativeexpense": 74606000,
        "otherlaborrelatedexpenses": 3209000,
        "amortizationofintangibleassets": 7695000,
        "operatingincomeloss": 415505000,
        "interestexpense": -101835000,
        "othernonoperatingincomeexpense": 3214000,
        "incomelossfromcontinuingoperationsbeforeincometaxesextraordinaryitemsnoncontrollinginterest": -21496000,
        "incometaxexpensebenefit": -6498000,
        "profitloss": -10193000,
        "netincomelossattributabletononcontrollinginterest": -6754000,
        "netincomelossavailabletocommonstockholdersbasic": 193002000,
        "earningspersharebasic": 0.24999999999999997,
        "weightedaveragenumberofsharesoutstandingbasic": 452000,
        "earningspersharediluted": -0.7699999999999999,
        "weightedaveragenumberofdilutedsharesoutstanding": 499000,
        "commonstockdividendspersharedeclared": 0.10999999999999997
    },
    {
        "date": "2013-09-29",
        "symbol": "STLD",
        "period": "Q3",
        "salesrevenuegoodsnet": 1838464000,
        "revenuefromrelatedparties": 73274000,
        "salesrevenuenet": 7744153000,
        "costofgoodssold": 1714546000,
        "grossprofit": 551149000,
        "othersellinggeneralandadministrativeexpense": 67553000,
        "otherlaborrelatedexpenses": 8469000,
        "amortizationofintangibleassets": 7897000,
        "operatingexpenses": 251088000,
        "operatingincomeloss": -28022000,
        "interestexpense": 30970000,
        "othernonoperatingincomeexpense": 1852000,
        "incomelossfromcontinuingoperationsbeforeincometaxesextraordinaryitemsnoncontrollinginterest": -28024000,
        "incometaxexpensebenefit": 33065000,
        "profitloss": -85093000,
        "netincomelossattributabletononcontrollinginterest": -6396000,
        "netincomelossavailabletocommonstockholdersbasic": -5684000,
        "earningspersharebasic": 0.26,
        "weightedaveragenumberofsharesoutstandingbasic": -220002000,
        "earningspersharediluted": 0.24999999999999997,
        "weightedaveragenumberofdilutedsharesoutstanding": -221326000,
        "commonstockdividendspersharedeclared": 0.11000000000000003
    },
    {
        "date": "2013-06-29",
        "symbol": "STLD",
        "period": "Q2",
        "salesrevenuegoodsnet": 1735420000,
        "revenuefromrelatedparties": 65920000,
        "salesrevenuenet": -1122017000,
        "costofgoodssold": 1653648000,
        "grossprofit": -13593000,
        "othersellinggeneralandadministrativeexpense": 65356000,
        "otherlaborrelatedexpenses": 4779000,
        "amortizationofintangibleassets": 8051000,
        "assetimpairmentcharges": 308000,
        "operatingexpenses": -3859000,
        "operatingincomeloss": -9734000,
        "interestexpense": 31465000,
        "othernonoperatingincomeexpense": 1246000,
        "incomelossfromcontinuingoperationsbeforeincometaxesextraordinaryitemsnoncontrollinginterest": -9733000,
        "incometaxexpensebenefit": 15706000,
        "profitloss": -6222000,
        "netincomelossattributabletononcontrollinginterest": -5685000,
        "netincomelossavailabletocommonstockholdersbasic": -1288000,
        "earningspersharebasic": 0.13,
        "weightedaveragenumberofsharesoutstandingbasic": 220471000,
        "earningspersharediluted": 0.13,
        "weightedaveragenumberofdilutedsharesoutstanding": 221736000,
        "commonstockdividendspersharedeclared": 0.11
    },
    {
        "date": "2013-03-30",
        "symbol": "STLD",
        "period": "Q1",
        "salesrevenuegoodsnet": 1728401000,
        "revenuefromrelatedparties": 67295000,
        "salesrevenuenet": -1113362000,
        "costofgoodssold": 1619432000,
        "grossprofit": -16408000,
        "othersellinggeneralandadministrativeexpense": 65262000,
        "otherlaborrelatedexpenses": 6643000,
        "amortizationofintangibleassets": 8127000,
        "operatingexpenses": -4784000,
        "operatingincomeloss": -11624000,
        "interestexpense": 34629000,
        "othernonoperatingincomeexpense": 1046000,
        "incomelossfromcontinuingoperationsbeforeincometaxesextraordinaryitemsnoncontrollinginterest": -11624000,
        "incometaxexpensebenefit": 21397000,
        "profitloss": 59508000,
        "netincomelossattributabletononcontrollinginterest": -6963000,
        "netincomelossavailabletocommonstockholdersbasic": 3284000,
        "earningspersharebasic": 0.22,
        "weightedaveragenumberofsharesoutstandingbasic": 219995000,
        "earningspersharediluted": 0.21,
        "weightedaveragenumberofdilutedsharesoutstanding": 238087000,
        "commonstockdividendspersharedeclared": 0.11
    },
    {
        "date": "2012-12-30",
        "symbol": "STLD",
        "period": "Q4",
        "salesrevenuegoodsnet": 1647664000,
        "revenuefromrelatedparties": 57337000,
        "salesrevenuenet": -1063157000,
        "costofgoodssold": 2376819000,
        "grossprofit": -237342000,
        "othersellinggeneralandadministrativeexpense": 69340000,
        "otherlaborrelatedexpenses": 6750000,
        "amortizationofintangibleassets": 8722000,
        "operatingincomeloss": -11596000,
        "interestexpense": 34877000,
        "othernonoperatingincomeexpense": 3852000,
        "incomelossfromcontinuingoperationsbeforeincometaxesextraordinaryitemsnoncontrollinginterest": -11597000,
        "incometaxexpensebenefit": -69059000,
        "profitloss": 164045000,
        "netincomelossattributabletononcontrollinginterest": -5477000,
        "netincomelossavailabletocommonstockholdersbasic": -66796000,
        "earningspersharebasic": 0.2799999999999999,
        "weightedaveragenumberofsharesoutstandingbasic": -438132000,
        "earningspersharediluted": 0.2699999999999999,
        "weightedaveragenumberofdilutedsharesoutstanding": -456154000,
        "commonstockdividendspersharedeclared": 0.10000000000000003
    },
    {
        "date": "2012-09-29",
        "symbol": "STLD",
        "period": "Q3",
        "salesrevenuegoodsnet": 1624561000,
        "revenuefromrelatedparties": 68829000,
        "salesrevenuenet": -1058719000,
        "costofgoodssold": 685074000,
        "grossprofit": -17667000,
        "othersellinggeneralandadministrativeexpense": 62984000,
        "otherlaborrelatedexpenses": 3954000,
        "amortizationofintangibleassets": 8848000,
        "assetimpairmentcharges": 7900000,
        "operatingexpenses": -3302000,
        "operatingincomeloss": -14365000,
        "interestexpense": 41490000,
        "othernonoperatingincomeexpense": -24010000,
        "incomelossfromcontinuingoperationsbeforeincometaxesextraordinaryitemsnoncontrollinginterest": -14363000,
        "incometaxexpensebenefit": 1116000,
        "profitloss": -9509000,
        "netincomelossattributabletononcontrollinginterest": -6728000,
        "netincomelossavailabletocommonstockholdersbasic": 10098000,
        "earningspersharebasic": 0.06,
        "weightedaveragenumberofsharesoutstandingbasic": 219191000,
        "earningspersharediluted": 0.06,
        "weightedaveragenumberofdilutedsharesoutstanding": 220044000,
        "commonstockdividendspersharedeclared": 0.1
    },
    {
        "date": "2012-06-29",
        "symbol": "STLD",
        "period": "Q2",
        "salesrevenuegoodsnet": 1830117000,
        "revenuefromrelatedparties": 79686000,
        "salesrevenuenet": -1234246000,
        "costofgoodssold": 1727667000,
        "grossprofit": -17105000,
        "othersellinggeneralandadministrativeexpense": 61235000,
        "otherlaborrelatedexpenses": 8211000,
        "amortizationofintangibleassets": 8991000,
        "operatingexpenses": 78437000,
        "operatingincomeloss": -13455000,
        "interestexpense": 41106000,
        "othernonoperatingincomeexpense": 1892000,
        "incomelossfromcontinuingoperationsbeforeincometaxesextraordinaryitemsnoncontrollinginterest": -13457000,
        "incometaxexpensebenefit": 25180000,
        "profitloss": -8357000,
        "netincomelossattributabletononcontrollinginterest": -5167000,
        "netincomelossavailabletocommonstockholdersbasic": 1445000,
        "earningspersharebasic": 0.2,
        "weightedaveragenumberofsharesoutstandingbasic": 219104000,
        "earningspersharediluted": 0.2,
        "weightedaveragenumberofdilutedsharesoutstanding": 236208000,
        "commonstockdividendspersharedeclared": 0.1
    },
    {
        "date": "2012-03-30",
        "symbol": "STLD",
        "period": "Q1",
        "salesrevenuegoodsnet": 1905075000,
        "revenuefromrelatedparties": 76965000,
        "salesrevenuenet": -1286144000,
        "costofgoodssold": 1780776000,
        "grossprofit": 201264000,
        "othersellinggeneralandadministrativeexpense": 64384000,
        "otherlaborrelatedexpenses": 8072000,
        "amortizationofintangibleassets": 8992000,
        "operatingexpenses": 81448000,
        "operatingincomeloss": -15429000,
        "interestexpense": 41112000,
        "othernonoperatingincomeexpense": -10248000,
        "incomelossfromcontinuingoperationsbeforeincometaxesextraordinaryitemsnoncontrollinginterest": -15428000,
        "incometaxexpensebenefit": 26679000,
        "profitloss": -3898000,
        "netincomelossattributabletononcontrollinginterest": -3898000,
        "netincomelossavailabletocommonstockholdersbasic": 45675000,
        "earningspersharebasic": 0.21,
        "weightedaveragenumberofsharesoutstandingbasic": 218996000,
        "earningspersharediluted": 0.2,
        "weightedaveragenumberofdilutedsharesoutstanding": 236526000,
        "commonstockdividendspersharedeclared": 0.1
    },
    {
        "date": "2011-09-29",
        "symbol": "STLD",
        "period": "Q3",
        "salesrevenuegoodsnet": 1976296000,
        "revenuefromrelatedparties": 67159000,
        "salesrevenuenet": 2043455000,
        "costofgoodssold": 1844212000,
        "grossprofit": 199243000,
        "othersellinggeneralandadministrativeexpense": 72876000,
        "otherlaborrelatedexpenses": 7428000,
        "amortizationofintangibleassets": 10154000,
        "operatingexpenses": 90458000,
        "operatingincomeloss": 108785000,
        "interestexpense": 44702000,
        "othernonoperatingincomeexpense": 3523000,
        "incomelossfromcontinuingoperationsbeforeincometaxesextraordinaryitemsnoncontrollinginterest": 67606000,
        "incometaxexpensebenefit": 27749000,
        "profitloss": 39857000,
        "netincomelossattributabletononcontrollinginterest": -3447000,
        "netincomelossavailabletocommonstockholdersbasic": 43304000,
        "earningspersharebasic": 0.2,
        "weightedaveragenumberofsharesoutstandingbasic": 218674000,
        "earningspersharediluted": 0.19,
        "weightedaveragenumberofdilutedsharesoutstanding": 235759000,
        "commonstockdividendspersharedeclared": 0.1
    },
    {
        "date": "2011-06-29",
        "symbol": "STLD",
        "period": "Q2",
        "salesrevenuegoodsnet": 2004283000,
        "revenuefromrelatedparties": 75448000,
        "salesrevenuenet": -1268657000,
        "costofgoodssold": 1803345000,
        "grossprofit": -2577000,
        "othersellinggeneralandadministrativeexpense": 63631000,
        "otherlaborrelatedexpenses": 14454000,
        "amortizationofintangibleassets": 10082000,
        "operatingexpenses": -3403000,
        "operatingincomeloss": -8781000,
        "interestexpense": 44812000,
        "othernonoperatingincomeexpense": -2016000,
        "incomelossfromcontinuingoperationsbeforeincometaxesextraordinaryitemsnoncontrollinginterest": 149152000,
        "incometaxexpensebenefit": 53326000,
        "profitloss": -18550000,
        "netincomelossattributabletononcontrollinginterest": -2884000,
        "netincomeloss": -7029000,
        "earningspersharebasic": 0.45,
        "weightedaveragenumberofsharesoutstandingbasic": 218500000,
        "earningspersharediluted": 0.43,
        "weightedaveragenumberofdilutedsharesoutstanding": 236266000,
        "commonstockdividendspersharedeclared": 0.1
    },
    {
        "date": "2011-03-30",
        "symbol": "STLD",
        "period": "Q1",
        "salesrevenuegoodsnet": 1941664000,
        "revenuefromrelatedparties": 74305000,
        "salesrevenuenet": 2015969000,
        "costofgoodssold": 1720215000,
        "grossprofit": 295754000,
        "othersellinggeneralandadministrativeexpense": 65141000,
        "otherlaborrelatedexpenses": 15203000,
        "amortizationofintangibleassets": 10084000,
        "operatingexpenses": 90428000,
        "operatingincomeloss": 205326000,
        "interestexpense": 43346000,
        "othernonoperatingincomeexpense": 4567000,
        "incomelossfromcontinuingoperationsbeforeincometaxesminorityinterestandincomelossfromequitymethodinvestments": 166547000,
        "incometaxexpensebenefit": 62317000,
        "profitloss": 104230000,
        "netincomelossattributabletononcontrollinginterest": -1673000,
        "netincomeloss": 105903000,
        "earningspersharebasic": 0.49,
        "weightedaveragenumberofsharesoutstandingbasic": 217992000,
        "earningspersharediluted": 0.46,
        "weightedaveragenumberofdilutedsharesoutstanding": 236224000,
        "commonstockdividendspersharedeclared": 0.1
    },
    {
        "date": "2010-09-29",
        "symbol": "STLD",
        "period": "Q3",
        "salesrevenuegoodsnet": 1520346000,
        "revenuefromrelatedparties": 63818000,
        "salesrevenuenet": 1584164000,
        "costofgoodssold": 1444632000,
        "grossprofit": 139532000,
        "othersellinggeneralandadministrativeexpense": 54679000,
        "otherlaborrelatedexpenses": 4562000,
        "amortizationofintangibleassets": 11291000,
        "operatingexpenses": 70532000,
        "operatingincomeloss": 69000000,
        "interestexpense": 44286000,
        "othernonoperatingincomeexpense": 6215000,
        "incomelossfromcontinuingoperationsbeforeincometaxesminorityinterestandincomelossfromequitymethodinvestments": 30929000,
        "incometaxexpensebenefit": 15574000,
        "profitloss": 15355000,
        "netincomelossattributabletononcontrollinginterest": -3386000,
        "netincomeloss": 18741000,
        "earningspersharebasic": 0.09,
        "weightedaveragenumberofsharesoutstandingbasic": 216881000,
        "earningspersharediluted": 0.09,
        "weightedaveragenumberofdilutedsharesoutstanding": 234543000,
        "commonstockdividendspersharedeclared": 0.075
    },
    {
        "date": "2010-06-29",
        "symbol": "STLD",
        "period": "Q2",
        "salesrevenuegoodsnet": 1570093000,
        "revenuefromrelatedparties": 62706000,
        "salesrevenuenet": 1632799000,
        "costofgoodssold": 1440815000,
        "grossprofit": 191984000,
        "othersellinggeneralandadministrativeexpense": 55957000,
        "otherlaborrelatedexpenses": 7827000,
        "amortizationofintangibleassets": 11565000,
        "operatingexpenses": 75349000,
        "operatingincomeloss": 116635000,
        "interestexpense": 43448000,
        "othernonoperatingincomeexpense": 3521000,
        "incomelossfromcontinuingoperationsbeforeincometaxesminorityinterestandincomelossfromequitymethodinvestments": 76708000,
        "incometaxexpensebenefit": 29911000,
        "profitloss": 46797000,
        "netincomelossattributabletononcontrollinginterest": -2410000,
        "netincomeloss": 49207000,
        "earningspersharebasic": 0.23,
        "weightedaveragenumberofsharesoutstandingbasic": 216635000,
        "earningspersharediluted": 0.22,
        "weightedaveragenumberofdilutedsharesoutstanding": 234600000,
        "commonstockdividendspersharedeclared": 0.075
    },
    {
        "date": "2009-09-29",
        "symbol": "STLD",
        "period": "Q3",
        "salesrevenuegoodsnet": 1129024000,
        "revenuefromrelatedparties": 43172000,
        "salesrevenuenet": 1172196000,
        "costofgoodssold": 955503000,
        "grossprofit": 216693000,
        "othersellinggeneralandadministrativeexpense": 56133000,
        "otherlaborrelatedexpenses": 451000,
        "amortizationofintangibleassets": 11661000,
        "sellinggeneralandadministrativeexpense": 68245000,
        "operatingincomeloss": 148448000,
        "interestexpense": 34520000,
        "othernonoperatingincomeexpense": 2167000,
        "incomelossfromcontinuingoperationsbeforeincometaxesminorityinterestandincomelossfromequitymethodinvestments": 116095000,
        "incometaxexpensebenefit": 47365000,
        "profitloss": 68730000,
        "netincomelossattributabletononcontrollinginterest": -288000,
        "netincomeloss": 69018000,
        "earningspersharebasic": 0.32,
        "weightedaveragenumberofsharesoutstandingbasic": 215218000,
        "earningspersharediluted": 0.3,
        "weightedaveragenumberofdilutedsharesoutstanding": 234080000,
        "commonstockdividendspersharedeclared": 0.075
    }
]