[
    {
        "date": "2024-09-29",
        "symbol": "HES",
        "period": "Q3",
        "revenues": 3191000000,
        "gainlossonsaleofoilandgasproperty": 1000000,
        "othernonoperatingincomeexpense": 5000000,
        "revenuesandothernonoperatingincome": 3197000000,
        "marketingincludingpurchasedoilandgas": 713000000,
        "operatingcostsandexpenses": 527000000,
        "productiontaxexpense": 61000000,
        "explorationexpense": 44000000,
        "generalandadministrativeexpense": 118000000,
        "interestexpense": 100000000,
        "depreciationdepletionandamortization": 638000000,
        "impairmentofoilandgasproperties": 132000000,
        "costsandexpenses": 2333000000,
        "incomelossfromcontinuingoperationsbeforeincometaxesextraordinaryitemsnoncontrollinginterest": 864000000,
        "incometaxexpensebenefit": 270000000,
        "profitloss": 594000000,
        "netincomelossattributabletononcontrollinginterest": 96000000,
        "netincomeloss": 498000000,
        "earningspersharebasic": 1.62,
        "earningspersharediluted": 1.62,
        "weightedaveragenumberofsharesoutstandingbasic": 306900000,
        "weightedaveragenumberofdilutedsharesoutstanding": 308300000,
        "commonstockdividendspersharedeclared": 0.5,
        "othercomprehensiveincomelosspensionandotherpostretirementbenefitplansnetunamortizedgainlossarisingduringperiodbeforetax": -42000000,
        "othercomprehensiveincomedefinedbenefitplansnetunamortizedgainlossarisingduringperiodtax": -10000000,
        "othercomprehensiveincomedefinedbenefitplansnetunamortizedgainlossarisingduringperiodnetoftax": -32000000,
        "othercomprehensiveincomelossreclassificationadjustmentfromaocipensionandotherpostretirementbenefitplansfornetgainlossbeforetax": -2000000,
        "othercomprehensiveincomelossreclassificationadjustmentfromaocipensionandotherpostretirementbenefitplansfornetgainlosstax": -1000000,
        "othercomprehensiveincomelossreclassificationadjustmentfromaocipensionandotherpostretirementbenefitplansfornetgainlossnetoftax": -1000000,
        "othercomprehensiveincomelosspensionandotherpostretirementbenefitplansadjustmentnetoftax": 31000000,
        "othercomprehensiveincomelossnetoftax": -31000000,
        "comprehensiveincomenetoftaxincludingportionattributabletononcontrollinginterest": 563000000,
        "comprehensiveincomenetoftaxattributabletononcontrollinginterest": 96000000,
        "comprehensiveincomenetoftax": 467000000
    },
    {
        "date": "2024-03-30",
        "symbol": "HES",
        "period": "Q1",
        "revenues": 3309000000,
        "othernonoperatingincomeexpense": 32000000,
        "revenuesandothernonoperatingincome": 3341000000,
        "marketingincludingpurchasedoilandgas": 622000000,
        "operatingcostsandexpenses": 412000000,
        "productiontaxexpense": 56000000,
        "explorationexpense": 42000000,
        "generalandadministrativeexpense": 124000000,
        "interestexpense": 113000000,
        "depreciationdepletionandamortization": 557000000,
        "costsandexpenses": 1926000000,
        "incomelossfromcontinuingoperationsbeforeincometaxesextraordinaryitemsnoncontrollinginterest": 1415000000,
        "incometaxexpensebenefit": 348000000,
        "profitloss": 1067000000,
        "netincomelossattributabletononcontrollinginterest": 95000000,
        "netincomeloss": 972000000,
        "earningspersharebasic": 3.17,
        "earningspersharediluted": 3.16,
        "weightedaveragenumberofsharesoutstandingbasic": 306400000,
        "weightedaveragenumberofdilutedsharesoutstanding": 307900000,
        "commonstockdividendspersharedeclared": 0.4375,
        "comprehensiveincomenetoftaxincludingportionattributabletononcontrollinginterest": 1067000000,
        "comprehensiveincomenetoftaxattributabletononcontrollinginterest": 95000000,
        "comprehensiveincomenetoftax": 972000000
    },
    {
        "date": "2023-12-30",
        "symbol": "HES",
        "period": "Q4",
        "revenues": 3011000000,
        "othernonoperatingincomeexpense": 24000000,
        "revenuesandothernonoperatingincome": 3035000000,
        "marketingincludingpurchasedoilandgas": 886000000,
        "operatingcostsandexpenses": 473000000,
        "productiontaxexpense": 61000000,
        "explorationexpense": 87000000,
        "generalandadministrativeexpense": 168000000,
        "interestexpense": 116000000,
        "depreciationdepletionandamortization": 559000000,
        "costsandexpenses": 2350000000,
        "incomelossfromcontinuingoperationsbeforeincometaxesextraordinaryitemsnoncontrollinginterest": 685000000,
        "incometaxexpensebenefit": 182000000,
        "profitloss": 503000000,
        "netincomeloss": 413000000,
        "earningspersharebasic": 1.3499999999999996,
        "earningspersharediluted": 1.3400000000000003,
        "weightedaveragenumberofsharesoutstandingbasic": 305900000,
        "weightedaveragenumberofdilutedsharesoutstanding": 307600000,
        "commonstockdividendspersharedeclared": 0.4375,
        "othercomprehensiveincomelosscashflowhedgegainlossreclassificationbeforetax": -52000000,
        "othercomprehensiveincomelosscashflowhedgegainlossreclassificationaftertax": -52000000,
        "othercomprehensiveincomelosscashflowhedgegainlossbeforereclassificationandtax": -3000000,
        "othercomprehensiveincomelosscashflowhedgegainlossbeforereclassificationaftertax": -3000000,
        "othercomprehensiveincomelossnetoftax": 58000000,
        "comprehensiveincomenetoftaxincludingportionattributabletononcontrollinginterest": 561000000,
        "comprehensiveincomenetoftaxattributabletononcontrollinginterest": 90000000,
        "comprehensiveincomenetoftax": 471000000
    },
    {
        "date": "2023-09-29",
        "symbol": "HES",
        "period": "Q3",
        "revenues": 4908000000,
        "othernonoperatingincomeexpense": 35000000,
        "revenuesandothernonoperatingincome": 2837000000,
        "marketingincludingpurchasedoilandgas": 696000000,
        "operatingcostsandexpenses": 467000000,
        "productiontaxexpense": 61000000,
        "explorationexpense": 65000000,
        "generalandadministrativeexpense": 115000000,
        "interestexpense": 117000000,
        "depreciationdepletionandamortization": 989000000,
        "costsandexpenses": 2020000000,
        "incomelossfromcontinuingoperationsbeforeincometaxesextraordinaryitemsnoncontrollinginterest": 817000000,
        "incometaxexpensebenefit": 385000000,
        "profitloss": 948000000,
        "netincomelossattributabletononcontrollinginterest": 98000000,
        "netincomeloss": 970000000,
        "earningspersharebasic": 1.65,
        "earningspersharediluted": 1.63,
        "weightedaveragenumberofsharesoutstandingbasic": -305600000,
        "weightedaveragenumberofdilutedsharesoutstanding": -307300000,
        "commonstockdividendspersharedeclared": 0.4375,
        "othercomprehensiveincomelosscashflowhedgegainlossreclassificationbeforetax": -52000000,
        "othercomprehensiveincomelosscashflowhedgegainlossreclassificationaftertax": -52000000,
        "othercomprehensiveincomelosscashflowhedgegainlossbeforereclassificationandtax": -97000000,
        "othercomprehensiveincomelosscashflowhedgegainlossbeforereclassificationaftertax": -97000000,
        "othercomprehensiveincomelosscashflowhedgegainlossafterreclassificationandtaxparent": -45000000,
        "othercomprehensiveincomelossnetoftax": -45000000,
        "comprehensiveincomenetoftaxincludingportionattributabletononcontrollinginterest": 557000000,
        "comprehensiveincomenetoftaxattributabletononcontrollinginterest": 98000000,
        "comprehensiveincomenetoftax": 459000000
    },
    {
        "date": "2023-06-29",
        "symbol": "HES",
        "period": "Q2",
        "revenues": 2289000000,
        "othernonoperatingincomeexpense": 31000000,
        "revenuesandothernonoperatingincome": 2320000000,
        "marketingincludingpurchasedoilandgas": 547000000,
        "operatingcostsandexpenses": 454000000,
        "productiontaxexpense": 46000000,
        "explorationexpense": 99000000,
        "generalandadministrativeexpense": 108000000,
        "interestexpense": 122000000,
        "depreciationdepletionandamortization": 497000000,
        "tangibleassetimpairmentchargeandother": 82000000,
        "costsandexpenses": 1955000000,
        "incomelossfromcontinuingoperationsbeforeincometaxesextraordinaryitemsnoncontrollinginterest": 365000000,
        "incometaxexpensebenefit": 160000000,
        "profitloss": 205000000,
        "netincomelossattributabletononcontrollinginterest": 86000000,
        "netincomeloss": 119000000,
        "earningspersharebasic": 0.39,
        "earningspersharediluted": 0.39,
        "weightedaveragenumberofsharesoutstandingbasic": 306000000,
        "weightedaveragenumberofdilutedsharesoutstanding": 307500000,
        "commonstockdividendspersharedeclared": 0.4375,
        "othercomprehensiveincomelosscashflowhedgegainlossreclassificationbeforetax": -52000000,
        "othercomprehensiveincomelosscashflowhedgegainlossreclassificationaftertax": -52000000,
        "othercomprehensiveincomelosscashflowhedgegainlossbeforereclassificationandtax": -73000000,
        "othercomprehensiveincomelosscashflowhedgegainlossbeforereclassificationaftertax": -73000000,
        "othercomprehensiveincomelosscashflowhedgegainlossafterreclassificationandtaxparent": -21000000,
        "othercomprehensiveincomelosspensionandotherpostretirementbenefitplansnetunamortizedgainlossarisingduringperiodbeforetax": -13000000,
        "othercomprehensiveincomedefinedbenefitplansnetunamortizedgainlossarisingduringperiodnetoftax": -13000000,
        "othercomprehensiveincomelossreclassificationadjustmentfromaocipensionandotherpostretirementbenefitplansfornetgainlossbeforetax": -1000000,
        "othercomprehensiveincomelossreclassificationadjustmentfromaocipensionandotherpostretirementbenefitplansfornetgainlossnetoftax": -1000000,
        "othercomprehensiveincomelosspensionandotherpostretirementbenefitplansadjustmentnetoftax": 12000000,
        "othercomprehensiveincomelossnetoftax": -33000000,
        "comprehensiveincomenetoftaxincludingportionattributabletononcontrollinginterest": 172000000,
        "comprehensiveincomenetoftaxattributabletononcontrollinginterest": 86000000,
        "comprehensiveincomenetoftax": 86000000
    },
    {
        "date": "2023-03-30",
        "symbol": "HES",
        "period": "Q1",
        "revenues": 303000000,
        "othernonoperatingincomeexpense": 42000000,
        "revenuesandothernonoperatingincome": 2453000000,
        "marketingincludingpurchasedoilandgas": 603000000,
        "operatingcostsandexpenses": 382000000,
        "productiontaxexpense": 48000000,
        "explorationexpense": 66000000,
        "generalandadministrativeexpense": 136000000,
        "interestexpense": 123000000,
        "depreciationdepletionandamortization": 1000000,
        "costsandexpenses": 1849000000,
        "incomelossfromcontinuingoperationsbeforeincometaxesextraordinaryitemsnoncontrollinginterest": 604000000,
        "incometaxexpensebenefit": 6000000,
        "profitloss": 82000000,
        "netincomelossattributabletononcontrollinginterest": 82000000,
        "netincomeloss": -120000000,
        "earningspersharebasic": 1.13,
        "earningspersharediluted": 1.13,
        "weightedaveragenumberofsharesoutstandingbasic": 305400000,
        "weightedaveragenumberofdilutedsharesoutstanding": 307300000,
        "commonstockdividendspersharedeclared": 0.4375,
        "othercomprehensiveincomelosscashflowhedgegainlossreclassificationbeforetax": -34000000,
        "othercomprehensiveincomelosscashflowhedgegainlossreclassificationaftertax": -34000000,
        "othercomprehensiveincomelosscashflowhedgegainlossbeforereclassificationandtax": -17000000,
        "othercomprehensiveincomelosscashflowhedgegainlossbeforereclassificationaftertax": -17000000,
        "othercomprehensiveincomelosscashflowhedgegainlossafterreclassificationandtaxparent": 17000000,
        "othercomprehensiveincomelossnetoftax": 17000000,
        "comprehensiveincomenetoftaxincludingportionattributabletononcontrollinginterest": 445000000,
        "comprehensiveincomenetoftaxattributabletononcontrollinginterest": 82000000,
        "comprehensiveincomenetoftax": 363000000
    },
    {
        "date": "2022-09-29",
        "symbol": "HES",
        "period": "Q3",
        "revenuefromcontractwithcustomerandotheroperatingrevenuesexcludingassessedtax": 335000000,
        "gainlossonsaleofoilandgasproperty": 0,
        "othernonoperatingincomeexpense": 35000000,
        "revenues": 3157000000,
        "marketingincludingpurchasedoilandgas": 982000000,
        "operatingcostsandexpenses": 398000000,
        "productiontaxexpense": 72000000,
        "explorationexpense": 58000000,
        "generalandadministrativeexpense": 109000000,
        "interestexpense": 125000000,
        "depreciationdepletionandamortization": -45000000,
        "costsandexpenses": 2269000000,
        "incomelossfromcontinuingoperationsbeforeincometaxesextraordinaryitemsnoncontrollinginterest": 888000000,
        "incometaxexpensebenefit": 7000000,
        "profitloss": 91000000,
        "netincomelossattributabletononcontrollinginterest": 91000000,
        "netincomeloss": -125000000,
        "earningspersharebasic": 1.6799999999999997,
        "earningspersharediluted": 1.6700000000000002,
        "weightedaveragenumberofsharesoutstandingbasic": -309900000,
        "weightedaveragenumberofdilutedsharesoutstanding": -311200000,
        "commonstockdividendspersharedeclared": 0.375,
        "othercomprehensiveincomelosscashflowhedgegainlossreclassificationbeforetax": -165000000,
        "othercomprehensiveincomelosscashflowhedgegainlossreclassificationaftertax": -165000000,
        "othercomprehensiveincomelosscashflowhedgegainlossbeforereclassificationandtax": -12000000,
        "othercomprehensiveincomelosscashflowhedgegainlossbeforereclassificationaftertax": -12000000,
        "othercomprehensiveincomelosscashflowhedgegainlossafterreclassificationandtaxparent": 153000000,
        "othercomprehensiveincomelossreclassificationadjustmentfromaocipensionandotherpostretirementbenefitplansfornetgainlossbeforetax": -2000000,
        "othercomprehensiveincomelossreclassificationadjustmentfromaocipensionandotherpostretirementbenefitplansfornetgainlossnetoftax": -2000000,
        "othercomprehensiveincomelosspensionandotherpostretirementbenefitplansadjustmentnetoftax": -2000000,
        "othercomprehensiveincomelossnetoftax": 155000000,
        "comprehensiveincomenetoftaxincludingportionattributabletononcontrollinginterest": 761000000,
        "comprehensiveincomenetoftaxattributabletononcontrollinginterest": 91000000,
        "comprehensiveincomenetoftax": 670000000
    },
    {
        "date": "2022-06-29",
        "symbol": "HES",
        "period": "Q2",
        "revenuefromcontractwithcustomerandotheroperatingrevenuesexcludingassessedtax": 314000000,
        "gainlossonsaleofoilandgasproperty": 3000000,
        "othernonoperatingincomeexpense": 30000000,
        "revenues": 2988000000,
        "marketingincludingpurchasedoilandgas": 843000000,
        "operatingcostsandexpenses": 356000000,
        "productiontaxexpense": 67000000,
        "explorationexpense": 33000000,
        "generalandadministrativeexpense": 95000000,
        "interestexpense": 121000000,
        "depreciationdepletionandamortization": 2000000,
        "costsandexpenses": 1906000000,
        "incomelossfromcontinuingoperationsbeforeincometaxesextraordinaryitemsnoncontrollinginterest": 1082000000,
        "incometaxexpensebenefit": 7000000,
        "profitloss": 87000000,
        "netincomelossattributabletononcontrollinginterest": 87000000,
        "netincomeloss": -121000000,
        "earningspersharebasic": 2.15,
        "earningspersharediluted": 2.15,
        "weightedaveragenumberofsharesoutstandingbasic": 309700000,
        "weightedaveragenumberofdilutedsharesoutstanding": 310900000,
        "commonstockdividendspersharedeclared": 0.375,
        "othercomprehensiveincomelosscashflowhedgegainlossreclassificationbeforetax": -163000000,
        "othercomprehensiveincomelosscashflowhedgegainlossreclassificationaftertax": -163000000,
        "othercomprehensiveincomelosscashflowhedgegainlossbeforereclassificationandtax": -39000000,
        "othercomprehensiveincomelosscashflowhedgegainlossbeforereclassificationaftertax": -39000000,
        "othercomprehensiveincomelosscashflowhedgegainlossafterreclassificationandtaxparent": 124000000,
        "othercomprehensiveincomelosspensionandotherpostretirementbenefitplansnetunamortizedgainlossarisingduringperiodbeforetax": 6000000,
        "othercomprehensiveincomedefinedbenefitplansnetunamortizedgainlossarisingduringperiodnetoftax": 152000000,
        "othercomprehensiveincomelossreclassificationadjustmentfromaocipensionandotherpostretirementbenefitplansfornetgainlossbeforetax": -5000000,
        "othercomprehensiveincomelossreclassificationadjustmentfromaocipensionandotherpostretirementbenefitplansfornetgainlossnetoftax": -5000000,
        "othercomprehensiveincomelosspensionandotherpostretirementbenefitplansadjustmentnetoftax": -157000000,
        "othercomprehensiveincomelossnetoftax": 281000000,
        "comprehensiveincomenetoftaxincludingportionattributabletononcontrollinginterest": 1035000000,
        "comprehensiveincomenetoftaxattributabletononcontrollinginterest": 87000000,
        "comprehensiveincomenetoftax": 948000000
    },
    {
        "date": "2022-03-30",
        "symbol": "HES",
        "period": "Q1",
        "revenuefromcontractwithcustomerandotheroperatingrevenuesexcludingassessedtax": 312000000,
        "gainlossonsaleofoilandgasproperty": 22000000,
        "othernonoperatingincomeexpense": 36000000,
        "revenues": 2371000000,
        "marketingincludingpurchasedoilandgas": 682000000,
        "operatingcostsandexpenses": 313000000,
        "productiontaxexpense": 61000000,
        "explorationexpense": 43000000,
        "generalandadministrativeexpense": 110000000,
        "interestexpense": 123000000,
        "depreciationdepletionandamortization": 45000000,
        "costsandexpenses": 1669000000,
        "incomelossfromcontinuingoperationsbeforeincometaxesextraordinaryitemsnoncontrollinginterest": 702000000,
        "incometaxexpensebenefit": 5000000,
        "profitloss": 88000000,
        "netincomelossattributabletononcontrollinginterest": 88000000,
        "netincomeloss": -115000000,
        "earningspersharebasic": 1.35,
        "earningspersharediluted": 1.34,
        "weightedaveragenumberofsharesoutstandingbasic": 308900000,
        "weightedaveragenumberofdilutedsharesoutstanding": 310400000,
        "commonstockdividendspersharedeclared": 0.375,
        "othercomprehensiveincomelosscashflowhedgegainlossreclassificationbeforetax": -92000000,
        "othercomprehensiveincomelosscashflowhedgegainlossreclassificationaftertax": -92000000,
        "othercomprehensiveincomelosscashflowhedgegainlossbeforereclassificationandtax": -455000000,
        "othercomprehensiveincomelosscashflowhedgegainlossbeforereclassificationaftertax": -455000000,
        "othercomprehensiveincomelosscashflowhedgegainlossafterreclassificationandtaxparent": -363000000,
        "othercomprehensiveincomelossreclassificationadjustmentfromaocipensionandotherpostretirementbenefitplansfornetgainlossbeforetax": -3000000,
        "othercomprehensiveincomelossreclassificationadjustmentfromaocipensionandotherpostretirementbenefitplansfornetgainlossnetoftax": -3000000,
        "othercomprehensiveincomelosspensionandotherpostretirementbenefitplansadjustmentnetoftax": -3000000,
        "othercomprehensiveincomelossnetoftax": -360000000,
        "comprehensiveincomenetoftaxincludingportionattributabletononcontrollinginterest": 145000000,
        "comprehensiveincomenetoftaxattributabletononcontrollinginterest": 88000000,
        "comprehensiveincomenetoftax": 57000000
    },
    {
        "date": "2021-09-29",
        "symbol": "HES",
        "period": "Q3",
        "revenuefromcontractwithcustomerandotheroperatingrevenuesexcludingassessedtax": 304000000,
        "othernonoperatingincomeexpense": 23000000,
        "revenues": 1811000000,
        "marketingincludingpurchasedoilandgas": 522000000,
        "operatingcostsandexpenses": 333000000,
        "productiontaxexpense": 42000000,
        "explorationexpense": 36000000,
        "generalandadministrativeexpense": 76000000,
        "interestexpense": 125000000,
        "depreciationdepletionandamortization": -41000000,
        "costsandexpenses": 1483000000,
        "incomelossfromcontinuingoperationsbeforeincometaxesextraordinaryitemsnoncontrollinginterest": 328000000,
        "incometaxexpensebenefit": 3000000,
        "profitloss": 70000000,
        "netincomelossattributabletononcontrollinginterest": 70000000,
        "netincomeloss": -124000000,
        "earningspersharebasic": 0.38,
        "earningspersharediluted": 0.37,
        "weightedaveragenumberofsharesoutstandingbasic": -306200000,
        "weightedaveragenumberofdilutedsharesoutstanding": -306200000,
        "commonstockdividendspersharedeclared": 0.25,
        "othercomprehensiveincomelosscashflowhedgegainlossreclassificationbeforetax": -64000000,
        "othercomprehensiveincomelosscashflowhedgegainlossreclassificationaftertax": -64000000,
        "othercomprehensiveincomelosscashflowhedgegainlossbeforereclassificationandtax": -40000000,
        "othercomprehensiveincomelosscashflowhedgegainlossbeforereclassificationaftertax": -40000000,
        "othercomprehensiveincomelosscashflowhedgegainlossafterreclassificationandtaxparent": 24000000,
        "othercomprehensiveincomelosspensionandotherpostretirementbenefitplansnetunamortizedgainlossarisingduringperiodbeforetax": 0,
        "othercomprehensiveincomedefinedbenefitplansnetunamortizedgainlossarisingduringperiodnetoftax": 0,
        "othercomprehensiveincomelossreclassificationadjustmentfromaocipensionandotherpostretirementbenefitplansfornetgainlossbeforetax": -16000000,
        "othercomprehensiveincomelossreclassificationadjustmentfromaocipensionandotherpostretirementbenefitplansfornetgainlossnetoftax": -16000000,
        "othercomprehensiveincomelosspensionandotherpostretirementbenefitplansadjustmentnetoftax": -16000000,
        "othercomprehensiveincomelossnetoftax": 40000000,
        "comprehensiveincomenetoftaxincludingportionattributabletononcontrollinginterest": 225000000,
        "comprehensiveincomenetoftaxattributabletononcontrollinginterest": 70000000,
        "comprehensiveincomenetoftax": 155000000
    },
    {
        "date": "2021-06-29",
        "symbol": "HES",
        "period": "Q2",
        "revenuefromcontractwithcustomerandotheroperatingrevenuesexcludingassessedtax": 1579000000,
        "othernonoperatingincomeexpense": 19000000,
        "revenues": 1598000000,
        "marketingincludingpurchasedoilandgas": 322000000,
        "operatingcostsandexpenses": 315000000,
        "productiontaxexpense": 44000000,
        "explorationexpense": 48000000,
        "generalandadministrativeexpense": 84000000,
        "interestexpense": 118000000,
        "depreciationdepletionandamortization": 385000000,
        "tangibleassetimpairmentchargeandother": 147000000,
        "costsandexpenses": 1463000000,
        "incomelossfromcontinuingoperationsbeforeincometaxesextraordinaryitemsnoncontrollinginterest": 135000000,
        "incometaxexpensebenefit": 122000000,
        "profitloss": 13000000,
        "netincomelossattributabletononcontrollinginterest": 86000000,
        "netincomeloss": -73000000,
        "earningspersharebasic": -0.24,
        "earningspersharediluted": -0.24,
        "weightedaveragenumberofsharesoutstandingbasic": 307500000,
        "weightedaveragenumberofdilutedsharesoutstanding": 307500000,
        "commonstockdividendspersharedeclared": 0.25,
        "othercomprehensiveincomelosscashflowhedgegainlossreclassificationbeforetax": -64000000,
        "othercomprehensiveincomelosscashflowhedgegainlossreclassificationaftertax": -64000000,
        "othercomprehensiveincomelosscashflowhedgegainlossbeforereclassificationandtax": -129000000,
        "othercomprehensiveincomelosscashflowhedgegainlossbeforereclassificationaftertax": -129000000,
        "othercomprehensiveincomelosscashflowhedgegainlossafterreclassificationandtaxparent": -65000000,
        "othercomprehensiveincomelosspensionandotherpostretirementbenefitplansnetunamortizedgainlossarisingduringperiodbeforetax": -11000000,
        "othercomprehensiveincomedefinedbenefitplansnetunamortizedgainlossarisingduringperiodnetoftax": -11000000,
        "othercomprehensiveincomelossreclassificationadjustmentfromaocipensionandotherpostretirementbenefitplansfornetgainlossbeforetax": -16000000,
        "othercomprehensiveincomelossreclassificationadjustmentfromaocipensionandotherpostretirementbenefitplansfornetgainlossnetoftax": -16000000,
        "othercomprehensiveincomelosspensionandotherpostretirementbenefitplansadjustmentnetoftax": -5000000,
        "othercomprehensiveincomelossnetoftax": -60000000,
        "comprehensiveincomenetoftaxincludingportionattributabletononcontrollinginterest": -47000000,
        "comprehensiveincomenetoftaxattributabletononcontrollinginterest": 86000000,
        "comprehensiveincomenetoftax": -133000000
    },
    {
        "date": "2021-03-30",
        "symbol": "HES",
        "period": "Q1",
        "revenuefromcontractwithcustomerandotheroperatingrevenuesexcludingassessedtax": 1898000000,
        "othernonoperatingincomeexpense": 21000000,
        "revenues": 1919000000,
        "marketingincludingpurchasedoilandgas": 518000000,
        "operatingcostsandexpenses": 265000000,
        "productiontaxexpense": 37000000,
        "explorationexpense": 33000000,
        "generalandadministrativeexpense": 94000000,
        "interestexpense": 117000000,
        "depreciationdepletionandamortization": 396000000,
        "costsandexpenses": 1460000000,
        "incomelossfromcontinuingoperationsbeforeincometaxesextraordinaryitemsnoncontrollinginterest": 459000000,
        "incometaxexpensebenefit": 123000000,
        "profitloss": 336000000,
        "netincomelossattributabletononcontrollinginterest": 84000000,
        "netincomeloss": 252000000,
        "earningspersharebasic": 0.82,
        "earningspersharediluted": 0.82,
        "weightedaveragenumberofsharesoutstandingbasic": 305800000,
        "weightedaveragenumberofdilutedsharesoutstanding": 307800000,
        "commonstockdividendspersharedeclared": 0.25,
        "othercomprehensiveincomelosscashflowhedgegainlossreclassificationbeforetax": -51000000,
        "othercomprehensiveincomelosscashflowhedgegainlossreclassificationaftertax": -51000000,
        "othercomprehensiveincomelosscashflowhedgegainlossbeforereclassificationandtax": -102000000,
        "othercomprehensiveincomelosscashflowhedgegainlossbeforereclassificationaftertax": -102000000,
        "othercomprehensiveincomelosscashflowhedgegainlossafterreclassificationandtaxparent": -51000000,
        "othercomprehensiveincomelosspensionandotherpostretirementbenefitplansnetunamortizedgainlossarisingduringperiodbeforetax": 14000000,
        "othercomprehensiveincomedefinedbenefitplansnetunamortizedgainlossarisingduringperiodnetoftax": 14000000,
        "othercomprehensiveincomelossreclassificationadjustmentfromaocipensionandotherpostretirementbenefitplansfornetgainlossbeforetax": -16000000,
        "othercomprehensiveincomelossreclassificationadjustmentfromaocipensionandotherpostretirementbenefitplansfornetgainlossnetoftax": -16000000,
        "othercomprehensiveincomelosspensionandotherpostretirementbenefitplansadjustmentnetoftax": -30000000,
        "othercomprehensiveincomelossnetoftax": -21000000,
        "comprehensiveincomenetoftaxincludingportionattributabletononcontrollinginterest": 315000000,
        "comprehensiveincomenetoftaxattributabletononcontrollinginterest": 84000000,
        "comprehensiveincomenetoftax": 231000000
    },
    {
        "date": "2020-12-30",
        "symbol": "HES",
        "period": "Q4",
        "revenuefromcontractwithcustomerandotheroperatingrevenuesexcludingassessedtax": 1321000000,
        "othernonoperatingincomeexpense": 17000000,
        "revenues": 1417000000,
        "marketingincludingpurchasedoilandgas": 281000000,
        "operatingcostsandexpenses": 313000000,
        "productiontaxexpense": 32000000,
        "explorationexpense": 60000000,
        "generalandadministrativeexpense": 82000000,
        "interestexpense": 118000000,
        "depreciationdepletionandamortization": 486000000,
        "costsandexpenses": 1372000000,
        "incomelossfromcontinuingoperationsbeforeincometaxesextraordinaryitemsnoncontrollinginterest": 45000000,
        "incometaxexpensebenefit": 72000000,
        "profitloss": -27000000,
        "netincomeloss": -97000000,
        "netincomelossavailabletocommonstockholdersbasic": -97000000,
        "earningspersharebasic": -0.3200000000000003,
        "earningspersharediluted": -0.3200000000000003,
        "weightedaveragenumberofdilutedsharesoutstanding": 100000,
        "commonstockdividendspersharedeclared": 0.25,
        "othercomprehensiveincomelosscashflowhedgegainlossreclassificationbeforetax": 112000000,
        "othercomprehensiveincomelosscashflowhedgegainlossreclassificationaftertax": 112000000,
        "othercomprehensiveincomelosscashflowhedgegainlossbeforereclassificationandtax": -83000000,
        "othercomprehensiveincomelosscashflowhedgegainlossbeforereclassificationaftertax": -83000000,
        "othercomprehensiveincomelosscashflowhedgegainlossafterreclassificationandtaxparent": -195000000,
        "othercomprehensiveincomelossreclassificationadjustmentfromaocipensionandotherpostretirementbenefitplansfornetgainlossbeforetax": -12000000,
        "othercomprehensiveincomelossreclassificationadjustmentfromaocipensionandotherpostretirementbenefitplansfornetgainlossnetoftax": -12000000,
        "othercomprehensiveincomelosspensionandotherpostretirementbenefitplansadjustmentnetoftax": 197000000,
        "othercomprehensiveincomelossnetoftax": -392000000,
        "comprehensiveincomenetoftaxincludingportionattributabletononcontrollinginterest": -419000000,
        "comprehensiveincomenetoftaxattributabletononcontrollinginterest": 70000000,
        "comprehensiveincomenetoftax": -489000000
    },
    {
        "date": "2020-09-29",
        "symbol": "HES",
        "period": "Q3",
        "revenuefromcontractwithcustomerandotheroperatingrevenuesexcludingassessedtax": 1159000000,
        "othernonoperatingincomeexpense": 17000000,
        "revenues": 1176000000,
        "marketingincludingpurchasedoilandgas": 221000000,
        "operatingcostsandexpenses": 308000000,
        "productiontaxexpense": 34000000,
        "explorationexpense": 71000000,
        "generalandadministrativeexpense": 84000000,
        "interestexpense": 118000000,
        "depreciationdepletionandamortization": 518000000,
        "tangibleassetimpairmentcharges": 0,
        "costsandexpenses": 1354000000,
        "incomelossfromcontinuingoperationsbeforeincometaxesextraordinaryitemsnoncontrollinginterest": -178000000,
        "incometaxexpensebenefit": 5000000,
        "profitloss": -183000000,
        "netincomelossattributabletononcontrollinginterest": 60000000,
        "netincomeloss": -243000000,
        "netincomelossavailabletocommonstockholdersbasic": -243000000,
        "earningspersharebasic": -0.7900000000000009,
        "earningspersharediluted": -0.7900000000000009,
        "weightedaveragenumberofsharesoutstandingbasic": 200000,
        "weightedaveragenumberofdilutedsharesoutstanding": 200000,
        "commonstockdividendspersharedeclared": 0.25,
        "othercomprehensiveincomelosscashflowhedgegainlossreclassificationbeforetax": 143000000,
        "othercomprehensiveincomelosscashflowhedgegainlossreclassificationaftertax": 143000000,
        "othercomprehensiveincomelosscashflowhedgegainlossbeforereclassificationandtax": -44000000,
        "othercomprehensiveincomelosscashflowhedgegainlossbeforereclassificationaftertax": -44000000,
        "othercomprehensiveincomelosscashflowhedgegainlossafterreclassificationandtaxparent": -187000000,
        "othercomprehensiveincomelossreclassificationadjustmentfromaocipensionandotherpostretirementbenefitplansfornetgainlossbeforetax": -11000000,
        "othercomprehensiveincomelossreclassificationadjustmentfromaocipensionandotherpostretirementbenefitplansfornetgainlossnetoftax": -11000000,
        "othercomprehensiveincomelosspensionandotherpostretirementbenefitplansadjustmentnetoftax": -11000000,
        "othercomprehensiveincomelossnetoftax": -176000000,
        "comprehensiveincomenetoftaxincludingportionattributabletononcontrollinginterest": -359000000,
        "comprehensiveincomenetoftaxattributabletononcontrollinginterest": 60000000,
        "comprehensiveincomenetoftax": -419000000
    },
    {
        "date": "2020-06-29",
        "symbol": "HES",
        "period": "Q2",
        "revenuefromcontractwithcustomerandotheroperatingrevenuesexcludingassessedtax": 2478000000,
        "othernonoperatingincomeexpense": 1000000,
        "revenues": 842000000,
        "marketingincludingpurchasedoilandgas": 56000000,
        "operatingcostsandexpenses": 294000000,
        "productiontaxexpense": 16000000,
        "explorationexpense": 31000000,
        "generalandadministrativeexpense": 89000000,
        "interestexpense": 119000000,
        "depreciationdepletionandamortization": 1068000000,
        "tangibleassetimpairmentcharges": 1856000000,
        "costsandexpenses": 1114000000,
        "incomelossfromcontinuingoperationsbeforeincometaxesextraordinaryitemsnoncontrollinginterest": -272000000,
        "incometaxexpensebenefit": -84000000,
        "profitloss": -2696000000,
        "netincomelossattributabletononcontrollinginterest": 57000000,
        "netincomeloss": -2630000000,
        "netincomelossavailabletocommonstockholdersbasic": -320000000,
        "earningspersharebasic": -1.0399999999999991,
        "earningspersharediluted": -1.0399999999999991,
        "weightedaveragenumberofsharesoutstandingbasic": 500000,
        "weightedaveragenumberofdilutedsharesoutstanding": 500000,
        "commonstockdividendspersharedeclared": 0.25,
        "othercomprehensiveincomelosscashflowhedgegainlossreclassificationbeforetax": 228000000,
        "othercomprehensiveincomelosscashflowhedgegainlossreclassificationaftertax": 228000000,
        "othercomprehensiveincomelosscashflowhedgegainlossbeforereclassificationandtax": -214000000,
        "othercomprehensiveincomelosscashflowhedgegainlossbeforereclassificationaftertax": -214000000,
        "othercomprehensiveincomelosscashflowhedgegainlossafterreclassificationandtaxparent": -442000000,
        "othercomprehensiveincomelossreclassificationadjustmentfromaocipensionandotherpostretirementbenefitplansfornetgainlossbeforetax": -12000000,
        "othercomprehensiveincomelossreclassificationadjustmentfromaocipensionandotherpostretirementbenefitplansfornetgainlossnetoftax": -12000000,
        "othercomprehensiveincomelosspensionandotherpostretirementbenefitplansadjustmentnetoftax": -16000000,
        "othercomprehensiveincomelossnetoftax": -426000000,
        "comprehensiveincomenetoftaxincludingportionattributabletononcontrollinginterest": -689000000,
        "comprehensiveincomenetoftaxattributabletononcontrollinginterest": 57000000,
        "comprehensiveincomenetoftax": -746000000
    },
    {
        "date": "2020-03-30",
        "symbol": "HES",
        "period": "Q1",
        "revenuefromcontractwithcustomerandotheroperatingrevenuesexcludingassessedtax": -291000000,
        "othernonoperatingincomeexpense": 15000000,
        "revenues": 1369000000,
        "marketingincludingpurchasedoilandgas": 378000000,
        "operatingcostsandexpenses": 303000000,
        "productiontaxexpense": 42000000,
        "explorationexpense": 189000000,
        "generalandadministrativeexpense": 102000000,
        "interestexpense": 113000000,
        "depreciationdepletionandamortization": 2000000,
        "tangibleassetimpairmentcharges": 270000000,
        "costsandexpenses": 3814000000,
        "incomelossfromcontinuingoperationsbeforeincometaxesextraordinaryitemsnoncontrollinginterest": -2445000000,
        "incometaxexpensebenefit": -4000000,
        "profitloss": 67000000,
        "netincomelossattributabletononcontrollinginterest": 67000000,
        "netincomeloss": -123000000,
        "netincomelossavailabletocommonstockholdersbasic": -2433000000,
        "earningspersharebasic": -8,
        "earningspersharediluted": -8,
        "weightedaveragenumberofsharesoutstandingbasic": 304000000,
        "weightedaveragenumberofdilutedsharesoutstanding": 304000000,
        "commonstockdividendspersharedeclared": 0.25,
        "othercomprehensiveincomelosscashflowhedgegainlossreclassificationbeforetax": 64000000,
        "othercomprehensiveincomelosscashflowhedgegainlossreclassificationaftertax": 64000000,
        "othercomprehensiveincomelosscashflowhedgegainlossbeforereclassificationandtax": 990000000,
        "othercomprehensiveincomelosscashflowhedgegainlossbeforereclassificationaftertax": 990000000,
        "othercomprehensiveincomelosscashflowhedgegainlossafterreclassificationandtaxparent": 926000000,
        "othercomprehensiveincomelossreclassificationadjustmentfromaocipensionandotherpostretirementbenefitplansfornetgainlossbeforetax": -12000000,
        "othercomprehensiveincomelossreclassificationadjustmentfromaocipensionandotherpostretirementbenefitplansfornetgainlossnetoftax": -12000000,
        "othercomprehensiveincomelosspensionandotherpostretirementbenefitplansadjustmentnetoftax": -12000000,
        "othercomprehensiveincomelossnetoftax": 938000000,
        "comprehensiveincomenetoftaxincludingportionattributabletononcontrollinginterest": -1428000000,
        "comprehensiveincomenetoftaxattributabletononcontrollinginterest": 67000000,
        "comprehensiveincomenetoftax": -1495000000
    },
    {
        "date": "2019-12-30",
        "symbol": "HES",
        "period": "Q4",
        "revenuefromcontractwithcustomerandotheroperatingrevenuesexcludingassessedtax": 1357000000,
        "othernonoperatingincomeexpense": 16000000,
        "revenues": 1699000000,
        "marketingincludingpurchasedoilandgas": 428000000,
        "operatingcostsandexpenses": 365000000,
        "productiontaxexpense": 52000000,
        "explorationexpense": -112000000,
        "generalandadministrativeexpense": 131000000,
        "interestexpense": 32000000,
        "depreciationdepletionandamortization": 413000000,
        "costsandexpenses": 1763000000,
        "incomelossfromcontinuingoperationsbeforeincometaxesextraordinaryitemsnoncontrollinginterest": -64000000,
        "incometaxexpensebenefit": -393000000,
        "profitloss": 39000000,
        "netincomelossattributabletononcontrollinginterest": 39000000,
        "netincomeloss": 558000000,
        "netincomelossavailabletocommonstockholdersbasic": -222000000,
        "earningspersharebasic": -0.7400000000000001,
        "earningspersharediluted": -0.7400000000000001,
        "weightedaveragenumberofdilutedsharesoutstanding": 500000,
        "commonstockdividendspersharedeclared": 0.25,
        "othercomprehensiveincomelosscashflowhedgegainlossreclassificationbeforetax": -2000000,
        "othercomprehensiveincomelosscashflowhedgegainlossreclassificationaftertax": -2000000,
        "othercomprehensiveincomelosscashflowhedgegainlossafterreclassificationandtaxparent": -40000000,
        "othercomprehensiveincomelosspensionandotherpostretirementbenefitplansnetunamortizedgainlossarisingduringperiodbeforetax": 97000000,
        "othercomprehensiveincomedefinedbenefitplansnetunamortizedgainlossarisingduringperiodnetoftax": 97000000,
        "othercomprehensiveincomelossreclassificationadjustmentfromaocipensionandotherpostretirementbenefitplansfornetgainlossbeforetax": -20000000,
        "othercomprehensiveincomelossreclassificationadjustmentfromaocipensionandotherpostretirementbenefitplansfornetgainlossnetoftax": -20000000,
        "othercomprehensiveincomelosspensionandotherpostretirementbenefitplansadjustmentnetoftax": -117000000,
        "othercomprehensiveincomelossnetoftax": 77000000,
        "comprehensiveincomenetoftaxincludingportionattributabletononcontrollinginterest": -106000000,
        "comprehensiveincomenetoftaxattributabletononcontrollinginterest": 39000000,
        "comprehensiveincomenetoftax": -145000000
    },
    {
        "date": "2019-09-29",
        "symbol": "HES",
        "period": "Q3",
        "revenuefromcontractwithcustomerandotheroperatingrevenuesexcludingassessedtax": -215000000,
        "othernonoperatingincomeexpense": -65000000,
        "revenues": 1515000000,
        "marketingincludingpurchasedoilandgas": 423000000,
        "operatingcostsandexpenses": 321000000,
        "productiontaxexpense": 47000000,
        "explorationexpense": 50000000,
        "generalandadministrativeexpense": 90000000,
        "interestexpense": 90000000,
        "depreciationdepletionandamortization": -68000000,
        "costsandexpenses": 1565000000,
        "incomelossfromcontinuingoperationsbeforeincometaxesextraordinaryitemsnoncontrollinginterest": -50000000,
        "incometaxexpensebenefit": 116000000,
        "profitloss": 46000000,
        "netincomelossattributabletononcontrollinginterest": 46000000,
        "netincomeloss": -191000000,
        "netincomelossavailabletocommonstockholdersbasic": -212000000,
        "earningspersharebasic": -0.7,
        "earningspersharediluted": -0.7,
        "weightedaveragenumberofsharesoutstandingbasic": 900000,
        "weightedaveragenumberofdilutedsharesoutstanding": -1400000,
        "commonstockdividendspersharedeclared": 0.25,
        "othercomprehensiveincomelosscashflowhedgegainlossreclassificationbeforetax": 2000000,
        "othercomprehensiveincomelosscashflowhedgegainlossreclassificationaftertax": 2000000,
        "othercomprehensiveincomelosscashflowhedgegainlossafterreclassificationandtaxparent": 10000000,
        "othercomprehensiveincomelosspensionandotherpostretirementbenefitplansnetunamortizedgainlossarisingduringperiodbeforetax": -239000000,
        "othercomprehensiveincomedefinedbenefitplansnetunamortizedgainlossarisingduringperiodnetoftax": -239000000,
        "othercomprehensiveincomelossreclassificationadjustmentfromaocipensionandotherpostretirementbenefitplansfornetgainlossbeforetax": -101000000,
        "othercomprehensiveincomelossreclassificationadjustmentfromaocipensionandotherpostretirementbenefitplansfornetgainlossnetoftax": -101000000,
        "othercomprehensiveincomelosspensionandotherpostretirementbenefitplansadjustmentnetoftax": 138000000,
        "othercomprehensiveincomelossnetoftax": -128000000,
        "comprehensiveincomenetoftaxincludingportionattributabletononcontrollinginterest": -294000000,
        "comprehensiveincomenetoftaxattributabletononcontrollinginterest": 46000000,
        "comprehensiveincomenetoftax": -340000000
    },
    {
        "date": "2019-06-29",
        "symbol": "HES",
        "period": "Q2",
        "revenuefromcontractwithcustomerandotheroperatingrevenuesexcludingassessedtax": -190000000,
        "othernonoperatingincomeexpense": 15000000,
        "revenues": 1697000000,
        "marketingincludingpurchasedoilandgas": 477000000,
        "operatingcostsandexpenses": 285000000,
        "productiontaxexpense": 46000000,
        "explorationexpense": 43000000,
        "generalandadministrativeexpense": 89000000,
        "interestexpense": 97000000,
        "depreciationdepletionandamortization": 35000000,
        "costsandexpenses": 1531000000,
        "incomelossfromcontinuingoperationsbeforeincometaxesextraordinaryitemsnoncontrollinginterest": 166000000,
        "incometaxexpensebenefit": 227000000,
        "profitloss": 40000000,
        "netincomelossattributabletononcontrollinginterest": 40000000,
        "netincomeloss": -109000000,
        "preferredstockdividendsincomestatementimpact": 0,
        "netincomelossavailabletocommonstockholdersbasic": -6000000,
        "earningspersharebasic": -0.01999999999999999,
        "earningspersharediluted": -0.01999999999999999,
        "weightedaveragenumberofsharesoutstandingbasic": 2400000,
        "weightedaveragenumberofdilutedsharesoutstanding": 2400000,
        "commonstockdividendspersharedeclared": 0.25,
        "othercomprehensiveincomelosscashflowhedgegainlossreclassificationbeforetax": -14000000,
        "othercomprehensiveincomelosscashflowhedgegainlossreclassificationaftertax": -14000000,
        "othercomprehensiveincomelosscashflowhedgegainlossbeforereclassificationandtax": 0,
        "othercomprehensiveincomelosscashflowhedgegainlossbeforereclassificationaftertax": 0,
        "othercomprehensiveincomelosscashflowhedgegainlossafterreclassificationandtaxparent": 14000000,
        "othercomprehensiveincomelosspensionandotherpostretirementbenefitplansnetunamortizedgainlossarisingduringperiodbeforetax": -24000000,
        "othercomprehensiveincomedefinedbenefitplansnetunamortizedgainlossarisingduringperiodnetoftax": -24000000,
        "othercomprehensiveincomelossreclassificationadjustmentfromaocipensionandotherpostretirementbenefitplansfornetgainlossbeforetax": -12000000,
        "othercomprehensiveincomelossreclassificationadjustmentfromaocipensionandotherpostretirementbenefitplansfornetgainlossnetoftax": -12000000,
        "othercomprehensiveincomelosspensionandotherpostretirementbenefitplansadjustmentnetoftax": 12000000,
        "othercomprehensiveincomelossnetoftax": 2000000,
        "comprehensiveincomenetoftaxincludingportionattributabletononcontrollinginterest": 36000000,
        "comprehensiveincomenetoftaxattributabletononcontrollinginterest": 40000000,
        "comprehensiveincomenetoftax": -4000000
    },
    {
        "date": "2019-03-30",
        "symbol": "HES",
        "period": "Q1",
        "revenuefromcontractwithcustomerandotheroperatingrevenuesexcludingassessedtax": -190000000,
        "othernonoperatingincomeexpense": 27000000,
        "revenues": 1599000000,
        "marketingincludingpurchasedoilandgas": 408000000,
        "operatingcostsandexpenses": 266000000,
        "productiontaxexpense": 39000000,
        "explorationexpense": 34000000,
        "generalandadministrativeexpense": 87000000,
        "interestexpense": 98000000,
        "depreciationdepletionandamortization": 34000000,
        "costsandexpenses": 1430000000,
        "incomelossfromcontinuingoperationsbeforeincometaxesextraordinaryitemsnoncontrollinginterest": 169000000,
        "incometaxexpensebenefit": -1000000,
        "profitloss": 43000000,
        "netincomelossattributabletononcontrollinginterest": 43000000,
        "netincomeloss": -114000000,
        "preferredstockdividendsincomestatementimpact": 4000000,
        "netincomelossavailabletocommonstockholdersbasic": 28000000,
        "earningspersharebasic": 0.09,
        "earningspersharediluted": 0.09,
        "weightedaveragenumberofsharesoutstandingbasic": 297400000,
        "weightedaveragenumberofdilutedsharesoutstanding": 299700000,
        "commonstockdividendspersharedeclared": 0.25,
        "othercomprehensiveincomelosscashflowhedgegainlossreclassificationbeforetax": 15000000,
        "othercomprehensiveincomelosscashflowhedgegainlossreclassificationaftertax": 15000000,
        "othercomprehensiveincomelosscashflowhedgegainlossbeforereclassificationandtax": -346000000,
        "othercomprehensiveincomelosscashflowhedgegainlossbeforereclassificationaftertax": -346000000,
        "othercomprehensiveincomelosscashflowhedgegainlossafterreclassificationandtaxparent": -361000000,
        "othercomprehensiveincomelosspensionandotherpostretirementbenefitplansnetunamortizedgainlossarisingduringperiodbeforetax": 6000000,
        "othercomprehensiveincomedefinedbenefitplansnetunamortizedgainlossarisingduringperiodnetoftax": 6000000,
        "othercomprehensiveincomelossreclassificationadjustmentfromaocipensionandotherpostretirementbenefitplansfornetgainlossbeforetax": -11000000,
        "othercomprehensiveincomelossreclassificationadjustmentfromaocipensionandotherpostretirementbenefitplansfornetgainlossnetoftax": -11000000,
        "othercomprehensiveincomelosspensionandotherpostretirementbenefitplansadjustmentnetoftax": -17000000,
        "othercomprehensiveincomelossnetoftax": -344000000,
        "comprehensiveincomenetoftaxincludingportionattributabletononcontrollinginterest": -269000000,
        "comprehensiveincomenetoftaxattributabletononcontrollinginterest": 43000000,
        "comprehensiveincomenetoftax": -312000000
    },
    {
        "date": "2018-12-30",
        "symbol": "HES",
        "period": "Q4",
        "gainlossonsaleofoilandgasproperty": -22000000,
        "othernonoperatingincomeexpense": 32000000,
        "revenues": 1682000000,
        "operatingcostsandexpenses": 292000000,
        "productiontaxexpense": 43000000,
        "explorationexpense": 91000000,
        "generalandadministrativeexpense": 91000000,
        "interestexpense": 39000000,
        "costsandexpenses": 1621000000,
        "incomelossfromcontinuingoperationsbeforeincometaxesextraordinaryitemsnoncontrollinginterest": 61000000,
        "incometaxexpensebenefit": 29000000,
        "profitloss": 38000000,
        "netincomelossattributabletononcontrollinginterest": 38000000,
        "netincomeloss": 384000000,
        "preferredstockdividendsincomestatementimpact": 12000000,
        "netincomelossavailabletocommonstockholdersbasic": -16000000,
        "earningspersharebasic": -0.06000000000000005,
        "earningspersharediluted": -0.06000000000000005,
        "weightedaveragenumberofdilutedsharesoutstanding": -2200000,
        "commonstockdividendspersharedeclared": 0.25,
        "othercomprehensiveincomelossreclassificationadjustmentfromaocionderivativesbeforetax": -44000000,
        "othercomprehensiveincomelossreclassificationadjustmentfromaocionderivativesnetoftax": -44000000,
        "othercomprehensiveincomeunrealizedgainlossonderivativesarisingduringperiodbeforetax": 414000000,
        "othercomprehensiveincomeunrealizedgainlossonderivativesarisingduringperiodnetoftax": 316000000,
        "othercomprehensiveincomelossderivativesqualifyingashedgesnetoftax": 360000000,
        "othercomprehensiveincomelossreclassificationadjustmentfromaocipensionandotherpostretirementbenefitplansfornetgainlossbeforetax": -12000000,
        "othercomprehensiveincomelossreclassificationadjustmentfromaocipensionandotherpostretirementbenefitplansfornetgainlossnetoftax": -12000000,
        "othercomprehensiveincomelosspensionandotherpostretirementbenefitplansadjustmentnetoftax": 64000000,
        "othercomprehensiveincomelossnetoftax": 296000000,
        "comprehensiveincomenetoftaxincludingportionattributabletononcontrollinginterest": 330000000,
        "comprehensiveincomenetoftaxattributabletononcontrollinginterest": 38000000,
        "comprehensiveincomenetoftax": 292000000
    },
    {
        "date": "2018-09-29",
        "symbol": "HES",
        "period": "Q3",
        "gainlossonsaleofoilandgasproperty": 14000000,
        "othernonoperatingincomeexpense": 21000000,
        "revenues": 1828000000,
        "operatingcostsandexpenses": 266000000,
        "productiontaxexpense": 47000000,
        "explorationexpense": 169000000,
        "generalandadministrativeexpense": 143000000,
        "interestexpense": 99000000,
        "gainslossesonextinguishmentofdebt": 0,
        "depreciationdepletionandamortization": 0,
        "costsandexpenses": 1704000000,
        "incomelossfromcontinuingoperationsbeforeincometaxesextraordinaryitemsnoncontrollinginterest": 124000000,
        "incometaxexpensebenefit": 2000000,
        "profitloss": 175000000,
        "netincomelossattributabletononcontrollinginterest": 45000000,
        "netincomeloss": -122000000,
        "preferredstockdividendsincomestatementimpact": 11000000,
        "netincomelossavailabletocommonstockholdersbasic": -53000000,
        "earningspersharebasic": -0.18000000000000005,
        "earningspersharediluted": -0.18000000000000005,
        "weightedaveragenumberofdilutedsharesoutstanding": -306600000,
        "commonstockdividendspersharedeclared": 0.25,
        "othercomprehensiveincomelossreclassificationadjustmentfromaocionderivativesbeforetax": -49000000,
        "othercomprehensiveincomelossreclassificationadjustmentfromaocionderivativesnetoftax": -49000000,
        "othercomprehensiveincomeunrealizedgainlossonderivativesarisingduringperiodbeforetax": -49000000,
        "othercomprehensiveincomeunrealizedgainlossonderivativesarisingduringperiodnetoftax": -37000000,
        "othercomprehensiveincomelossderivativesqualifyingashedgesnetoftax": 12000000,
        "othercomprehensiveincomelosspensionandotherpostretirementbenefitplansnetunamortizedgainlossarisingduringperiodbeforetax": 0,
        "othercomprehensiveincomedefinedbenefitplansnetunamortizedgainlossarisingduringperiodtax": 0,
        "othercomprehensiveincomedefinedbenefitplansnetunamortizedgainlossarisingduringperiodnetoftax": 0,
        "othercomprehensiveincomelossreclassificationadjustmentfromaocipensionandotherpostretirementbenefitplansfornetgainlossbeforetax": -8000000,
        "othercomprehensiveincomelossreclassificationadjustmentfromaocipensionandotherpostretirementbenefitplansfornetgainlossnetoftax": -8000000,
        "othercomprehensiveincomelosspensionandotherpostretirementbenefitplansadjustmentnetoftax": -8000000,
        "othercomprehensiveincomelossnetoftax": 20000000,
        "comprehensiveincomenetoftaxincludingportionattributabletononcontrollinginterest": 23000000,
        "comprehensiveincomenetoftaxattributabletononcontrollinginterest": 45000000,
        "comprehensiveincomenetoftax": -22000000
    },
    {
        "date": "2018-06-29",
        "symbol": "HES",
        "period": "Q2",
        "revenuefromcontractwithcustomerandotheroperatingrevenuesexcludingassessedtax": 176000000,
        "gainlossonsaleofoilandgasproperty": 11000000,
        "othernonoperatingincomeexpense": 21000000,
        "revenues": 1566000000,
        "marketingincludingpurchasedoilandgas": 450000000,
        "operatingcostsandexpenses": 288000000,
        "productiontaxexpense": 42000000,
        "explorationexpense": 62000000,
        "generalandadministrativeexpense": 129000000,
        "interestexpense": 98000000,
        "gainslossesonextinguishmentofdebt": -26000000,
        "depreciationdepletionandamortization": 6000000,
        "costsandexpenses": 1539000000,
        "incomelossfromcontinuingoperationsbeforeincometaxesextraordinaryitemsnoncontrollinginterest": 27000000,
        "incometaxexpensebenefit": 9000000,
        "profitloss": -87000000,
        "netincomelossattributabletononcontrollinginterest": 43000000,
        "netincomeloss": -191000000,
        "preferredstockdividendsincomestatementimpact": 12000000,
        "netincomelossavailabletocommonstockholdersbasic": -142000000,
        "earningspersharebasic": -0.48,
        "earningspersharediluted": -0.48,
        "weightedaveragenumberofdilutedsharesoutstanding": 297500000,
        "commonstockdividendspersharedeclared": 0.25,
        "othercomprehensiveincomelossreclassificationadjustmentfromaocionderivativesbeforetax": -49000000,
        "othercomprehensiveincomelossreclassificationadjustmentfromaocionderivativesnetoftax": -49000000,
        "othercomprehensiveincomeunrealizedgainlossonderivativesarisingduringperiodbeforetax": -13000000,
        "othercomprehensiveincomeunrealizedgainlossonderivativesarisingduringperiodnetoftax": -13000000,
        "othercomprehensiveincomelossderivativesqualifyingashedgesnetoftax": 36000000,
        "othercomprehensiveincomelosspensionandotherpostretirementbenefitplansnetunamortizedgainlossarisingduringperiodbeforetax": 5000000,
        "othercomprehensiveincomedefinedbenefitplansnetunamortizedgainlossarisingduringperiodtax": 1000000,
        "othercomprehensiveincomedefinedbenefitplansnetunamortizedgainlossarisingduringperiodnetoftax": 4000000,
        "othercomprehensiveincomelossreclassificationadjustmentfromaocipensionandotherpostretirementbenefitplansfornetgainlossbeforetax": -9000000,
        "othercomprehensiveincomelossreclassificationadjustmentfromaocipensionandotherpostretirementbenefitplansfornetgainlossnetoftax": -9000000,
        "othercomprehensiveincomelosspensionandotherpostretirementbenefitplansadjustmentnetoftax": -13000000,
        "othercomprehensiveincomelossnetoftax": 49000000,
        "comprehensiveincomenetoftaxincludingportionattributabletononcontrollinginterest": -38000000,
        "comprehensiveincomenetoftaxattributabletononcontrollinginterest": 43000000,
        "comprehensiveincomenetoftax": -81000000
    },
    {
        "date": "2018-03-30",
        "symbol": "HES",
        "period": "Q1",
        "oilandgasrevenue": 167000000,
        "gainlossonsaleofoilandgasproperty": 7000000,
        "othernonoperatingincomeexpense": 37000000,
        "revenues": 1390000000,
        "costofgoodssoldoilandgas": 358000000,
        "operatingcostsandexpenses": 288000000,
        "productiontaxexpense": 39000000,
        "explorationexpense": 40000000,
        "generalandadministrativeexpense": 110000000,
        "interestexpense": 103000000,
        "gainslossesonextinguishmentofdebt": -27000000,
        "depreciationdepletionandamortization": 1000000,
        "costsandexpenses": 1382000000,
        "incomelossfromcontinuingoperationsbeforeincometaxesextraordinaryitemsnoncontrollinginterest": 8000000,
        "incometaxexpensebenefit": -31000000,
        "profitloss": 41000000,
        "netincomelossattributabletononcontrollinginterest": 41000000,
        "netincomeloss": -109000000,
        "preferredstockdividendsincomestatementimpact": 11000000,
        "netincomelossavailabletocommonstockholdersbasic": -117000000,
        "earningspersharebasic": -0.38,
        "earningspersharediluted": -0.38,
        "weightedaveragenumberofdilutedsharesoutstanding": 309500000,
        "commonstockdividendspersharedeclared": 0.25,
        "othercomprehensiveincomelossreclassificationadjustmentfromaocionderivativesbeforetax": -31000000,
        "othercomprehensiveincomelossreclassificationadjustmentfromaocionderivativesnetoftax": -31000000,
        "othercomprehensiveincomeunrealizedgainlossonderivativesarisingduringperiodbeforetax": -22000000,
        "othercomprehensiveincomeunrealizedgainlossonderivativesarisingduringperiodnetoftax": -22000000,
        "othercomprehensiveincomelossderivativesqualifyingashedgesnetoftax": 9000000,
        "othercomprehensiveincomelosspensionandotherpostretirementbenefitplansnetunamortizedgainlossarisingduringperiodbeforetax": 125000000,
        "othercomprehensiveincomedefinedbenefitplansnetunamortizedgainlossarisingduringperiodtax": 30000000,
        "othercomprehensiveincomedefinedbenefitplansnetunamortizedgainlossarisingduringperiodnetoftax": 95000000,
        "othercomprehensiveincomelossreclassificationadjustmentfromaocipensionandotherpostretirementbenefitplansfornetgainlossbeforetax": -12000000,
        "othercomprehensiveincomelossreclassificationadjustmentfromaocipensionandotherpostretirementbenefitplansfornetgainlossnetoftax": -12000000,
        "othercomprehensiveincomelosspensionandotherpostretirementbenefitplansadjustmentnetoftax": -107000000,
        "othercomprehensiveincomelossnetoftax": 116000000,
        "comprehensiveincomenetoftaxincludingportionattributabletononcontrollinginterest": 51000000,
        "comprehensiveincomenetoftaxattributabletononcontrollinginterest": 41000000,
        "comprehensiveincomenetoftax": 10000000
    },
    {
        "date": "2017-12-30",
        "symbol": "HES",
        "period": "Q4",
        "oilandgasrevenue": 924000000,
        "othernonoperatingincomeexpense": -7000000,
        "revenues": 1236000000,
        "costofgoodssoldoilandgas": 416000000,
        "operatingcostsandexpenses": 359000000,
        "productiontaxexpense": 31000000,
        "explorationexpense": 356000000,
        "generalandadministrativeexpense": 125000000,
        "interestexpense": 54000000,
        "depreciationdepletionandamortization": 249000000,
        "costsandexpenses": 3713000000,
        "incomelossfromcontinuingoperationsbeforeincometaxesextraordinaryitemsnoncontrollinginterest": 3315000000,
        "incometaxexpensebenefit": 1000000,
        "profitloss": 1115000000,
        "netincomelossattributabletononcontrollinginterest": 42000000,
        "netincomeloss": -3716000000,
        "preferredstockdividendsincomestatementimpact": 12000000,
        "netincomelossavailabletocommonstockholdersbasic": -2689000000,
        "earningspersharebasic": -8.57,
        "earningspersharediluted": -8.57,
        "weightedaveragenumberofdilutedsharesoutstanding": -628700000,
        "commonstockdividendspersharedeclared": 0.25,
        "othercomprehensiveincomeunrealizedgainlossonderivativesarisingduringperiodbeforetax": -156000000,
        "othercomprehensiveincomelossderivativesqualifyingashedgesnetoftax": -142000000,
        "othercomprehensiveincomedefinedbenefitplansnetunamortizedgainlossarisingduringperiodnetoftax": 30000000,
        "othercomprehensiveincomelossreclassificationadjustmentfromaocipensionandotherpostretirementbenefitplansfornetgainlossbeforetax": -20000000,
        "othercomprehensiveincomelossreclassificationadjustmentfromaocipensionandotherpostretirementbenefitplansfornetgainlossnetoftax": -20000000,
        "othercomprehensiveincomelosspensionandotherpostretirementbenefitplansadjustmentnetoftax": -50000000,
        "othercomprehensiveincomeforeigncurrencytransactionandtranslationgainlossarisingduringperiodnetoftax": -64000000,
        "othercomprehensiveincomelossforeigncurrencytransactionandtranslationadjustmentnetoftax": 836000000,
        "othercomprehensiveincomelossnetoftax": 786000000,
        "comprehensiveincomenetoftaxincludingportionattributabletononcontrollinginterest": -1849000000,
        "comprehensiveincomenetoftaxattributabletononcontrollinginterest": 42000000,
        "comprehensiveincomenetoftax": -1891000000
    },
    {
        "date": "2017-09-29",
        "symbol": "HES",
        "period": "Q3",
        "oilandgasrevenue": -153000000,
        "gainlossonsaleofoilandgasproperty": 273000000,
        "othernonoperatingincomeexpense": 22000000,
        "revenues": 1666000000,
        "costofgoodssoldoilandgas": 360000000,
        "operatingcostsandexpenses": 352000000,
        "productiontaxexpense": 27000000,
        "explorationexpense": 40000000,
        "generalandadministrativeexpense": 113000000,
        "interestexpense": 79000000,
        "depreciationdepletionandamortization": 21000000,
        "assetimpairmentcharges": 2503000000,
        "costsandexpenses": 4233000000,
        "incomelossfromcontinuingoperationsbeforeincometaxesextraordinaryitemsnoncontrollinginterest": -2567000000,
        "incometaxexpensebenefit": -2000000,
        "profitloss": -593000000,
        "netincomelossattributabletononcontrollinginterest": 31000000,
        "netincomeloss": -138000000,
        "preferredstockdividendsincomestatementimpact": 11000000,
        "netincomelossavailabletocommonstockholdersbasic": -635000000,
        "earningspersharebasic": -2.02,
        "earningspersharediluted": -2.02,
        "weightedaveragenumberofdilutedsharesoutstanding": 314500000,
        "commonstockdividendspersharedeclared": 0.25,
        "othercomprehensiveincomelossreclassificationadjustmentfromaocionderivativesbeforetax": 18000000,
        "othercomprehensiveincomelossreclassificationadjustmentfromaocionderivativesnetoftax": 18000000,
        "othercomprehensiveincomeunrealizedgainlossonderivativesarisingduringperiodbeforetax": -76000000,
        "othercomprehensiveincomeunrealizedgainlossonderivativesarisingduringperiodnetoftax": -76000000,
        "othercomprehensiveincomelossderivativesqualifyingashedgesnetoftax": 1000000,
        "othercomprehensiveincomedefinedbenefitplansnetunamortizedgainlossarisingduringperiodtax": -2000000,
        "othercomprehensiveincomedefinedbenefitplansnetunamortizedgainlossarisingduringperiodnetoftax": 2000000,
        "othercomprehensiveincomelossreclassificationadjustmentfromaocipensionandotherpostretirementbenefitplansfornetgainlossbeforetax": -17000000,
        "othercomprehensiveincomelossreclassificationadjustmentfromaocipensionandotherpostretirementbenefitplansfornetgainlossnetoftax": -17000000,
        "othercomprehensiveincomelosspensionandotherpostretirementbenefitplansadjustmentnetoftax": -19000000,
        "othercomprehensiveincomeforeigncurrencytransactionandtranslationgainlossarisingduringperiodnetoftax": 121000000,
        "othercomprehensiveincomelossforeigncurrencytransactionandtranslationadjustmentnetoftax": 121000000,
        "othercomprehensiveincomelossnetoftax": 46000000,
        "comprehensiveincomenetoftaxincludingportionattributabletononcontrollinginterest": -547000000,
        "comprehensiveincomenetoftaxattributabletononcontrollinginterest": 31000000,
        "comprehensiveincomenetoftax": -578000000
    },
    {
        "date": "2017-06-29",
        "symbol": "HES",
        "period": "Q2",
        "oilandgasrevenue": -154000000,
        "othernonoperatingincomeexpense": 12000000,
        "revenues": 1228000000,
        "costofgoodssoldoilandgas": 272000000,
        "operatingcostsandexpenses": 375000000,
        "productiontaxexpense": 30000000,
        "explorationexpense": 53000000,
        "generalandadministrativeexpense": 100000000,
        "interestexpense": 82000000,
        "depreciationdepletionandamortization": 1000000,
        "costsandexpenses": 1653000000,
        "incomelossfromcontinuingoperationsbeforeincometaxesextraordinaryitemsnoncontrollinginterest": -425000000,
        "incometaxexpensebenefit": -4000000,
        "profitloss": -417000000,
        "netincomelossattributabletononcontrollinginterest": 32000000,
        "netincomeloss": -111000000,
        "preferredstockdividendsincomestatementimpact": 11000000,
        "netincomelossavailabletocommonstockholdersbasic": -460000000,
        "earningspersharebasic": -1.46,
        "earningspersharediluted": -1.46,
        "weightedaveragenumberofdilutedsharesoutstanding": 314400000,
        "commonstockdividendspersharedeclared": 0.25,
        "othercomprehensiveincomelossreclassificationadjustmentfromaocionderivativesbeforetax": 20000000,
        "othercomprehensiveincomelossreclassificationadjustmentfromaocionderivativesnetoftax": 20000000,
        "othercomprehensiveincomeunrealizedgainlossonderivativesarisingduringperiodbeforetax": 72000000,
        "othercomprehensiveincomeunrealizedgainlossonderivativesarisingduringperiodtax": -2000000,
        "othercomprehensiveincomeunrealizedgainlossonderivativesarisingduringperiodnetoftax": 74000000,
        "othercomprehensiveincomelossderivativesqualifyingashedgesnetoftax": 1000000,
        "othercomprehensiveincomelosspensionandotherpostretirementbenefitplansnetunamortizedgainlossarisingduringperiodbeforetax": -2000000,
        "othercomprehensiveincomedefinedbenefitplansnetunamortizedgainlossarisingduringperiodtax": -1000000,
        "othercomprehensiveincomedefinedbenefitplansnetunamortizedgainlossarisingduringperiodnetoftax": -1000000,
        "othercomprehensiveincomelossreclassificationadjustmentfromaocipensionandotherpostretirementbenefitplansfornetgainlossbeforetax": -23000000,
        "othercomprehensiveincomelossreclassificationadjustmentfromaocipensionandotherpostretirementbenefitplansfornetgainlossnetoftax": -23000000,
        "othercomprehensiveincomelosspensionandotherpostretirementbenefitplansadjustmentnetoftax": -22000000,
        "othercomprehensiveincomeforeigncurrencytransactionandtranslationgainlossarisingduringperiodnetoftax": 73000000,
        "othercomprehensiveincomelossforeigncurrencytransactionandtranslationadjustmentnetoftax": 73000000,
        "othercomprehensiveincomelossnetoftax": 149000000,
        "comprehensiveincomenetoftaxincludingportionattributabletononcontrollinginterest": -268000000,
        "comprehensiveincomenetoftaxattributabletononcontrollinginterest": 32000000,
        "comprehensiveincomenetoftax": -300000000
    },
    {
        "date": "2017-03-30",
        "symbol": "HES",
        "period": "Q1",
        "oilandgasrevenue": -147000000,
        "othernonoperatingincomeexpense": -2000000,
        "revenues": 1275000000,
        "costofgoodssoldoilandgas": 219000000,
        "operatingcostsandexpenses": 359000000,
        "productiontaxexpense": 31000000,
        "explorationexpense": 58000000,
        "generalandadministrativeexpense": 96000000,
        "interestexpense": 84000000,
        "depreciationdepletionandamortization": 2000000,
        "costsandexpenses": 1584000000,
        "incomelossfromcontinuingoperationsbeforeincometaxesextraordinaryitemsnoncontrollinginterest": -309000000,
        "incometaxexpensebenefit": -4000000,
        "profitloss": 28000000,
        "netincomelossattributabletononcontrollinginterest": 28000000,
        "netincomeloss": -109000000,
        "preferredstockdividendsincomestatementimpact": 12000000,
        "netincomelossavailabletocommonstockholdersbasic": -336000000,
        "earningspersharebasic": -1.07,
        "earningspersharediluted": -1.07,
        "weightedaveragenumberofdilutedsharesoutstanding": 313900000,
        "commonstockdividendspersharedeclared": 0.25,
        "othercomprehensiveincomeunrealizedgainlossonderivativesarisingduringperiodbeforetax": 4000000,
        "othercomprehensiveincomeunrealizedgainlossonderivativesarisingduringperiodtax": 2000000,
        "othercomprehensiveincomelossderivativesqualifyingashedgesnetoftax": 2000000,
        "othercomprehensiveincomelosspensionandotherpostretirementbenefitplansnetunamortizedgainlossarisingduringperiodbeforetax": 7000000,
        "othercomprehensiveincomedefinedbenefitplansnetunamortizedgainlossarisingduringperiodtax": 3000000,
        "othercomprehensiveincomedefinedbenefitplansnetunamortizedgainlossarisingduringperiodnetoftax": 4000000,
        "othercomprehensiveincomelossreclassificationadjustmentfromaocipensionandotherpostretirementbenefitplansfornetgainlossbeforetax": -17000000,
        "othercomprehensiveincomelossreclassificationadjustmentfromaocipensionandotherpostretirementbenefitplansfornetgainlossnetoftax": -17000000,
        "othercomprehensiveincomelosspensionandotherpostretirementbenefitplansadjustmentnetoftax": -21000000,
        "othercomprehensiveincomeforeigncurrencytransactionandtranslationgainlossarisingduringperiodnetoftax": 14000000,
        "othercomprehensiveincomelossforeigncurrencytransactionandtranslationadjustmentnetoftax": 14000000,
        "othercomprehensiveincomelossnetoftax": 37000000,
        "comprehensiveincomenetoftaxincludingportionattributabletononcontrollinginterest": -259000000,
        "comprehensiveincomenetoftaxattributabletononcontrollinginterest": 28000000,
        "comprehensiveincomenetoftax": -287000000
    },
    {
        "date": "2016-12-30",
        "symbol": "HES",
        "period": "Q4",
        "oilandgasrevenue": 824000000,
        "othernonoperatingincomeexpense": -25000000,
        "revenues": 1386000000,
        "costofgoodssoldoilandgas": 375000000,
        "operatingcostsandexpenses": 568000000,
        "productiontaxexpense": 27000000,
        "explorationexpense": 1033000000,
        "generalandadministrativeexpense": 105000000,
        "interestexpense": 65000000,
        "depreciationdepletionandamortization": 3000000,
        "costsandexpenses": 3095000000,
        "incomelossfromcontinuingoperationsbeforeincometaxesextraordinaryitemsnoncontrollinginterest": -1709000000,
        "incometaxexpensebenefit": 761000000,
        "incomelossfromcontinuingoperationsincludingportionattributabletononcontrollinginterest": -4898000000,
        "profitloss": -6000000,
        "netincomelossattributabletononcontrollinginterest": -6000000,
        "netincomeloss": -4892000000,
        "preferredstockdividendsincomestatementimpact": 11000000,
        "netincomelossavailabletocommonstockholdersbasic": -4903000000,
        "incomelossfromcontinuingoperationsperbasicshare": -15.81,
        "earningspersharebasic": -15.81,
        "incomelossfromcontinuingoperationsperdilutedshare": -15.81,
        "earningspersharediluted": -15.81,
        "weightedaveragenumberofdilutedsharesoutstanding": 1200000,
        "commonstockdividendspersharedeclared": 0.25,
        "othercomprehensiveincomelossreclassificationadjustmentfromaocipensionandotherpostretirementbenefitplansfornetgainlossbeforetax": -13000000,
        "othercomprehensiveincomelossreclassificationadjustmentfromaocipensionandotherpostretirementbenefitplansfornetgainlosstax": -5000000,
        "othercomprehensiveincomelossreclassificationadjustmentfromaocipensionandotherpostretirementbenefitplansfornetgainlossnetoftax": -8000000,
        "othercomprehensiveincomelosspensionandotherpostretirementbenefitplansadjustmentnetoftax": 129000000,
        "othercomprehensiveincomeforeigncurrencytransactionandtranslationgainlossarisingduringperiodnetoftax": -203000000,
        "othercomprehensiveincomelossforeigncurrencytransactionandtranslationadjustmentnetoftax": -203000000,
        "othercomprehensiveincomelossnetoftax": -332000000,
        "comprehensiveincomenetoftaxincludingportionattributabletononcontrollinginterest": -5230000000,
        "comprehensiveincomenetoftaxattributabletononcontrollinginterest": -6000000,
        "comprehensiveincomenetoftax": -5224000000
    },
    {
        "date": "2016-09-29",
        "symbol": "HES",
        "period": "Q3",
        "oilandgasrevenue": -120000000,
        "othernonoperatingincomeexpense": 19000000,
        "revenues": 1196000000,
        "costofgoodssoldoilandgas": 222000000,
        "operatingcostsandexpenses": 421000000,
        "productiontaxexpense": 27000000,
        "explorationexpense": 78000000,
        "generalandadministrativeexpense": 106000000,
        "interestexpense": 84000000,
        "depreciationdepletionandamortization": 2000000,
        "costsandexpenses": 1829000000,
        "incomelossfromcontinuingoperationsbeforeincometaxesextraordinaryitemsnoncontrollinginterest": -633000000,
        "incometaxexpensebenefit": -73000000,
        "incomelossfromcontinuingoperationsincludingportionattributabletononcontrollinginterest": -317000000,
        "profitloss": 414000000,
        "netincomelossattributabletononcontrollinginterest": 22000000,
        "netincomeloss": -339000000,
        "preferredstockdividendsincomestatementimpact": 12000000,
        "netincomelossavailabletocommonstockholdersbasic": -351000000,
        "incomelossfromcontinuingoperationsperbasicshare": -1.1000000000000003,
        "earningspersharebasic": -1.1000000000000003,
        "incomelossfromcontinuingoperationsperdilutedshare": -1.1000000000000003,
        "earningspersharediluted": -1.1000000000000003,
        "weightedaveragenumberofdilutedsharesoutstanding": -304300000,
        "commonstockdividendspersharedeclared": 0.25,
        "othercomprehensiveincomelossreclassificationadjustmentfromaocipensionandotherpostretirementbenefitplansfornetgainlossbeforetax": -15000000,
        "othercomprehensiveincomelossreclassificationadjustmentfromaocipensionandotherpostretirementbenefitplansfornetgainlosstax": -5000000,
        "othercomprehensiveincomelossreclassificationadjustmentfromaocipensionandotherpostretirementbenefitplansfornetgainlossnetoftax": -10000000,
        "othercomprehensiveincomelosspensionandotherpostretirementbenefitplansadjustmentnetoftax": -10000000,
        "othercomprehensiveincomeforeigncurrencytransactionandtranslationgainlossarisingduringperiodnetoftax": 117000000,
        "othercomprehensiveincomelossforeigncurrencytransactionandtranslationadjustmentnetoftax": 117000000,
        "othercomprehensiveincomelossnetoftax": 127000000,
        "comprehensiveincomenetoftaxincludingportionattributabletononcontrollinginterest": -190000000,
        "comprehensiveincomenetoftaxattributabletononcontrollinginterest": 22000000,
        "comprehensiveincomenetoftax": -212000000
    },
    {
        "date": "2016-06-29",
        "symbol": "HES",
        "period": "Q2",
        "oilandgasrevenue": -119000000,
        "othernonoperatingincomeexpense": 45000000,
        "revenues": 1269000000,
        "costofgoodssoldoilandgas": 277000000,
        "operatingcostsandexpenses": 455000000,
        "productiontaxexpense": 28000000,
        "explorationexpense": 199000000,
        "generalandadministrativeexpense": 106000000,
        "interestexpense": 85000000,
        "depreciationdepletionandamortization": 2000000,
        "costsandexpenses": 1947000000,
        "incomelossfromcontinuingoperationsbeforeincometaxesextraordinaryitemsnoncontrollinginterest": -678000000,
        "incometaxexpensebenefit": -39000000,
        "incomelossfromcontinuingoperationsincludingportionattributabletononcontrollinginterest": -373000000,
        "profitloss": -373000000,
        "netincomelossattributabletononcontrollinginterest": 19000000,
        "netincomeloss": -392000000,
        "preferredstockdividendsincomestatementimpact": 12000000,
        "netincomelossavailabletocommonstockholdersbasic": -404000000,
        "incomelossfromcontinuingoperationsperbasicshare": -1.29,
        "earningspersharebasic": -1.29,
        "incomelossfromcontinuingoperationsperdilutedshare": -1.29,
        "earningspersharediluted": -1.29,
        "weightedaveragenumberofdilutedsharesoutstanding": 313200000,
        "commonstockdividendspersharedeclared": 0.25,
        "othercomprehensiveincomelosspensionandotherpostretirementbenefitplansnetunamortizedgainlossarisingduringperiodbeforetax": 4000000,
        "othercomprehensiveincomedefinedbenefitplansnetunamortizedgainlossarisingduringperiodtax": 2000000,
        "othercomprehensiveincomedefinedbenefitplansnetunamortizedgainlossarisingduringperiodnetoftax": 2000000,
        "othercomprehensiveincomelossreclassificationadjustmentfromaocipensionandotherpostretirementbenefitplansfornetgainlossbeforetax": -16000000,
        "othercomprehensiveincomelossreclassificationadjustmentfromaocipensionandotherpostretirementbenefitplansfornetgainlosstax": -6000000,
        "othercomprehensiveincomelossreclassificationadjustmentfromaocipensionandotherpostretirementbenefitplansfornetgainlossnetoftax": -10000000,
        "othercomprehensiveincomelosspensionandotherpostretirementbenefitplansadjustmentnetoftax": -12000000,
        "othercomprehensiveincomeforeigncurrencytransactionandtranslationgainlossarisingduringperiodnetoftax": -27000000,
        "othercomprehensiveincomelossforeigncurrencytransactionandtranslationadjustmentnetoftax": -27000000,
        "othercomprehensiveincomelossnetoftax": -15000000,
        "comprehensiveincomenetoftaxincludingportionattributabletononcontrollinginterest": -388000000,
        "comprehensiveincomenetoftaxattributabletononcontrollinginterest": 19000000,
        "comprehensiveincomenetoftax": -407000000
    },
    {
        "date": "2016-03-30",
        "symbol": "HES",
        "period": "Q1",
        "oilandgasrevenue": -119000000,
        "othernonoperatingincomeexpense": 20000000,
        "revenues": 993000000,
        "costofgoodssoldoilandgas": 189000000,
        "operatingcostsandexpenses": 436000000,
        "productiontaxexpense": 19000000,
        "explorationexpense": 132000000,
        "generalandadministrativeexpense": 98000000,
        "interestexpense": 85000000,
        "depreciationdepletionandamortization": 3000000,
        "costsandexpenses": 1827000000,
        "incomelossfromcontinuingoperationsbeforeincometaxesextraordinaryitemsnoncontrollinginterest": -834000000,
        "incometaxexpensebenefit": -40000000,
        "incomelossfromcontinuingoperationsincludingportionattributabletononcontrollinginterest": -488000000,
        "profitloss": 21000000,
        "netincomelossattributabletononcontrollinginterest": 21000000,
        "netincomeloss": -509000000,
        "preferredstockdividendsincomestatementimpact": 6000000,
        "netincomelossavailabletocommonstockholdersbasic": -515000000,
        "incomelossfromcontinuingoperationsperbasicshare": -1.72,
        "earningspersharebasic": -1.72,
        "incomelossfromcontinuingoperationsperdilutedshare": -1.72,
        "earningspersharediluted": -1.72,
        "weightedaveragenumberofdilutedsharesoutstanding": 299800000,
        "commonstockdividendspersharedeclared": 0.25,
        "othercomprehensiveincomelossreclassificationadjustmentfromaocipensionandotherpostretirementbenefitplansfornetgainlossbeforetax": -16000000,
        "othercomprehensiveincomelossreclassificationadjustmentfromaocipensionandotherpostretirementbenefitplansfornetgainlosstax": -5000000,
        "othercomprehensiveincomelossreclassificationadjustmentfromaocipensionandotherpostretirementbenefitplansfornetgainlossnetoftax": -11000000,
        "othercomprehensiveincomelosspensionandotherpostretirementbenefitplansadjustmentnetoftax": -11000000,
        "othercomprehensiveincomeforeigncurrencytransactionandtranslationgainlossarisingduringperiodnetoftax": 169000000,
        "othercomprehensiveincomelossforeigncurrencytransactionandtranslationadjustmentnetoftax": 169000000,
        "othercomprehensiveincomelossnetoftax": 180000000,
        "comprehensiveincomenetoftaxincludingportionattributabletononcontrollinginterest": -308000000,
        "comprehensiveincomenetoftaxattributabletononcontrollinginterest": 21000000,
        "comprehensiveincomenetoftax": -329000000
    },
    {
        "date": "2015-09-29",
        "symbol": "HES",
        "period": "Q3",
        "oilandgasrevenue": -3068000000,
        "othernonoperatingincomeexpense": -32000000,
        "revenues": 1689000000,
        "operatingcostsandexpenses": 536000000,
        "taxesother": 29000000,
        "explorationexpense": 144000000,
        "generalandadministrativeexpense": 119000000,
        "depreciationdepletionandamortization": -950000000,
        "costsandexpenses": 2228000000,
        "incomelossfromcontinuingoperationsbeforeincometaxesextraordinaryitemsnoncontrollinginterest": -539000000,
        "incometaxexpensebenefit": 241000000,
        "incomelossfromcontinuingoperationsincludingportionattributabletononcontrollinginterest": -239000000,
        "incomelossfromdiscontinuedoperationsnetoftax": -13000000,
        "profitloss": 983000000,
        "netincomeloss": -279000000,
        "incomelossfromcontinuingoperationsperbasicshare": -0.95,
        "incomelossfromdiscontinuedoperationsnetoftaxperbasicshare": -0.04000000000000001,
        "earningspersharebasic": -0.9899999999999993,
        "incomelossfromcontinuingoperationsperdilutedshare": -0.95,
        "incomelossfromdiscontinuedoperationsnetoftaxperdilutedshare": -0.04000000000000001,
        "earningspersharediluted": -0.9899999999999993,
        "weightedaveragenumberofdilutedsharesoutstanding": -284000000,
        "commonstockdividendspersharedeclared": 0.25,
        "othercomprehensiveincomeunrealizedgainlossonderivativesarisingduringperiodbeforetax": 109000000,
        "othercomprehensiveincomeunrealizedgainlossonderivativesarisingduringperiodtax": 41000000,
        "othercomprehensiveincomeunrealizedgainlossonderivativesarisingduringperiodnetoftax": 68000000,
        "othercomprehensiveincomelossderivativesqualifyingashedgesnetoftax": 47000000,
        "othercomprehensiveincomelosspensionandotherpostretirementbenefitplansadjustmentnetoftax": -41000000,
        "othercomprehensiveincomeforeigncurrencytransactionandtranslationgainlossarisingduringperiodnetoftax": -208000000,
        "othercomprehensiveincomelossforeigncurrencytransactionandtranslationadjustmentnetoftax": -208000000,
        "othercomprehensiveincomelossnetoftax": -146000000,
        "comprehensiveincomenetoftaxincludingportionattributabletononcontrollinginterest": 1009000000,
        "comprehensiveincomenetoftax": -425000000
    },
    {
        "date": "2015-06-29",
        "symbol": "HES",
        "period": "Q2",
        "oilandgasrevenue": 1953000000,
        "othernonoperatingincomeexpense": -18000000,
        "revenues": 1935000000,
        "costofgoodssoldoilandgas": 356000000,
        "operatingcostsandexpenses": 503000000,
        "taxesother": 45000000,
        "explorationexpense": 90000000,
        "generalandadministrativeexpense": 151000000,
        "interestincomeexpensenet": -86000000,
        "depreciationdepletionandamortization": 2000000,
        "goodwillimpairmentloss": 385000000,
        "costsandexpenses": 2644000000,
        "incomelossfromcontinuingoperationsbeforeincometaxesextraordinaryitemsnoncontrollinginterest": -709000000,
        "incometaxexpensebenefit": -55000000,
        "incomelossfromcontinuingoperationsincludingportionattributabletononcontrollinginterest": -553000000,
        "incomelossfromdiscontinuedoperationsnetoftax": -14000000,
        "profitloss": -567000000,
        "netincomeloss": -567000000,
        "incomelossfromcontinuingoperationsperbasicshare": -1.94,
        "incomelossfromdiscontinuedoperationsnetoftaxperbasicshare": -0.05,
        "earningspersharebasic": -1.99,
        "incomelossfromcontinuingoperationsperdilutedshare": -1.94,
        "incomelossfromdiscontinuedoperationsnetoftaxperdilutedshare": -0.05,
        "earningspersharediluted": -1.99,
        "weightedaveragenumberofdilutedsharesoutstanding": 284300000,
        "commonstockdividendspersharedeclared": 0.25,
        "othercomprehensiveincomeunrealizedgainlossonderivativesarisingduringperiodbeforetax": -18000000,
        "othercomprehensiveincomeunrealizedgainlossonderivativesarisingduringperiodtax": -6000000,
        "othercomprehensiveincomeunrealizedgainlossonderivativesarisingduringperiodnetoftax": -12000000,
        "othercomprehensiveincomelossderivativesqualifyingashedgesnetoftax": -12000000,
        "othercomprehensiveincomelosspensionandotherpostretirementbenefitplansnetunamortizedgainlossarisingduringperiodbeforetax": -15000000,
        "othercomprehensiveincomedefinedbenefitplansnetunamortizedgainlossarisingduringperiodtax": -6000000,
        "othercomprehensiveincomedefinedbenefitplansnetunamortizedgainlossarisingduringperiodnetoftax": -9000000,
        "beforetaxamortizationofnetactuariallossespreviouslyrecordedinaccumulatedothercomprehensiveincome": -25000000,
        "incometaxonamortizationofnetactuariallossespreviouslyrecordedinaccumulatedothercomprehensiveincome": 8000000,
        "aftertaxeffectofamortizationofnetactuariallossespreviouslyrecordedinaccumulatedothercomprehensiveincome": -17000000,
        "othercomprehensiveincomelosspensionandotherpostretirementbenefitplansadjustmentnetoftax": -8000000,
        "othercomprehensiveincomeforeigncurrencytransactionandtranslationgainlossarisingduringperiodnetoftax": 72000000,
        "othercomprehensiveincomelossforeigncurrencytransactionandtranslationadjustmentnetoftax": 72000000,
        "othercomprehensiveincomelossnetoftax": 68000000,
        "comprehensiveincomenetoftaxincludingportionattributabletononcontrollinginterest": -499000000,
        "comprehensiveincomenetoftax": -499000000
    },
    {
        "date": "2015-03-30",
        "symbol": "HES",
        "period": "Q1",
        "oilandgasrevenue": 1538000000,
        "othernonoperatingincomeexpense": 12000000,
        "revenues": 1550000000,
        "costofproductssoldother": 306000000,
        "operatingcostsandexpenses": 478000000,
        "taxesother": 36000000,
        "explorationexpense": 269000000,
        "generalandadministrativeexpense": 147000000,
        "interestincomeexpensenet": -85000000,
        "depreciationdepletionandamortization": 956000000,
        "costsandexpenses": 2277000000,
        "incomelossfromcontinuingoperationsbeforeincometaxesextraordinaryitemsnoncontrollinginterest": -727000000,
        "incometaxexpensebenefit": -351000000,
        "incomelossfromcontinuingoperationsincludingportionattributabletononcontrollinginterest": -376000000,
        "incomelossfromdiscontinuedoperationsnetoftax": -13000000,
        "profitloss": -389000000,
        "netincomeloss": -389000000,
        "incomelossfromcontinuingoperationsperbasicshare": -1.32,
        "incomelossfromdiscontinuedoperationsnetoftaxperbasicshare": -0.05,
        "earningspersharebasic": -1.37,
        "incomelossfromcontinuingoperationsperdilutedshare": -1.32,
        "incomelossfromdiscontinuedoperationsnetoftaxperdilutedshare": -0.05,
        "earningspersharediluted": -1.37,
        "weightedaveragenumberofdilutedsharesoutstanding": 283500000,
        "commonstockdividendspersharedeclared": 0.25,
        "othercomprehensiveincomeunrealizedgainlossonderivativesarisingduringperiodbeforetax": 20000000,
        "othercomprehensiveincomeunrealizedgainlossonderivativesarisingduringperiodtax": 7000000,
        "othercomprehensiveincomeunrealizedgainlossonderivativesarisingduringperiodnetoftax": 13000000,
        "othercomprehensiveincomelossderivativesqualifyingashedgesnetoftax": 13000000,
        "beforetaxamortizationofnetactuariallossespreviouslyrecordedinaccumulatedothercomprehensiveincome": 19000000,
        "incometaxonamortizationofnetactuariallossespreviouslyrecordedinaccumulatedothercomprehensiveincome": -6000000,
        "aftertaxeffectofamortizationofnetactuariallossespreviouslyrecordedinaccumulatedothercomprehensiveincome": 13000000,
        "othercomprehensiveincomelosspensionandotherpostretirementbenefitplansadjustmentnetoftax": 13000000,
        "othercomprehensiveincomeforeigncurrencytransactionandtranslationgainlossarisingduringperiodnetoftax": -120000000,
        "othercomprehensiveincomelossforeigncurrencytransactionandtranslationadjustmentnetoftax": -120000000,
        "othercomprehensiveincomelossnetoftax": -94000000,
        "comprehensiveincomenetoftaxincludingportionattributabletononcontrollinginterest": -483000000,
        "comprehensiveincomenetoftax": -483000000
    },
    {
        "date": "2014-09-29",
        "symbol": "HES",
        "period": "Q3",
        "oilandgasrevenue": 2636000000,
        "gainlossonsaleofoilandgasproperty": 31000000,
        "othernonoperatingincomeexpense": -6000000,
        "revenues": -12000000,
        "costofproductssoldother": -2082000000,
        "operatingcostsandexpenses": 487000000,
        "taxesother": 69000000,
        "marketingexpenses": -219000000,
        "explorationexpense": 90000000,
        "generalandadministrativeexpense": 128000000,
        "interestincomeexpensenet": -75000000,
        "depreciationdepletionandamortization": 810000000,
        "costsandexpenses": -642000000,
        "incomelossfromcontinuingoperationsbeforeincometaxesextraordinaryitemsnoncontrollinginterest": 630000000,
        "incometaxexpensebenefit": 238000000,
        "incomelossfromcontinuingoperationsincludingportionattributabletononcontrollinginterest": 392000000,
        "incomelossfromdiscontinuedoperationsnetoftax": 638000000,
        "profitloss": -1260000000,
        "netincomelossattributabletononcontrollinginterest": 22000000,
        "netincomeloss": 1008000000,
        "incomelossfromcontinuingoperationsperbasicshare": 1.25,
        "incomelossfromdiscontinuedoperationsnetoftaxperbasicshare": 2.07,
        "earningspersharebasic": 3.3200000000000003,
        "incomelossfromcontinuingoperationsperdilutedshare": 1.2400000000000004,
        "incomelossfromdiscontinuedoperationsnetoftaxperdilutedshare": 2.04,
        "earningspersharediluted": 3.2800000000000002,
        "weightedaveragenumberofdilutedsharesoutstanding": -324000000,
        "commonstockdividendspersharedeclared": 0.25,
        "othercomprehensiveincomelossreclassificationadjustmentfromaocionderivativesbeforetax": 8000000,
        "othercomprehensiveincomelossreclassificationadjustmentfromaocionderivativestax": 3000000,
        "othercomprehensiveincomelossreclassificationadjustmentfromaocionderivativesnetoftax": 5000000,
        "othercomprehensiveincomeunrealizedgainlossonderivativesarisingduringperiodbeforetax": 90000000,
        "othercomprehensiveincomeunrealizedgainlossonderivativesarisingduringperiodtax": 34000000,
        "othercomprehensiveincomeunrealizedgainlossonderivativesarisingduringperiodnetoftax": 56000000,
        "othercomprehensiveincomelossderivativesqualifyingashedgesnetoftax": 51000000,
        "beforetaxamortizationofnetactuariallossespreviouslyrecordedinaccumulatedothercomprehensiveincome": 19000000,
        "incometaxonamortizationofnetactuariallossespreviouslyrecordedinaccumulatedothercomprehensiveincome": 7000000,
        "aftertaxeffectofamortizationofnetactuariallossespreviouslyrecordedinaccumulatedothercomprehensiveincome": 12000000,
        "othercomprehensiveincomelosspensionandotherpostretirementbenefitplansadjustmentnetoftax": -12000000,
        "othercomprehensiveincomeforeigncurrencytransactionandtranslationgainlossarisingduringperiodnetoftax": -166000000,
        "othercomprehensiveincomelossforeigncurrencytransactionandtranslationadjustmentnetoftax": -166000000,
        "othercomprehensiveincomelossnetoftax": -103000000,
        "comprehensiveincomenetoftaxincludingportionattributabletononcontrollinginterest": -1214000000,
        "comprehensiveincomenetoftaxattributabletononcontrollinginterest": 22000000,
        "comprehensiveincomenetoftax": 905000000
    },
    {
        "date": "2014-06-29",
        "symbol": "HES",
        "period": "Q2",
        "oilandgasrevenue": 2846000000,
        "gainlossonsaleofoilandgasproperty": 779000000,
        "othernonoperatingincomeexpense": -25000000,
        "revenues": 3600000000,
        "costofproductssoldother": 444000000,
        "operatingcostsandexpenses": 522000000,
        "taxesother": 78000000,
        "marketingexpenses": 25000000,
        "explorationexpense": 460000000,
        "generalandadministrativeexpense": 143000000,
        "interestincomeexpensenet": -85000000,
        "depreciationdepletionandamortization": 787000000,
        "costsandexpenses": 2544000000,
        "incomelossfromcontinuingoperationsbeforeincometaxesextraordinaryitemsnoncontrollinginterest": 1056000000,
        "incometaxexpensebenefit": 89000000,
        "incomelossfromcontinuingoperationsincludingportionattributabletononcontrollinginterest": 967000000,
        "incomelossfromdiscontinuedoperationsnetoftax": -37000000,
        "profitloss": 930000000,
        "netincomelossattributabletononcontrollinginterest": -1000000,
        "netincomeloss": 931000000,
        "incomelossfromcontinuingoperationsperbasicshare": 3.13,
        "incomelossfromdiscontinuedoperationsnetoftaxperbasicshare": -0.12,
        "earningspersharebasic": 3.01,
        "incomelossfromcontinuingoperationsperdilutedshare": 3.08,
        "incomelossfromdiscontinuedoperationsnetoftaxperdilutedshare": -0.12,
        "earningspersharediluted": 2.96,
        "weightedaveragenumberofdilutedsharesoutstanding": 314100000,
        "commonstockdividendspersharedeclared": 0.25,
        "othercomprehensiveincomelossreclassificationadjustmentfromaocionderivativesbeforetax": 5000000,
        "othercomprehensiveincomelossreclassificationadjustmentfromaocionderivativestax": 2000000,
        "othercomprehensiveincomelossreclassificationadjustmentfromaocionderivativesnetoftax": 3000000,
        "othercomprehensiveincomeunrealizedgainlossonderivativesarisingduringperiodbeforetax": -40000000,
        "othercomprehensiveincomeunrealizedgainlossonderivativesarisingduringperiodtax": -15000000,
        "othercomprehensiveincomeunrealizedgainlossonderivativesarisingduringperiodnetoftax": -25000000,
        "othercomprehensiveincomelossderivativesqualifyingashedgesnetoftax": -28000000,
        "othercomprehensiveincomelossfinalizationofpensionandnonpensionpostretirementplanvaluationbeforetax": -4000000,
        "othercomprehensiveincomefinalizationofpensionandnonpensionpostretirementplanvaluationtax": -2000000,
        "othercomprehensiveincomelossfinalizationofpensionandnonpensionpostretirementplanvaluationnetoftax": -2000000,
        "beforetaxamortizationofnetactuariallossespreviouslyrecordedinaccumulatedothercomprehensiveincome": 15000000,
        "incometaxonamortizationofnetactuariallossespreviouslyrecordedinaccumulatedothercomprehensiveincome": 5000000,
        "aftertaxeffectofamortizationofnetactuariallossespreviouslyrecordedinaccumulatedothercomprehensiveincome": 10000000,
        "othercomprehensiveincomelosspensionandotherpostretirementbenefitplansadjustmentnetoftax": -8000000,
        "othercomprehensiveincomeforeigncurrencytransactionandtranslationgainlossarisingduringperiodnetoftax": -88000000,
        "othercomprehensiveincomelossforeigncurrencytransactionandtranslationadjustmentnetoftax": -88000000,
        "othercomprehensiveincomelossnetoftax": -108000000,
        "comprehensiveincomenetoftaxincludingportionattributabletononcontrollinginterest": 822000000,
        "comprehensiveincomenetoftaxattributabletononcontrollinginterest": -1000000,
        "comprehensiveincomenetoftax": 823000000
    },
    {
        "date": "2014-03-30",
        "symbol": "HES",
        "period": "Q1",
        "oilandgasrevenue": 2881000000,
        "gainlossonsaleofoilandgasproperty": 10000000,
        "othernonoperatingincomeexpense": -58000000,
        "revenues": 5506000000,
        "costofproductssoldother": 2922000000,
        "operatingcostsandexpenses": 466000000,
        "taxesother": 62000000,
        "marketingexpenses": 293000000,
        "explorationexpense": 119000000,
        "generalandadministrativeexpense": 153000000,
        "interestincomeexpensenet": -81000000,
        "depreciationdepletionandamortization": 752000000,
        "costsandexpenses": 4848000000,
        "incomelossfromcontinuingoperationsbeforeincometaxesextraordinaryitemsnoncontrollinginterest": 658000000,
        "incometaxexpensebenefit": 248000000,
        "incomelossfromcontinuingoperationsincludingportionattributabletononcontrollinginterest": 410000000,
        "incomelossfromdiscontinuedoperationsnetoftax": 11000000,
        "profitloss": 386000000,
        "netincomelossattributabletononcontrollinginterest": 35000000,
        "netincomeloss": 386000000,
        "incomelossfromcontinuingoperationsperbasicshare": 1.17,
        "incomelossfromdiscontinuedoperationsnetoftaxperbasicshare": 0.04,
        "earningspersharebasic": 1.21,
        "incomelossfromcontinuingoperationsperdilutedshare": 1.16,
        "incomelossfromdiscontinuedoperationsnetoftaxperdilutedshare": 0.04,
        "earningspersharediluted": 1.2,
        "weightedaveragenumberofdilutedsharesoutstanding": 322600000,
        "commonstockdividendspersharedeclared": 0.25,
        "othercomprehensiveincomelossreclassificationadjustmentfromaocionderivativesbeforetax": 5000000,
        "othercomprehensiveincomelossreclassificationadjustmentfromaocionderivativestax": 2000000,
        "othercomprehensiveincomelossreclassificationadjustmentfromaocionderivativesnetoftax": 3000000,
        "othercomprehensiveincomeunrealizedgainlossonderivativesarisingduringperiodbeforetax": 14000000,
        "othercomprehensiveincomeunrealizedgainlossonderivativesarisingduringperiodtax": 5000000,
        "othercomprehensiveincomeunrealizedgainlossonderivativesarisingduringperiodnetoftax": 9000000,
        "othercomprehensiveincomelossderivativesqualifyingashedgesnetoftax": 6000000,
        "beforetaxamortizationofnetactuariallossespreviouslyrecordedinaccumulatedothercomprehensiveincome": 8000000,
        "incometaxonamortizationofnetactuariallossespreviouslyrecordedinaccumulatedothercomprehensiveincome": 3000000,
        "aftertaxeffectofamortizationofnetactuariallossespreviouslyrecordedinaccumulatedothercomprehensiveincome": 5000000,
        "othercomprehensiveincomelosspensionandotherpostretirementbenefitplansadjustmentnetoftax": -5000000,
        "othercomprehensiveincomeforeigncurrencytransactionandtranslationgainlossarisingduringperiodnetoftax": 51000000,
        "othercomprehensiveincomelossforeigncurrencytransactionandtranslationadjustmentnetoftax": 51000000,
        "othercomprehensiveincomelossnetoftax": 62000000,
        "comprehensiveincomenetoftaxincludingportionattributabletononcontrollinginterest": 448000000,
        "comprehensiveincomenetoftaxattributabletononcontrollinginterest": 35000000,
        "comprehensiveincomenetoftax": 448000000
    },
    {
        "date": "2013-09-29",
        "symbol": "HES",
        "period": "Q3",
        "oilandgasrevenue": 2706000000,
        "gainlossonsaleofoilandgasproperty": -5000000,
        "othernonoperatingincomeexpense": -3000000,
        "revenues": 961000000,
        "costofproductssoldother": 374000000,
        "operatingcostsandexpenses": 475000000,
        "taxesother": 84000000,
        "explorationexpense": 154000000,
        "generalandadministrativeexpense": 153000000,
        "interestexpensedebt": 86000000,
        "depreciationdepletionandamortization": 681000000,
        "costsandexpenses": 2007000000,
        "incomelossfromcontinuingoperationsbeforeincometaxesextraordinaryitemsnoncontrollinginterest": 691000000,
        "incometaxexpensebenefit": 325000000,
        "incomelossfromcontinuingoperationsincludingportionattributabletononcontrollinginterest": 366000000,
        "incomelossfromdiscontinuedoperationsnetoftax": 80000000,
        "profitloss": 2945000000,
        "netincomelossattributabletononcontrollinginterest": -2000000,
        "netincomeloss": 420000000,
        "incomelossfromcontinuingoperationsperbasicshare": 1.0900000000000003,
        "incomelossfromdiscontinuedoperationsnetoftaxperbasicshare": 0.15999999999999998,
        "earningspersharebasic": 1.2500000000000009,
        "incomelossfromcontinuingoperationsperdilutedshare": 1.0700000000000016,
        "incomelossfromdiscontinuedoperationsnetoftaxperdilutedshare": 0.15999999999999998,
        "earningspersharediluted": 1.229999999999999,
        "weightedaveragenumberofdilutedsharesoutstanding": -100000,
        "commonstockdividendspersharedeclared": 0.24999999999999997,
        "othercomprehensiveincomeunrealizedgainlossonderivativesarisingduringperiodbeforetax": -96000000,
        "othercomprehensiveincomeunrealizedgainlossonderivativesarisingduringperiodtax": -37000000,
        "othercomprehensiveincomeunrealizedgainlossonderivativesarisingduringperiodnetoftax": -59000000,
        "othercomprehensiveincomelossderivativesqualifyingashedgesnetoftax": -62000000,
        "beforetaxamortizationofnetactuariallossespreviouslyrecordedinaccumulatedothercomprehensiveincome": 12000000,
        "incometaxonamortizationofnetactuariallossespreviouslyrecordedinaccumulatedothercomprehensiveincome": 5000000,
        "aftertaxeffectofamortizationofnetactuariallossespreviouslyrecordedinaccumulatedothercomprehensiveincome": 7000000,
        "othercomprehensiveincomelosspensionandotherpostretirementbenefitplansadjustmentnetoftax": -7000000,
        "othercomprehensiveincomeforeigncurrencytransactionandtranslationgainlossarisingduringperiodnetoftax": 27000000,
        "othercomprehensiveincomelossnetoftax": -28000000,
        "comprehensiveincomenetoftaxincludingportionattributabletononcontrollinginterest": 2985000000,
        "comprehensiveincomenetoftaxattributabletononcontrollinginterest": -2000000,
        "comprehensiveincomenetoftax": 392000000
    },
    {
        "date": "2013-06-29",
        "symbol": "HES",
        "period": "Q2",
        "oilandgasrevenue": 3011000000,
        "gainlossonsaleofoilandgasproperty": 1111000000,
        "othernonoperatingincomeexpense": -17000000,
        "revenues": 4105000000,
        "costofproductssoldother": 421000000,
        "operatingcostsandexpenses": 510000000,
        "taxesother": 97000000,
        "explorationexpense": 200000000,
        "generalandadministrativeexpense": 167000000,
        "interestexpensedebt": 99000000,
        "depreciationdepletionandamortization": 613000000,
        "costsandexpenses": 2107000000,
        "incomelossfromcontinuingoperationsbeforeincometaxesextraordinaryitemsnoncontrollinginterest": 1998000000,
        "incometaxexpensebenefit": 409000000,
        "incomelossfromcontinuingoperationsincludingportionattributabletononcontrollinginterest": 1589000000,
        "incomelossfromdiscontinuedoperationsnetoftax": 20000000,
        "profitloss": 185000000,
        "netincomelossattributabletononcontrollinginterest": 185000000,
        "netincomeloss": 1431000000,
        "incomelossfromcontinuingoperationsperbasicshare": 4.17,
        "incomelossfromdiscontinuedoperationsnetoftaxperbasicshare": 0.040000000000000036,
        "earningspersharebasic": 4.21,
        "incomelossfromcontinuingoperationsperdilutedshare": 4.129999999999999,
        "incomelossfromdiscontinuedoperationsnetoftaxperdilutedshare": 0.030000000000000027,
        "earningspersharediluted": 4.16,
        "weightedaveragenumberofdilutedsharesoutstanding": 800000,
        "commonstockdividendspersharedeclared": 0.1,
        "othercomprehensiveincomelossreclassificationadjustmentonderivativesincludedinnetincomebeforetax": -45000000,
        "othercomprehensiveincomelossreclassificationadjustmentonderivativesincludedinnetincometax": -17000000,
        "othercomprehensiveincomelossreclassificationadjustmentonderivativesincludedinnetincomenetoftax": -28000000,
        "othercomprehensiveincomeunrealizedgainlossonderivativesarisingduringperiodbeforetax": 147000000,
        "othercomprehensiveincomeunrealizedgainlossonderivativesarisingduringperiodtax": 56000000,
        "othercomprehensiveincomeunrealizedgainlossonderivativesarisingduringperiodnetoftax": 91000000,
        "othercomprehensiveincomelossderivativesqualifyingashedgesnetoftax": 63000000,
        "othercomprehensiveincomelossfinalizationofpensionandnonpensionpostretirementplanvaluationbeforetax": 0,
        "othercomprehensiveincomelossfinalizationofpensionandnonpensionpostretirementplanvaluationtax": 0,
        "othercomprehensiveincomelossfinalizationofpensionandnonpensionpostretirementplanvaluationnetoftax": 0,
        "beforetaxamortizationofnetactuariallossespreviouslyrecordedinaccumulatedothercomprehensiveincome": 12000000,
        "incometaxonamortizationofnetactuariallossespreviouslyrecordedinaccumulatedothercomprehensiveincome": 4000000,
        "aftertaxeffectofamortizationofnetactuariallossespreviouslyrecordedinaccumulatedothercomprehensiveincome": 8000000,
        "othercomprehensiveincomelosspensionandotherpostretirementbenefitplansadjustmentnetoftax": -8000000,
        "othercomprehensiveincomeforeigncurrencytransactionandtranslationgainlossarisingduringperiodnetoftax": -124000000,
        "othercomprehensiveincomelossforeigncurrencytransactionandtranslationreclassificationadjustmentrealizeduponsaleorliquidationnetoftax": 94000000,
        "othercomprehensiveincomelossforeigncurrencytransactionandtranslationgainlossarisingduringperiodnetoftax": -30000000,
        "othercomprehensiveincomelossnetoftax": 33000000,
        "comprehensiveincomenetoftaxincludingportionattributabletononcontrollinginterest": 193000000,
        "comprehensiveincomenetoftaxattributabletononcontrollinginterest": 193000000,
        "comprehensiveincomenetoftax": 1464000000
    },
    {
        "date": "2013-03-30",
        "symbol": "HES",
        "period": "Q1",
        "oilandgasrevenue": 3466000000,
        "gainlossonsaleofoilandgasproperty": 688000000,
        "othernonoperatingincomeexpense": -37000000,
        "revenues": 4117000000,
        "costofproductssoldother": 596000000,
        "operatingcostsandexpenses": 585000000,
        "taxesother": 130000000,
        "explorationexpense": 219000000,
        "generalandadministrativeexpense": 149000000,
        "interestexpensedebt": 106000000,
        "depreciationdepletionandamortization": 679000000,
        "costsandexpenses": 2464000000,
        "incomelossfromcontinuingoperationsbeforeincometaxesextraordinaryitemsnoncontrollinginterest": 1653000000,
        "incometaxexpensebenefit": 470000000,
        "incomelossfromcontinuingoperationsincludingportionattributabletononcontrollinginterest": 1183000000,
        "incomelossfromdiscontinuedoperationsnetoftax": 69000000,
        "profitloss": -3000000,
        "netincomelossattributabletononcontrollinginterest": -3000000,
        "netincomeloss": 1276000000,
        "incomelossfromcontinuingoperationsperbasicshare": 3.47,
        "incomelossfromdiscontinuedoperationsnetoftaxperbasicshare": 0.29,
        "earningspersharebasic": 3.76,
        "incomelossfromcontinuingoperationsperdilutedshare": 3.43,
        "incomelossfromdiscontinuedoperationsnetoftaxperdilutedshare": 0.29,
        "earningspersharediluted": 3.72,
        "weightedaveragenumberofdilutedsharesoutstanding": 342600000,
        "commonstockdividendspersharedeclared": 0.1,
        "othercomprehensiveincomelossreclassificationadjustmentonderivativesincludedinnetincomebeforetax": 4000000,
        "othercomprehensiveincomelossreclassificationadjustmentonderivativesincludedinnetincometax": 2000000,
        "othercomprehensiveincomelossreclassificationadjustmentonderivativesincludedinnetincomenetoftax": 2000000,
        "othercomprehensiveincomeunrealizedgainlossonderivativesarisingduringperiodbeforetax": 18000000,
        "othercomprehensiveincomeunrealizedgainlossonderivativesarisingduringperiodtax": 7000000,
        "othercomprehensiveincomeunrealizedgainlossonderivativesarisingduringperiodnetoftax": 11000000,
        "othercomprehensiveincomelossderivativesqualifyingashedgesnetoftax": 13000000,
        "othercomprehensiveincomelossfinalizationofpensionandnonpensionpostretirementplanvaluationbeforetax": 245000000,
        "othercomprehensiveincomelossfinalizationofpensionandnonpensionpostretirementplanvaluationtax": 89000000,
        "othercomprehensiveincomelossfinalizationofpensionandnonpensionpostretirementplanvaluationnetoftax": 156000000,
        "beforetaxamortizationofnetactuariallossespreviouslyrecordedinaccumulatedothercomprehensiveincome": 22000000,
        "incometaxonamortizationofnetactuariallossespreviouslyrecordedinaccumulatedothercomprehensiveincome": 8000000,
        "aftertaxeffectofamortizationofnetactuariallossespreviouslyrecordedinaccumulatedothercomprehensiveincome": 14000000,
        "othercomprehensiveincomelosspensionandotherpostretirementbenefitplansadjustmentnetoftax": -170000000,
        "othercomprehensiveincomeforeigncurrencytransactionandtranslationgainlossarisingduringperiodnetoftax": -169000000,
        "othercomprehensiveincomelossforeigncurrencytransactionandtranslationreclassificationadjustmentrealizeduponsaleorliquidationnetoftax": 25000000,
        "othercomprehensiveincomelossforeigncurrencytransactionandtranslationgainlossarisingduringperiodnetoftax": -144000000,
        "othercomprehensiveincomelossnetoftax": 41000000,
        "comprehensiveincomenetoftaxincludingportionattributabletononcontrollinginterest": -5000000,
        "comprehensiveincomenetoftaxattributabletononcontrollinginterest": -5000000,
        "comprehensiveincomenetoftax": 1317000000
    },
    {
        "date": "2012-12-30",
        "symbol": "HES",
        "period": "Q4",
        "oilandgasrevenue": -26287000000,
        "othernonoperatingincomeexpense": 15000000,
        "revenues": 9698000000,
        "costofproductssoldother": 6250000000,
        "explorationandproductioncosts": 690000000,
        "marketingexpenses": 282000000,
        "explorationexpense": 362000000,
        "othercostofoperatingrevenue": 43000000,
        "generalandadministrativeexpense": 201000000,
        "interestexpensedebt": 106000000,
        "depreciationdepletionandamortization": -2115000000,
        "incomelossfromcontinuingoperationsbeforeincometaxesextraordinaryitemsnoncontrollinginterest": 682000000,
        "incometaxexpensebenefit": -1610000000,
        "profitloss": -1648000000,
        "netincomelossattributabletononcontrollinginterest": 2000000,
        "netincomeloss": 159000000,
        "earningspersharebasic": 1.09,
        "earningspersharediluted": 1.1000000000000005,
        "weightedaveragenumberofdilutedsharesoutstanding": -340068000,
        "comprehensiveincomenetoftaxincludingportionattributabletononcontrollinginterest": -2041000000,
        "comprehensiveincomenetoftaxattributabletononcontrollinginterest": 3000000,
        "comprehensiveincomenetoftax": 556000000
    },
    {
        "date": "2012-09-29",
        "symbol": "HES",
        "period": "Q3",
        "oilandgasrevenue": 9194000000,
        "gainlossonsaleofoilandgasproperty": 376000000,
        "othernonoperatingincomeexpense": 49000000,
        "revenues": 9619000000,
        "costofproductssoldother": 6019000000,
        "explorationandproductioncosts": 712000000,
        "marketingexpenses": 259000000,
        "explorationexpense": 259000000,
        "othercostofoperatingrevenue": 41000000,
        "generalandadministrativeexpense": 167000000,
        "interestexpensedebt": 104000000,
        "depreciationdepletionandamortization": 748000000,
        "assetimpairmentcharges": 208000000,
        "costsandexpenses": 8517000000,
        "incomelossfromcontinuingoperationsbeforeincometaxesextraordinaryitemsnoncontrollinginterest": 1102000000,
        "incometaxexpensebenefit": 510000000,
        "profitloss": 592000000,
        "netincomelossattributabletononcontrollinginterest": 35000000,
        "netincomeloss": 53000000,
        "earningspersharebasic": 1.65,
        "earningspersharediluted": 1.64,
        "weightedaveragenumberofdilutedsharesoutstanding": 339950000,
        "commonstockdividendspersharedeclared": 0.1,
        "othercomprehensiveincomelossreclassificationadjustmentonderivativesincludedinnetincomebeforetax": 14000000,
        "othercomprehensiveincomelossreclassificationadjustmentonderivativesincludedinnetincometax": 3000000,
        "othercomprehensiveincomelossreclassificationadjustmentonderivativesincludedinnetincomenetoftax": 11000000,
        "othercomprehensiveincomeunrealizedgainlossonderivativesarisingduringperiodbeforetax": -130000000,
        "othercomprehensiveincomeunrealizedgainlossonderivativesarisingduringperiodtax": -52000000,
        "othercomprehensiveincomeunrealizedgainlossonderivativesarisingduringperiodnetoftax": -78000000,
        "othercomprehensiveincomelossderivativesqualifyingashedgesnetoftax": -67000000,
        "othercomprehensiveincomelosspensionandotherpostretirementbenefitplansnetunamortizedgainlossarisingduringperiodbeforetax": 21000000,
        "othercomprehensiveincomedefinedbenefitplansnetunamortizedgainlossarisingduringperiodtax": 8000000,
        "othercomprehensiveincomedefinedbenefitplansnetunamortizedgainlossarisingduringperiodnetoftax": 13000000,
        "othercomprehensiveincomelossforeigncurrencytransactionandtranslationadjustmentnetoftax": 161000000,
        "othercomprehensiveincomelossnetoftax": 107000000,
        "comprehensiveincomenetoftaxincludingportionattributabletononcontrollinginterest": 699000000,
        "comprehensiveincomenetoftaxattributabletononcontrollinginterest": 38000000,
        "comprehensiveincomenetoftax": 661000000
    },
    {
        "date": "2012-06-29",
        "symbol": "HES",
        "period": "Q2",
        "oilandgasrevenue": 9304000000,
        "gainlossonsaleofoilandgasproperty": 0,
        "othernonoperatingincomeexpense": 5000000,
        "revenues": 9309000000,
        "costofproductssoldother": 5969000000,
        "explorationandproductioncosts": 677000000,
        "marketingexpenses": 265000000,
        "explorationexpense": 196000000,
        "othercostofoperatingrevenue": 41000000,
        "generalandadministrativeexpense": 172000000,
        "interestexpensedebt": 105000000,
        "depreciationdepletionandamortization": 769000000,
        "incomelossfromcontinuingoperationsbeforeincometaxesextraordinaryitemsnoncontrollinginterest": 1056000000,
        "incometaxexpensebenefit": 521000000,
        "profitloss": 549000000,
        "netincomelossattributabletononcontrollinginterest": -14000000,
        "netincomeloss": 8000000,
        "earningspersharebasic": 1.6300000000000001,
        "earningspersharediluted": 1.6099999999999999,
        "weightedaveragenumberofdilutedsharesoutstanding": 82000,
        "commonstockdividendspersharedeclared": 0.1,
        "comprehensiveincomenetoftaxincludingportionattributabletononcontrollinginterest": 827000000,
        "comprehensiveincomenetoftaxattributabletononcontrollinginterest": -20000000,
        "comprehensiveincomenetoftax": 827000000
    },
    {
        "date": "2012-03-30",
        "symbol": "HES",
        "period": "Q1",
        "oilandgasrevenue": 9682000000,
        "gainlossonsaleofoilandgasproperty": 36000000,
        "othernonoperatingincomeexpense": 29000000,
        "revenues": 9747000000,
        "costofproductssoldother": 6679000000,
        "explorationandproductioncosts": 673000000,
        "marketingexpenses": 251000000,
        "explorationexpense": 253000000,
        "othercostofoperatingrevenue": 41000000,
        "generalandadministrativeexpense": 167000000,
        "interestexpensedebt": 104000000,
        "depreciationdepletionandamortization": 681000000,
        "costsandexpense": 8849000000,
        "incomelossfromcontinuingoperationsbeforeincometaxesextraordinaryitemsnoncontrollinginterest": 898000000,
        "incometaxexpensebenefit": 338000000,
        "profitloss": 545000000,
        "netincomelossattributabletononcontrollinginterest": 15000000,
        "netincomeloss": 11000000,
        "earningspersharebasic": 1.61,
        "earningspersharediluted": 1.6,
        "weightedaveragenumberofdilutedsharesoutstanding": 340336000,
        "commonstockdividendspersharedeclared": 0.1,
        "othercomprehensiveincomereclassificationadjustmentonderivativesincludedinnetincomenetoftax": 97000000,
        "othercomprehensiveincomederivativesqualifyingashedgesnetoftaxperiodincreasedecrease": -292000000,
        "othercomprehensiveincomedefinedbenefitplansadjustmentnetoftaxperiodincreasedecrease": 13000000,
        "othercomprehensiveincomeforeigncurrencytransactionandtranslationadjustmentnetoftaxperiodincreasedecrease": 196000000,
        "othercomprehensiveincomelossnetoftaxperiodincreasedecrease": 10000000,
        "comprehensiveincomenetoftaxincludingportionattributabletononcontrollinginterest": 555000000,
        "comprehensiveincomenetoftaxattributabletononcontrollinginterest": 19000000,
        "comprehensiveincomenetoftax": 555000000,
        "othercomprehensiveincomereclassificationadjustmentonderivativesincludedinnetincometax": -57000000,
        "othercomprehensiveincomederivativesqualifyingashedgestaxeffectperiodincreasedecrease": 187000000,
        "othercomprehensiveincomedefinedbenefitplanstax": -8000000
    },
    {
        "date": "2011-09-29",
        "symbol": "HES",
        "period": "Q3",
        "oilandgasrevenue": 8665000000,
        "incomelossfromequitymethodinvestments": -36000000,
        "othernonoperatingincomeexpense": 97000000,
        "revenues": 8726000000,
        "costofproductssoldother": 6181000000,
        "explorationandproductioncosts": 609000000,
        "marketingexpenses": 266000000,
        "explorationexpense": 199000000,
        "othercostofoperatingrevenue": 43000000,
        "generalandadministrativeexpense": 177000000,
        "interestexpensedebt": 94000000,
        "depreciationdepletionandamortization": 586000000,
        "assetimpairmentcharges": 358000000,
        "costsandexpense": 8513000000,
        "incomelossfromcontinuingoperationsbeforeincometaxesextraordinaryitemsnoncontrollinginterest": 213000000,
        "incometaxexpensebenefit": -54000000,
        "profitloss": 267000000,
        "netincomelossattributabletononcontrollinginterest": -31000000,
        "netincomeloss": -23000000,
        "earningspersharebasic": 0.89,
        "earningspersharediluted": 0.88,
        "weightedaveragenumberofdilutedsharesoutstanding": 340222000,
        "commonstockdividendspersharedeclared": 0.1
    },
    {
        "date": "2011-06-29",
        "symbol": "HES",
        "period": "Q2",
        "oilandgasrevenue": 9853000000,
        "incomelossfromequitymethodinvestments": -49000000,
        "othernonoperatingincomeexpense": 2000000,
        "revenues": 9806000000,
        "costofproductssoldother": 6841000000,
        "explorationandproductioncosts": 599000000,
        "marketingexpenses": 247000000,
        "explorationexpense": 257000000,
        "othercostofoperatingrevenue": 42000000,
        "generalandadministrativeexpense": 174000000,
        "interestexpensedebt": 97000000,
        "depreciationdepletionandamortization": 588000000,
        "costsandexpense": 8845000000,
        "incomelossfromcontinuingoperationsbeforeincometaxesextraordinaryitemsnoncontrollinginterest": 961000000,
        "incometaxexpensebenefit": 392000000,
        "profitloss": 569000000,
        "netincomelossattributabletononcontrollinginterest": -38000000,
        "netincomeloss": 747000000,
        "earningspersharebasic": 1.8,
        "earningspersharediluted": 1.78,
        "weightedaveragenumberofdilutedsharesoutstanding": 340423000,
        "commonstockdividendspersharedeclared": 0.1
    },
    {
        "date": "2011-03-30",
        "symbol": "HES",
        "period": "Q1",
        "oilandgasrevenue": 10215000000,
        "incomelossfromequityinvestment": -48000000,
        "othernonoperatingincomeexpense": 348000000,
        "revenues": 10515000000,
        "costofproductssoldother": 7040000000,
        "explorationandproductioncosts": 531000000,
        "marketingexpenses": 283000000,
        "explorationexpense": 313000000,
        "othercostofoperatingrevenue": 42000000,
        "generalandadministrativeexpense": 164000000,
        "interestexpensedebt": 99000000,
        "depreciationdepletionandamortization": 558000000,
        "totalcostsandexpenses": 9030000000,
        "incomelossbeforeincometaxes": 1485000000,
        "incometaxexpensebenefit": 511000000,
        "profitloss": 45000000,
        "netincomelossattributabletononcontrollinginterest": 45000000,
        "netincomeloss": -89000000,
        "earningspersharebasic": 2.77,
        "earningspersharediluted": 2.74,
        "weightedaveragenumberofdilutedsharesoutstanding": 339159000,
        "commonstockdividendspersharedeclared": 0.1
    },
    {
        "date": "2010-12-30",
        "symbol": "HES",
        "period": "Q4",
        "oilandgasrevenue": -23439000000,
        "othernonoperatingincomeexpense": -1177000000,
        "revenues": 8690000000,
        "costofproductssoldother": 6221000000,
        "explorationandproductioncosts": 532000000,
        "marketingexpenses": 291000000,
        "explorationexpense": 317000000,
        "othercostofoperatingrevenue": 42000000,
        "generalandadministrativeexpense": 197000000,
        "interestexpensedebt": 100000000,
        "depreciationdepletionandamortization": -1602000000,
        "totalcostsandexpenses": 8333000000,
        "incometaxexpensebenefit": -1011000000,
        "profitloss": 70000000,
        "netincomelossattributabletononcontrollinginterest": 25000000,
        "netincomeloss": 2255000000,
        "earningspersharebasic": 0.1699999999999997,
        "earningspersharediluted": 0.1499999999999999,
        "weightedaveragenumberofdilutedsharesoutstanding": -653839000
    },
    {
        "date": "2010-09-29",
        "symbol": "HES",
        "period": "Q3",
        "oilandgasrevenue": 7864000000,
        "incomelossfromequitymethodinvestments": -83000000,
        "othernonoperatingincomeexpense": 1172000000,
        "revenues": 8953000000,
        "costofproductssoldother": 5330000000,
        "explorationandproductioncosts": 475000000,
        "marketingexpenses": 232000000,
        "explorationexpense": 225000000,
        "othercostofoperatingrevenue": 39000000,
        "generalandadministrativeexpense": 151000000,
        "interestexpensedebt": 94000000,
        "depreciationdepletionandamortization": 584000000,
        "assetimpairmentcharges": 532000000,
        "totalcostsandexpenses": 7662000000,
        "incomebeforeincometaxes": 1291000000,
        "incometaxexpensebenefit": 200000000,
        "profitloss": 1091000000,
        "netincomelossattributabletononcontrollinginterest": -63000000,
        "netincomeloss": -38000000,
        "earningspersharebasic": 3.54,
        "earningspersharediluted": 3.52,
        "weightedaveragenumberofdilutedsharesoutstanding": 327634000,
        "commonstockdividendspersharedeclared": 0.1
    },
    {
        "date": "2010-06-29",
        "symbol": "HES",
        "period": "Q2",
        "oilandgasrevenue": 7732000000,
        "incomelossfromequitymethodinvestments": -6000000,
        "othernonoperatingincomeexpense": 24000000,
        "revenues": 7750000000,
        "costofproductssoldother": 5316000000,
        "explorationandproductioncosts": 440000000,
        "marketingexpenses": 245000000,
        "explorationexpense": 172000000,
        "othercostofoperatingrevenue": 80000000,
        "generalandadministrativeexpense": 159000000,
        "interestexpensedebt": 83000000,
        "depreciationdepletionandamortization": 558000000,
        "totalcostsandexpenses": 7053000000,
        "incomebeforeincometaxes": 697000000,
        "incometaxexpensebenefit": 301000000,
        "profitloss": 396000000,
        "netincomelossattributabletononcontrollinginterest": 21000000,
        "netincomeloss": -19000000,
        "earningspersharebasic": 1.15,
        "earningspersharediluted": 1.15,
        "weightedaveragenumberofdilutedsharesoutstanding": 327482000,
        "commonstockdividendspersharedeclared": 0.1
    },
    {
        "date": "2010-03-30",
        "symbol": "HES",
        "period": "Q1",
        "oilandgasrevenue": 9259000000,
        "incomelossfromequitymethodinvestments": -85000000,
        "othernonoperatingincomeexpense": 46000000,
        "revenues": 9220000000,
        "costofproductssoldother": 6540000000,
        "explorationandproductioncosts": 477000000,
        "marketingexpenses": 253000000,
        "explorationexpense": 151000000,
        "othercostofoperatingrevenue": 52000000,
        "generalandadministrativeexpense": 155000000,
        "interestexpensedebt": 84000000,
        "depreciationdepletionandamortization": 542000000,
        "totalcostsandexpenses": 8254000000,
        "incomebeforeincometaxes": 966000000,
        "incometaxexpensebenefit": 398000000,
        "profitloss": 568000000,
        "netincomelossattributabletononcontrollinginterest": 30000000,
        "netincomeloss": 538000000,
        "earningspersharebasic": 1.66,
        "earningspersharediluted": 1.65,
        "weightedaveragenumberofdilutedsharesoutstanding": 327000000,
        "commonstockdividendspersharedeclared": 0.1
    },
    {
        "date": "2009-09-29",
        "symbol": "HES",
        "period": "Q3",
        "oilandgasrevenue": 7270000000,
        "incomelossfromequitymethodinvestments": -49000000,
        "othernonoperatingincomeexpense": 163000000,
        "revenues": 7384000000,
        "costofproductssoldother": 5069000000,
        "explorationandproductioncosts": 460000000,
        "marketingexpenses": 240000000,
        "explorationexpense": 167000000,
        "othercostofoperatingrevenue": 43000000,
        "generalandadministrativeexpense": 148000000,
        "interestexpensedebt": 97000000,
        "depreciationdepletionandamortization": 626000000,
        "totalcostsandexpenses": 6850000000,
        "incomebeforeincometaxes": 534000000,
        "incometaxexpensebenefit": 182000000,
        "profitloss": 352000000,
        "netincomelossattributabletononcontrollinginterest": 11000000,
        "netincomeloss": 341000000,
        "earningspersharebasic": 1.05,
        "earningspersharediluted": 1.05,
        "weightedaveragenumberofdilutedsharesoutstanding": 326000000,
        "commonstockdividendspersharedeclared": 0.1
    },
    {
        "date": "2009-06-29",
        "symbol": "HES",
        "period": "Q2",
        "oilandgasrevenue": 6751000000,
        "incomelossfromequitymethodinvestments": -75000000,
        "othernonoperatingincomeexpense": 79000000,
        "revenues": 6755000000,
        "costofproductssoldexcludingitemsshownseparatelybelow": 4705000000,
        "explorationandproductioncosts": 444000000,
        "marketingexpenses": 245000000,
        "explorationexpense": 312000000,
        "othercostofoperatingrevenue": 43000000,
        "generalandadministrativeexpense": 136000000,
        "interestexpensedebt": 95000000,
        "depreciationdepletionandamortization": 558000000,
        "totalcostsandexpenses": 6538000000,
        "incomebeforeincometaxes": 217000000,
        "incometaxexpensebenefit": 115000000,
        "profitloss": 102000000,
        "netincomelossattributabletononcontrollinginterest": 2000000,
        "netincomeloss": 100000000,
        "earningspersharebasic": 0.31,
        "earningspersharediluted": 0.31,
        "weightedaveragenumberofdilutedsharesoutstanding": 325800000,
        "commonstockdividendspersharedeclared": 0.1
    }
]