[
    {
        "date": "2024-09-29",
        "symbol": "ICE",
        "period": "Q3",
        "revenuefromcontractwithcustomerexcludingassessedtax": -3174000000,
        "liquiditypayments": 452000000,
        "revenueslesstransactionbasedexpenses": 2349000000,
        "laborandrelatedexpense": 487000000,
        "professionalfees": 40000000,
        "businesscombinationacquisitionrelatedcosts": 37000000,
        "communicationsandinformationtechnology": 212000000,
        "sellinggeneralandadministrativeexpense": 54000000,
        "depreciationandamortization": 386000000,
        "operatingexpenses": 1246000000,
        "operatingincomeloss": 1103000000,
        "investmentincomenonoperating": 39000000,
        "othernonoperatingincomeexpense": -21000000,
        "nonoperatingincomeexpense": -205000000,
        "incomelossfromcontinuingoperationsbeforeincometaxesextraordinaryitemsnoncontrollinginterest": 898000000,
        "incometaxexpensebenefit": 227000000,
        "profitloss": 671000000,
        "netincomelossattributabletoredeemablenoncontrollinginterest": -60000000,
        "netincomeloss": 657000000,
        "earningspersharebasic": 1.1500000000000001,
        "earningspersharediluted": 1.1399999999999997,
        "weightedaveragenumberofsharesoutstandingbasic": 573000000,
        "weightedaveragenumberofdilutedsharesoutstanding": 576000000,
        "othercomprehensiveincomelossforeigncurrencytransactionandtranslationadjustmentnetoftax": 58000000,
        "othercomprehensiveincomelossnetoftax": 58000000,
        "comprehensiveincomenetoftaxincludingportionattributabletononcontrollinginterest": 729000000,
        "comprehensiveincomenetoftaxattributabletononcontrollinginterest": 14000000,
        "comprehensiveincomenetoftax": 715000000
    },
    {
        "date": "2024-06-29",
        "symbol": "ICE",
        "period": "Q2",
        "revenuefromcontractwithcustomerexcludingassessedtax": 1826000000,
        "exchangefees": 138000000,
        "liquiditypayments": 442000000,
        "revenueslesstransactionbasedexpenses": 2317000000,
        "laborandrelatedexpense": 473000000,
        "professionalfees": 38000000,
        "businesscombinationacquisitionrelatedcosts": 15000000,
        "communicationsandinformationtechnology": 214000000,
        "rentandoccupancy": 30000000,
        "sellinggeneralandadministrativeexpense": 100000000,
        "depreciationandamortization": 381000000,
        "operatingexpenses": 1251000000,
        "operatingincomeloss": 1066000000,
        "investmentincomenonoperating": 36000000,
        "othernonoperatingincomeexpense": -8000000,
        "nonoperatingincomeexpense": -205000000,
        "incomelossfromcontinuingoperationsbeforeincometaxesextraordinaryitemsnoncontrollinginterest": 861000000,
        "incometaxexpensebenefit": 222000000,
        "profitloss": 639000000,
        "netincomelossattributabletoredeemablenoncontrollinginterest": 7000000,
        "netincomeloss": 632000000,
        "earningspersharebasic": 1.0999999999999999,
        "earningspersharediluted": 1.1,
        "weightedaveragenumberofsharesoutstandingbasic": 573000000,
        "weightedaveragenumberofdilutedsharesoutstanding": 575000000,
        "othercomprehensiveincomelossforeigncurrencytransactionandtranslationadjustmentnetoftax": -4000000,
        "ociequitymethodinvestmentaftertax": 0,
        "othercomprehensiveincomelossnetoftax": -4000000,
        "comprehensiveincomenetoftaxincludingportionattributabletononcontrollinginterest": 635000000,
        "comprehensiveincomenetoftaxattributabletononcontrollinginterest": 7000000,
        "comprehensiveincomenetoftax": 628000000
    },
    {
        "date": "2024-03-30",
        "symbol": "ICE",
        "period": "Q1",
        "revenuefromcontractwithcustomerexcludingassessedtax": 1734000000,
        "exchangefees": 67000000,
        "liquiditypayments": 444000000,
        "revenueslesstransactionbasedexpenses": 2290000000,
        "laborandrelatedexpense": 462000000,
        "professionalfees": 36000000,
        "businesscombinationacquisitionrelatedcosts": 36000000,
        "communicationsandinformationtechnology": 205000000,
        "rentandoccupancy": 29000000,
        "sellinggeneralandadministrativeexpense": 78000000,
        "depreciationandamortization": 381000000,
        "operatingexpenses": 1227000000,
        "operatingincomeloss": 1063000000,
        "investmentincomenonoperating": 30000000,
        "interestexpense": 241000000,
        "othernonoperatingincomeexpense": 112000000,
        "nonoperatingincomeexpense": -99000000,
        "incomelossfromcontinuingoperationsbeforeincometaxesextraordinaryitemsnoncontrollinginterest": 964000000,
        "incometaxexpensebenefit": 181000000,
        "profitloss": 783000000,
        "netincomelossattributabletoredeemablenoncontrollinginterest": 16000000,
        "netincomeloss": 767000000,
        "earningspersharebasic": 1.34,
        "earningspersharediluted": 1.33,
        "weightedaveragenumberofsharesoutstandingbasic": 573000000,
        "weightedaveragenumberofdilutedsharesoutstanding": 575000000,
        "othercomprehensiveincomelossforeigncurrencytransactionandtranslationadjustmentnetoftax": -18000000,
        "ociequitymethodinvestmentaftertax": 7000000,
        "othercomprehensiveincomelossnetoftax": -11000000,
        "comprehensiveincomenetoftaxincludingportionattributabletononcontrollinginterest": 772000000,
        "comprehensiveincomenetoftaxattributabletononcontrollinginterest": 16000000,
        "comprehensiveincomenetoftax": 756000000
    },
    {
        "date": "2023-12-30",
        "symbol": "ICE",
        "period": "Q4",
        "revenuefromcontractwithcustomerexcludingassessedtax": 4562000000,
        "exchangefees": 62000000,
        "liquiditypayments": 403000000,
        "revenueslesstransactionbasedexpenses": 5977000000,
        "laborandrelatedexpense": 492000000,
        "professionalfees": 35000000,
        "businesscombinationacquisitionrelatedcosts": 68000000,
        "communicationsandinformationtechnology": 205000000,
        "rentandoccupancy": 27000000,
        "sellinggeneralandadministrativeexpense": 70000000,
        "depreciationandamortization": 379000000,
        "operatingexpenses": 2618000000,
        "operatingincomeloss": 2882000000,
        "investmentincomenonoperating": 32000000,
        "interestexpense": 251000000,
        "othernonoperatingincomeexpense": -190000000,
        "nonoperatingincomeexpense": -409000000,
        "incomelossfromcontinuingoperationsbeforeincometaxesextraordinaryitemsnoncontrollinginterest": 516000000,
        "incometaxexpensebenefit": 126000000,
        "profitloss": 390000000,
        "netincomeloss": 373000000,
        "earningspersharebasic": 0.6400000000000003,
        "earningspersharediluted": 0.6400000000000006,
        "weightedaveragenumberofsharesoutstandingbasic": 564000000,
        "weightedaveragenumberofdilutedsharesoutstanding": 565000000,
        "othercomprehensiveincomelossforeigncurrencytransactionandtranslationadjustmentnetoftax": 48000000,
        "othercomprehensiveincomelossnetoftax": 37000000,
        "comprehensiveincomenetoftaxincludingportionattributabletononcontrollinginterest": 427000000,
        "comprehensiveincomenetoftaxattributabletononcontrollinginterest": 17000000,
        "comprehensiveincomenetoftax": 410000000
    },
    {
        "date": "2023-09-29",
        "symbol": "ICE",
        "period": "Q3",
        "revenuefromcontractwithcustomerexcludingassessedtax": 1540000000,
        "exchangefees": 56000000,
        "liquiditypayments": 370000000,
        "revenueslesstransactionbasedexpenses": 2003000000,
        "laborandrelatedexpense": 400000000,
        "professionalfees": 31000000,
        "businesscombinationacquisitionrelatedcosts": 155000000,
        "communicationsandinformationtechnology": 184000000,
        "rentandoccupancy": 20000000,
        "sellinggeneralandadministrativeexpense": 59000000,
        "depreciationandamortization": 309000000,
        "operatingexpenses": 1158000000,
        "operatingincomeloss": 845000000,
        "investmentincomenonoperating": 94000000,
        "interestexpense": 206000000,
        "othernonoperatingincomeexpense": -51000000,
        "nonoperatingincomeexpense": -163000000,
        "incomelossfromcontinuingoperationsbeforeincometaxesextraordinaryitemsnoncontrollinginterest": 682000000,
        "incometaxexpensebenefit": 123000000,
        "profitloss": 559000000,
        "netincomelossattributabletoredeemablenoncontrollinginterest": 18000000,
        "netincomeloss": 541000000,
        "earningspersharebasic": 0.96,
        "earningspersharediluted": 0.96,
        "weightedaveragenumberofsharesoutstandingbasic": 563000000,
        "weightedaveragenumberofdilutedsharesoutstanding": 565000000,
        "othercomprehensiveincomelossforeigncurrencytransactionandtranslationadjustmentnetoftax": -47000000,
        "othercomprehensiveincomelossnetoftax": -47000000,
        "comprehensiveincomenetoftaxincludingportionattributabletononcontrollinginterest": 512000000,
        "comprehensiveincomenetoftaxattributabletononcontrollinginterest": 18000000,
        "comprehensiveincomenetoftax": 494000000
    },
    {
        "date": "2023-06-29",
        "symbol": "ICE",
        "period": "Q2",
        "revenuefromcontractwithcustomerexcludingassessedtax": 130000000,
        "exchangefees": 56000000,
        "liquiditypayments": 392000000,
        "revenueslesstransactionbasedexpenses": 4000000,
        "laborandrelatedexpense": 351000000,
        "professionalfees": 29000000,
        "businesscombinationacquisitionrelatedcosts": 25000000,
        "communicationsandinformationtechnology": 173000000,
        "rentandoccupancy": 25000000,
        "sellinggeneralandadministrativeexpense": 63000000,
        "depreciationandamortization": 267000000,
        "operatingexpenses": 266000000,
        "operatingincomeloss": -17000000,
        "investmentincomenonoperating": 102000000,
        "interestexpense": 175000000,
        "othernonoperatingincomeexpense": -35000000,
        "nonoperatingincomeexpense": -108000000,
        "incomelossfromcontinuingoperationsbeforeincometaxesextraordinaryitemsnoncontrollinginterest": 847000000,
        "incometaxexpensebenefit": 32000000,
        "profitloss": 815000000,
        "incomelossfromcontinuingoperationsattributabletononcontrollingentity": 16000000,
        "netincomeloss": 799000000,
        "earningspersharebasic": 1.43,
        "earningspersharediluted": 1.42,
        "weightedaveragenumberofsharesoutstandingbasic": 560000000,
        "weightedaveragenumberofdilutedsharesoutstanding": 561000000,
        "othercomprehensiveincomelossforeigncurrencytransactionandtranslationadjustmentnetoftax": 31000000,
        "othercomprehensiveincomelossnetoftax": 31000000,
        "comprehensiveincomenetoftaxincludingportionattributabletononcontrollinginterest": 846000000,
        "comprehensiveincomenetoftaxattributabletononcontrollinginterest": 16000000,
        "comprehensiveincomenetoftax": 830000000
    },
    {
        "date": "2023-03-30",
        "symbol": "ICE",
        "period": "Q1",
        "revenuefromcontractwithcustomerexcludingassessedtax": 123000000,
        "exchangefees": 119000000,
        "liquiditypayments": 457000000,
        "revenueslesstransactionbasedexpenses": 4000000,
        "laborandrelatedexpense": 352000000,
        "professionalfees": 28000000,
        "businesscombinationacquisitionrelatedcosts": 21000000,
        "communicationsandinformationtechnology": 172000000,
        "rentandoccupancy": 20000000,
        "sellinggeneralandadministrativeexpense": 74000000,
        "depreciationandamortization": 260000000,
        "operatingexpenses": 252000000,
        "operatingincomeloss": -16000000,
        "investmentincomenonoperating": 91000000,
        "interestexpense": 176000000,
        "othernonoperatingincomeexpense": -35000000,
        "nonoperatingincomeexpense": -120000000,
        "incomelossfromcontinuingoperationsbeforeincometaxesextraordinaryitemsnoncontrollinginterest": 849000000,
        "incometaxexpensebenefit": 175000000,
        "profitloss": 674000000,
        "incomelossfromcontinuingoperationsattributabletononcontrollingentity": 19000000,
        "netincomeloss": 655000000,
        "earningspersharebasic": 1.17,
        "earningspersharediluted": 1.17,
        "weightedaveragenumberofsharesoutstandingbasic": 559000000,
        "weightedaveragenumberofdilutedsharesoutstanding": 561000000,
        "othercomprehensiveincomelossforeigncurrencytransactionandtranslationadjustmentnetoftax": 16000000,
        "othercomprehensiveincomelossnetoftax": 16000000,
        "comprehensiveincomenetoftaxincludingportionattributabletononcontrollinginterest": 690000000,
        "comprehensiveincomenetoftaxattributabletononcontrollinginterest": 19000000,
        "comprehensiveincomenetoftax": 671000000
    },
    {
        "date": "2022-12-30",
        "symbol": "ICE",
        "period": "Q4",
        "revenuefromcontractwithcustomerexcludingassessedtax": -99000000,
        "exchangefees": 167000000,
        "liquiditypayments": 442000000,
        "revenueslesstransactionbasedexpenses": 1359000000,
        "laborandrelatedexpense": 349000000,
        "professionalfees": 30000000,
        "businesscombinationacquisitionrelatedcosts": 12000000,
        "communicationsandinformationtechnology": 170000000,
        "rentandoccupancy": 20000000,
        "sellinggeneralandadministrativeexpense": 60000000,
        "depreciationandamortization": 263000000,
        "operatingexpenses": 255000000,
        "operatingincomeloss": -6000000,
        "investmentincomenonoperating": 66000000,
        "interestexpense": 176000000,
        "othernonoperatingincomeexpense": -190000000,
        "nonoperatingincomeexpense": -300000000,
        "incomelossfromcontinuingoperationsbeforeincometaxesextraordinaryitemsnoncontrollinginterest": 564000000,
        "incometaxexpensebenefit": 124000000,
        "profitloss": 440000000,
        "netincomeloss": 425000000,
        "earningspersharebasic": 0.7699999999999998,
        "earningspersharediluted": 0.77,
        "weightedaveragenumberofsharesoutstandingbasic": -1118000000,
        "weightedaveragenumberofdilutedsharesoutstanding": -1123000000,
        "othercomprehensiveincomelossnetoftax": 200000000,
        "comprehensiveincomenetoftaxincludingportionattributabletononcontrollinginterest": 512000000,
        "comprehensiveincomenetoftaxattributabletononcontrollinginterest": 15000000,
        "comprehensiveincomenetoftax": 497000000
    },
    {
        "date": "2022-09-29",
        "symbol": "ICE",
        "period": "Q3",
        "revenuefromcontractwithcustomerexcludingassessedtax": 14000000,
        "exchangefees": 158000000,
        "liquiditypayments": 418000000,
        "revenueslesstransactionbasedexpenses": 9000000,
        "laborandrelatedexpense": 344000000,
        "professionalfees": 32000000,
        "businesscombinationacquisitionrelatedcosts": 19000000,
        "communicationsandinformationtechnology": 169000000,
        "rentandoccupancy": 22000000,
        "sellinggeneralandadministrativeexpense": 54000000,
        "depreciationandamortization": 258000000,
        "operatingexpenses": 260000000,
        "operatingincomeloss": 16000000,
        "investmentincomenonoperating": 33000000,
        "interestexpense": 176000000,
        "othernonoperatingincomeexpense": -1097000000,
        "nonoperatingincomeexpense": -1240000000,
        "incomelossfromcontinuingoperationsbeforeincometaxesextraordinaryitemsnoncontrollinginterest": -327000000,
        "incometaxexpensebenefit": -152000000,
        "profitloss": -175000000,
        "incomelossfromcontinuingoperationsattributabletononcontrollingentity": 16000000,
        "netincomeloss": -191000000,
        "earningspersharebasic": -0.34,
        "earningspersharediluted": -0.34,
        "weightedaveragenumberofsharesoutstandingbasic": 558000000,
        "weightedaveragenumberofdilutedsharesoutstanding": 560000000,
        "othercomprehensiveincomelossforeigncurrencytransactionandtranslationadjustmentnetoftax": -98000000,
        "othercomprehensiveincomelossnetoftax": -98000000,
        "comprehensiveincomenetoftaxincludingportionattributabletononcontrollinginterest": -273000000,
        "comprehensiveincomenetoftaxattributabletononcontrollinginterest": 16000000,
        "comprehensiveincomenetoftax": -289000000,
        "othercomprehensiveincomelossforeigncurrencytranslationadjustmenttax": 1000000
    },
    {
        "date": "2022-06-29",
        "symbol": "ICE",
        "period": "Q2",
        "revenuefromcontractwithcustomerexcludingassessedtax": 13000000,
        "exchangefees": 123000000,
        "liquiditypayments": 476000000,
        "revenueslesstransactionbasedexpenses": 10000000,
        "laborandrelatedexpense": 355000000,
        "professionalfees": 35000000,
        "businesscombinationacquisitionrelatedcosts": 53000000,
        "communicationsandinformationtechnology": 169000000,
        "rentandoccupancy": 20000000,
        "sellinggeneralandadministrativeexpense": 57000000,
        "depreciationandamortization": 256000000,
        "operatingexpenses": 303000000,
        "operatingincomeloss": -6000000,
        "investmentincomenonoperating": 8000000,
        "interestexpense": 161000000,
        "othernonoperatingincomeexpense": 23000000,
        "nonoperatingincomeexpense": -130000000,
        "incomelossfromcontinuingoperationsbeforeincometaxesextraordinaryitemsnoncontrollinginterest": 739000000,
        "incometaxexpensebenefit": 173000000,
        "profitloss": 566000000,
        "incomelossfromcontinuingoperationsattributabletononcontrollingentity": 11000000,
        "netincomeloss": 555000000,
        "earningspersharebasic": 0.99,
        "earningspersharediluted": 0.99,
        "weightedaveragenumberofsharesoutstandingbasic": 558000000,
        "weightedaveragenumberofdilutedsharesoutstanding": 560000000,
        "othercomprehensiveincomelossforeigncurrencytransactionandtranslationadjustmentnetoftax": -84000000,
        "othercomprehensiveincomelossnetoftax": -84000000,
        "comprehensiveincomenetoftaxincludingportionattributabletononcontrollinginterest": 482000000,
        "comprehensiveincomenetoftaxattributabletononcontrollinginterest": 11000000,
        "comprehensiveincomenetoftax": 471000000,
        "othercomprehensiveincomelossforeigncurrencytranslationadjustmenttax": 1000000
    },
    {
        "date": "2022-03-30",
        "symbol": "ICE",
        "period": "Q1",
        "revenuefromcontractwithcustomerexcludingassessedtax": 124000000,
        "exchangefees": 51000000,
        "liquiditypayments": 509000000,
        "revenueslesstransactionbasedexpenses": 1047000000,
        "laborandrelatedexpense": 359000000,
        "professionalfees": 34000000,
        "businesscombinationacquisitionrelatedcosts": 9000000,
        "communicationsandinformationtechnology": 175000000,
        "rentandoccupancy": 21000000,
        "sellinggeneralandadministrativeexpense": 55000000,
        "depreciationandamortization": 254000000,
        "operatingexpenses": 254000000,
        "operatingincomeloss": 53000000,
        "investmentincomenonoperating": 1000000,
        "interestexpense": 103000000,
        "othernonoperatingincomeexpense": -58000000,
        "nonoperatingincomeexpense": -160000000,
        "incomelossfromcontinuingoperationsbeforeincometaxesextraordinaryitemsnoncontrollinginterest": 832000000,
        "incometaxexpensebenefit": 165000000,
        "profitloss": 667000000,
        "incomelossfromcontinuingoperationsattributabletononcontrollingentity": 10000000,
        "netincomeloss": 657000000,
        "earningspersharebasic": 1.17,
        "earningspersharediluted": 1.16,
        "weightedaveragenumberofsharesoutstandingbasic": 561000000,
        "weightedaveragenumberofdilutedsharesoutstanding": 564000000,
        "othercomprehensiveincomelossforeigncurrencytransactionandtranslationadjustmentnetoftax": -25000000,
        "othercomprehensiveincomelossnetoftax": -25000000,
        "comprehensiveincomenetoftaxincludingportionattributabletononcontrollinginterest": 642000000,
        "comprehensiveincomenetoftaxattributabletononcontrollinginterest": 10000000,
        "comprehensiveincomenetoftax": 632000000,
        "othercomprehensiveincomelossforeigncurrencytranslationadjustmenttax": -1000000
    },
    {
        "date": "2021-12-30",
        "symbol": "ICE",
        "period": "Q4",
        "revenuefromcontractwithcustomerexcludingassessedtax": -65000000,
        "exchangefees": 44000000,
        "liquiditypayments": 444000000,
        "revenueslesstransactionbasedexpenses": -609000000,
        "laborandrelatedexpense": 369000000,
        "professionalfees": 35000000,
        "businesscombinationacquisitionrelatedcosts": -11000000,
        "communicationsandinformationtechnology": 171000000,
        "rentandoccupancy": 23000000,
        "sellinggeneralandadministrativeexpense": 52000000,
        "depreciationandamortization": 250000000,
        "operatingexpenses": 260000000,
        "operatingincomeloss": 86000000,
        "interestexpense": 102000000,
        "othernonoperatingincomeexpense": 1330000000,
        "nonoperatingincomeexpense": 1229000000,
        "incometaxexpensebenefit": 580000000,
        "profitloss": 1529000000,
        "netincomeloss": 1527000000,
        "earningspersharebasic": 2.7199999999999998,
        "earningspersharediluted": 2.6999999999999993,
        "weightedaveragenumberofsharesoutstandingbasic": -1000000,
        "weightedaveragenumberofdilutedsharesoutstanding": 0,
        "othercomprehensiveincomelossnetoftax": 10000000,
        "comprehensiveincomenetoftaxincludingportionattributabletononcontrollinginterest": 1539000000,
        "comprehensiveincomenetoftaxattributabletononcontrollinginterest": 2000000,
        "comprehensiveincomenetoftax": 1537000000
    },
    {
        "date": "2021-09-29",
        "symbol": "ICE",
        "period": "Q3",
        "revenuefromcontractwithcustomerexcludingassessedtax": -3000000,
        "exchangefees": 38000000,
        "liquiditypayments": 437000000,
        "revenueslesstransactionbasedexpenses": 999000000,
        "laborandrelatedexpense": 374000000,
        "professionalfees": 43000000,
        "businesscombinationacquisitionrelatedcosts": 14000000,
        "communicationsandinformationtechnology": 168000000,
        "rentandoccupancy": 20000000,
        "sellinggeneralandadministrativeexpense": 52000000,
        "depreciationandamortization": 253000000,
        "operatingexpenses": 256000000,
        "operatingincomeloss": 110000000,
        "interestexpense": 108000000,
        "othernonoperatingincomeexpense": 54000000,
        "nonoperatingincomeexpense": -54000000,
        "incomelossfromcontinuingoperationsbeforeincometaxesminorityinterestandincomelossfromequitymethodinvestments": 824000000,
        "incometaxexpensebenefit": 187000000,
        "profitloss": 637000000,
        "incomelossfromcontinuingoperationsattributabletononcontrollingentity": 4000000,
        "netincomeloss": 633000000,
        "earningspersharebasic": 1.12,
        "earningspersharediluted": 1.1200000000000003,
        "weightedaveragenumberofsharesoutstandingbasic": -562000000,
        "weightedaveragenumberofdilutedsharesoutstanding": -565000000,
        "othercomprehensiveincomelossforeigncurrencytransactionandtranslationadjustmentnetoftax": -32000000,
        "othercomprehensiveincomelossnetoftax": -10000000,
        "comprehensiveincomenetoftaxincludingportionattributabletononcontrollinginterest": 605000000,
        "comprehensiveincomenetoftaxattributabletononcontrollinginterest": 4000000,
        "comprehensiveincomenetoftax": 601000000,
        "othercomprehensiveincomelossforeigncurrencytranslationadjustmenttax": -1000000
    },
    {
        "date": "2021-06-29",
        "symbol": "ICE",
        "period": "Q2",
        "revenuefromcontractwithcustomerexcludingassessedtax": 12000000,
        "exchangefees": 41000000,
        "liquiditypayments": 386000000,
        "revenueslesstransactionbasedexpenses": 969000000,
        "laborandrelatedexpense": 365000000,
        "professionalfees": 37000000,
        "businesscombinationacquisitionrelatedcosts": 10000000,
        "communicationsandinformationtechnology": 165000000,
        "rentandoccupancy": 20000000,
        "sellinggeneralandadministrativeexpense": 60000000,
        "depreciationandamortization": 251000000,
        "operatingexpenses": 245000000,
        "operatingincomeloss": 95000000,
        "interestexpense": 106000000,
        "othernonoperatingincomeexpense": 1239000000,
        "nonoperatingincomeexpense": 1133000000,
        "incomelossfromcontinuingoperationsbeforeincometaxesminorityinterestandincomelossfromequitymethodinvestments": 1932000000,
        "incometaxexpensebenefit": 679000000,
        "profitloss": 1253000000,
        "incomelossfromcontinuingoperationsattributabletononcontrollingentity": 1000000,
        "netincomeloss": 1252000000,
        "earningspersharebasic": 2.23,
        "earningspersharediluted": 2.22,
        "weightedaveragenumberofsharesoutstandingbasic": 563000000,
        "weightedaveragenumberofdilutedsharesoutstanding": 565000000,
        "othercomprehensiveincomelossforeigncurrencytransactionandtranslationadjustmentnetoftax": 10000000,
        "othercomprehensiveincomelossnetoftax": 10000000,
        "comprehensiveincomenetoftaxincludingportionattributabletononcontrollinginterest": 1263000000,
        "comprehensiveincomenetoftaxattributabletononcontrollinginterest": 1000000,
        "comprehensiveincomenetoftax": 1262000000,
        "othercomprehensiveincomelossforeigncurrencytranslationadjustmenttax": 1000000
    },
    {
        "date": "2021-03-30",
        "symbol": "ICE",
        "period": "Q1",
        "revenuefromcontractwithcustomerexcludingassessedtax": 109000000,
        "exchangefees": 125000000,
        "liquiditypayments": 507000000,
        "revenueslesstransactionbasedexpenses": 955000000,
        "laborandrelatedexpense": 354000000,
        "professionalfees": 44000000,
        "businesscombinationacquisitionrelatedcosts": 18000000,
        "communicationsandinformationtechnology": 162000000,
        "rentandoccupancy": 21000000,
        "sellinggeneralandadministrativeexpense": 51000000,
        "depreciationandamortization": 255000000,
        "operatingexpenses": 249000000,
        "operatingincomeloss": 106000000,
        "interestexpense": 107000000,
        "othernonoperatingincomeexpense": 48000000,
        "nonoperatingincomeexpense": -59000000,
        "incomelossfromcontinuingoperationsbeforeincometaxesminorityinterestandincomelossfromequitymethodinvestments": 833000000,
        "incometaxexpensebenefit": 183000000,
        "profitloss": 650000000,
        "incomelossfromcontinuingoperationsattributabletononcontrollingentity": 4000000,
        "netincomeloss": 646000000,
        "earningspersharebasic": 1.15,
        "earningspersharediluted": 1.14,
        "weightedaveragenumberofsharesoutstandingbasic": 562000000,
        "weightedaveragenumberofdilutedsharesoutstanding": 565000000,
        "othercomprehensiveincomelossforeigncurrencytransactionandtranslationadjustmentnetoftax": 7000000,
        "ociequitymethodinvestmentaftertax": 1000000,
        "othercomprehensiveincomelossnetoftax": 1000000,
        "comprehensiveincomenetoftaxincludingportionattributabletononcontrollinginterest": 658000000,
        "comprehensiveincomenetoftaxattributabletononcontrollinginterest": 4000000,
        "comprehensiveincomenetoftax": 654000000,
        "othercomprehensiveincomelossforeigncurrencytranslationadjustmenttax": -1000000
    },
    {
        "date": "2020-12-30",
        "symbol": "ICE",
        "period": "Q4",
        "revenuefromcontractwithcustomerexcludingassessedtax": -210000000,
        "laborandrelatedexpense": 339000000,
        "professionalfees": 44000000,
        "businesscombinationacquisitionrelatedcosts": -78000000,
        "communicationsandinformationtechnology": 161000000,
        "rentandoccupancy": 22000000,
        "sellinggeneralandadministrativeexpense": 53000000,
        "depreciationandamortization": 257000000,
        "operatingexpenses": 128000000,
        "operatingincomeloss": -795000000,
        "investmentincomenonoperating": 1000000,
        "interestexpense": 112000000,
        "othernonoperatingincomeexpense": 5000000,
        "nonoperatingincomeexpense": -106000000,
        "incomelossfromcontinuingoperationsbeforeincometaxesminorityinterestandincomelossfromequitymethodinvestments": 674000000,
        "incometaxexpensebenefit": 146000000,
        "profitloss": 528000000,
        "netincomeloss": 526000000,
        "earningspersharebasic": 0.9400000000000002,
        "earningspersharediluted": 0.9400000000000004,
        "weightedaveragenumberofsharesoutstandingbasic": -1094000000,
        "weightedaveragenumberofdilutedsharesoutstanding": -1100000000,
        "othercomprehensiveincomelossnetoftax": 38000000,
        "comprehensiveincomenetoftaxincludingportionattributabletononcontrollinginterest": 609000000,
        "comprehensiveincomenetoftaxattributabletononcontrollinginterest": 2000000,
        "comprehensiveincomenetoftax": 607000000
    },
    {
        "date": "2020-09-29",
        "symbol": "ICE",
        "period": "Q3",
        "revenuefromcontractwithcustomerexcludingassessedtax": 76000000,
        "costofrevenue": 519000000,
        "grossprofit": 816000000,
        "laborandrelatedexpense": 298000000,
        "professionalfees": 37000000,
        "businesscombinationacquisitionrelatedcosts": 76000000,
        "communicationsandinformationtechnology": 131000000,
        "rentandoccupancy": 19000000,
        "sellinggeneralandadministrativeexpense": 43000000,
        "depreciationandamortization": 180000000,
        "operatingexpenses": 378000000,
        "operatingincomeloss": 322000000,
        "investmentincomenonoperating": 1000000,
        "interestexpense": 89000000,
        "othernonoperatingincomeexpense": 44000000,
        "nonoperatingincomeexpense": -44000000,
        "incomelossfromcontinuingoperationsbeforeincometaxesminorityinterestandincomelossfromequitymethodinvestments": 583000000,
        "incometaxexpensebenefit": 189000000,
        "profitloss": 394000000,
        "incomelossfromcontinuingoperationsattributabletononcontrollingentity": 4000000,
        "netincomeloss": 390000000,
        "earningspersharebasic": 0.71,
        "earningspersharediluted": 0.71,
        "weightedaveragenumberofsharesoutstandingbasic": 548000000,
        "weightedaveragenumberofdilutedsharesoutstanding": 551000000,
        "othercomprehensiveincomelossforeigncurrencytransactionandtranslationadjustmentnetoftax": 48000000,
        "othercomprehensiveincomelossnetoftax": 48000000,
        "comprehensiveincomenetoftaxincludingportionattributabletononcontrollinginterest": 442000000,
        "comprehensiveincomenetoftaxattributabletononcontrollinginterest": 4000000,
        "comprehensiveincomenetoftax": 438000000,
        "othercomprehensiveincomelossforeigncurrencytranslationadjustmenttax": 1000000
    },
    {
        "date": "2020-06-29",
        "symbol": "ICE",
        "period": "Q2",
        "revenuefromcontractwithcustomerexcludingassessedtax": 84000000,
        "exchangefees": 154000000,
        "liquiditypayments": 417000000,
        "revenueslesstransactionbasedexpenses": 774000000,
        "laborandrelatedexpense": 273000000,
        "professionalfees": 34000000,
        "businesscombinationacquisitionrelatedcosts": 2000000,
        "communicationsandinformationtechnology": 126000000,
        "rentandoccupancy": 19000000,
        "sellinggeneralandadministrativeexpense": 40000000,
        "depreciationandamortization": 157000000,
        "operatingexpenses": 369000000,
        "operatingincomeloss": 316000000,
        "investmentincomenonoperating": 2000000,
        "interestexpense": 84000000,
        "othernonoperatingincomeexpense": 11000000,
        "nonoperatingincomeexpense": -71000000,
        "incomelossfromcontinuingoperationsbeforeincometaxesminorityinterestandincomelossfromequitymethodinvestments": 673000000,
        "incometaxexpensebenefit": 145000000,
        "profitloss": 528000000,
        "incomelossfromcontinuingoperationsattributabletononcontrollingentity": 5000000,
        "netincomeloss": 523000000,
        "earningspersharebasic": 0.96,
        "earningspersharediluted": 0.95,
        "weightedaveragenumberofsharesoutstandingbasic": 546000000,
        "weightedaveragenumberofdilutedsharesoutstanding": 549000000,
        "othercomprehensiveincomelossforeigncurrencytransactionandtranslationadjustmentnetoftax": 12000000,
        "othercomprehensiveincomelossnetoftax": 12000000,
        "comprehensiveincomenetoftaxincludingportionattributabletononcontrollinginterest": 540000000,
        "comprehensiveincomenetoftaxattributabletononcontrollinginterest": 5000000,
        "comprehensiveincomenetoftax": 535000000
    },
    {
        "date": "2020-03-30",
        "symbol": "ICE",
        "period": "Q1",
        "profitloss": 658000000,
        "othercomprehensiveincomelossforeigncurrencytransactionandtranslationadjustmentnetoftax": -90000000,
        "othercomprehensiveincomelossnetoftax": -90000000,
        "comprehensiveincomenetoftaxincludingportionattributabletononcontrollinginterest": 568000000,
        "comprehensiveincomenetoftaxattributabletononcontrollinginterest": 8000000,
        "comprehensiveincomenetoftax": 560000000,
        "revenuefromcontractwithcustomerexcludingassessedtax": 1364000000,
        "exchangefees": 166000000,
        "liquiditypayments": 390000000,
        "revenueslesstransactionbasedexpenses": 1559000000,
        "laborandrelatedexpense": 278000000,
        "professionalfees": 29000000,
        "businesscombinationacquisitionrelatedcosts": 12000000,
        "communicationsandinformationtechnology": 131000000,
        "rentandoccupancy": 21000000,
        "sellinggeneralandadministrativeexpense": 49000000,
        "depreciationandamortization": 157000000,
        "operatingexpenses": 677000000,
        "operatingincomeloss": 882000000,
        "investmentincomenonoperating": 6000000,
        "interestexpense": 72000000,
        "othernonoperatingincomeexpense": 20000000,
        "nonoperatingincomeexpense": -46000000,
        "incomelossfromcontinuingoperationsbeforeincometaxesminorityinterestandincomelossfromequitymethodinvestments": 836000000,
        "incometaxexpensebenefit": 178000000,
        "incomelossfromcontinuingoperationsattributabletononcontrollingentity": 8000000,
        "netincomeloss": 650000000,
        "earningspersharebasic": 1.18,
        "earningspersharediluted": 1.17,
        "weightedaveragenumberofsharesoutstandingbasic": 552000000,
        "weightedaveragenumberofdilutedsharesoutstanding": 555000000
    },
    {
        "date": "2019-12-30",
        "symbol": "ICE",
        "period": "Q4",
        "profitloss": 453000000,
        "othercomprehensiveincomelossnetoftax": 105000000,
        "comprehensiveincomenetoftaxincludingportionattributabletononcontrollinginterest": 558000000,
        "comprehensiveincomenetoftaxattributabletononcontrollinginterest": 5000000,
        "comprehensiveincomenetoftax": 553000000,
        "revenuefromcontractwithcustomerexcludingassessedtax": 929000000,
        "exchangefees": 105000000,
        "liquiditypayments": 264000000,
        "revenueslesstransactionbasedexpenses": 1298000000,
        "laborandrelatedexpense": 274000000,
        "professionalfees": 28000000,
        "communicationsandinformationtechnology": 123000000,
        "rentandoccupancy": 16000000,
        "sellinggeneralandadministrativeexpense": 45000000,
        "depreciationandamortization": 189000000,
        "operatingexpenses": 676000000,
        "operatingincomeloss": 622000000,
        "investmentincomenonoperating": 8000000,
        "interestexpense": 71000000,
        "othernonoperatingincomeexpense": 28000000,
        "nonoperatingincomeexpense": -35000000,
        "incomelossfromcontinuingoperationsbeforeincometaxesminorityinterestandincomelossfromequitymethodinvestments": 587000000,
        "incometaxexpensebenefit": 134000000,
        "netincomeloss": 448000000,
        "earningspersharebasic": 0.7999999999999999,
        "earningspersharediluted": 0.7999999999999999,
        "weightedaveragenumberofsharesoutstandingbasic": -2000000,
        "weightedaveragenumberofdilutedsharesoutstanding": -1000000
    },
    {
        "date": "2019-09-29",
        "symbol": "ICE",
        "period": "Q3",
        "profitloss": 537000000,
        "othercomprehensiveincomelossforeigncurrencytransactionandtranslationadjustmentnetoftax": -39000000,
        "othercomprehensiveincomelossnetoftax": -39000000,
        "comprehensiveincomenetoftaxincludingportionattributabletononcontrollinginterest": 498000000,
        "comprehensiveincomenetoftaxattributabletononcontrollinginterest": 8000000,
        "comprehensiveincomenetoftax": 490000000,
        "revenuefromcontractwithcustomerexcludingassessedtax": 929000000,
        "exchangefees": 105000000,
        "liquiditypayments": 222000000,
        "revenueslesstransactionbasedexpenses": 1336000000,
        "laborandrelatedexpense": 261000000,
        "professionalfees": 35000000,
        "communicationsandinformationtechnology": 126000000,
        "rentandoccupancy": 17000000,
        "sellinggeneralandadministrativeexpense": 33000000,
        "depreciationandamortization": 158000000,
        "operatingexpenses": 630000000,
        "operatingincomeloss": 706000000,
        "investmentincomenonoperating": 8000000,
        "interestexpense": 72000000,
        "othernonoperatingincomeexpense": -2000000,
        "nonoperatingincomeexpense": -66000000,
        "incomelossfromcontinuingoperationsbeforeincometaxesminorityinterestandincomelossfromequitymethodinvestments": 640000000,
        "incometaxexpensebenefit": 103000000,
        "incomelossfromcontinuingoperationsattributabletononcontrollingentity": 8000000,
        "netincomeloss": 529000000,
        "earningspersharebasic": 0.9500000000000003,
        "earningspersharediluted": 0.9400000000000001,
        "weightedaveragenumberofsharesoutstandingbasic": -2000000,
        "weightedaveragenumberofdilutedsharesoutstanding": -2000000
    },
    {
        "date": "2019-06-29",
        "symbol": "ICE",
        "period": "Q2",
        "profitloss": 478000000,
        "othercomprehensiveincomelossforeigncurrencytransactionandtranslationadjustmentnetoftax": -19000000,
        "othercomprehensiveincomelossavailableforsalesecuritiesadjustmentnetoftax": 0,
        "othercomprehensiveincomelossnetoftax": -19000000,
        "comprehensiveincomenetoftaxincludingportionattributabletononcontrollinginterest": 459000000,
        "comprehensiveincomenetoftaxattributabletononcontrollinginterest": 6000000,
        "comprehensiveincomenetoftax": 453000000,
        "revenuefromcontractwithcustomerexcludingassessedtax": 1674000000,
        "exchangefees": 100000000,
        "liquiditypayments": 236000000,
        "revenueslesstransactionbasedexpenses": 1298000000,
        "laborandrelatedexpense": 259000000,
        "professionalfees": 29000000,
        "communicationsandinformationtechnology": 113000000,
        "rentandoccupancy": 18000000,
        "sellinggeneralandadministrativeexpense": 41000000,
        "depreciationandamortization": 157000000,
        "operatingexpenses": 618000000,
        "operatingincomeloss": 680000000,
        "investmentincomenonoperating": 10000000,
        "interestexpense": 71000000,
        "othernonoperatingincomeexpense": 9000000,
        "nonoperatingincomeexpense": -52000000,
        "incomelossfromcontinuingoperationsbeforeincometaxesminorityinterestandincomelossfromequitymethodinvestments": 628000000,
        "incometaxexpensebenefit": 150000000,
        "incomelossfromcontinuingoperationsattributabletononcontrollingentity": 6000000,
        "netincomeloss": 472000000,
        "earningspersharebasic": 0.84,
        "earningspersharediluted": 0.83,
        "weightedaveragenumberofsharesoutstandingbasic": -3000000,
        "weightedaveragenumberofdilutedsharesoutstanding": -2000000
    },
    {
        "date": "2019-03-30",
        "symbol": "ICE",
        "period": "Q1",
        "profitloss": 492000000,
        "othercomprehensiveincomelossforeigncurrencytransactionandtranslationadjustmentnetoftax": 26000000,
        "othercomprehensiveincomelossavailableforsalesecuritiesadjustmentnetoftax": -1000000,
        "othercomprehensiveincomelossnetoftax": 25000000,
        "comprehensiveincomenetoftaxincludingportionattributabletononcontrollinginterest": 517000000,
        "comprehensiveincomenetoftaxattributabletononcontrollinginterest": 8000000,
        "comprehensiveincomenetoftax": 509000000,
        "revenuefromcontractwithcustomerexcludingassessedtax": 95000000,
        "exchangefees": 69000000,
        "liquiditypayments": 244000000,
        "revenueslesstransactionbasedexpenses": 1270000000,
        "laborandrelatedexpense": 248000000,
        "professionalfees": 33000000,
        "communicationsandinformationtechnology": 107000000,
        "rentandoccupancy": 17000000,
        "sellinggeneralandadministrativeexpense": 42000000,
        "depreciationandamortization": 158000000,
        "operatingexpenses": 605000000,
        "operatingincomeloss": 665000000,
        "investmentincomenonoperating": 9000000,
        "interestexpense": 71000000,
        "othernonoperatingincomeexpense": 23000000,
        "nonoperatingincomeexpense": -39000000,
        "incomelossfromcontinuingoperationsbeforeincometaxesminorityinterestandincomelossfromequitymethodinvestments": 626000000,
        "incometaxexpensebenefit": 134000000,
        "incomelossfromcontinuingoperationsattributabletononcontrollingentity": 8000000,
        "netincomeloss": 484000000,
        "earningspersharebasic": 0.85,
        "earningspersharediluted": 0.85,
        "weightedaveragenumberofsharesoutstandingbasic": 568000000,
        "weightedaveragenumberofdilutedsharesoutstanding": 570000000
    },
    {
        "date": "2018-09-29",
        "symbol": "ICE",
        "period": "Q3",
        "commonstocksharesissued": 3000000,
        "stockholdersequityincludingportionattributabletononcontrollinginterest": -302000000,
        "othercomprehensiveincomelossnetoftax": -9000000,
        "stockissuedduringperiodvaluestockoptionsexercised": 7000000,
        "treasurystocksharesacquired": 4000000,
        "treasurystockvalueacquiredcostmethod": 300000000,
        "restrictedstockandoptionwithholdingtaxesrecordedasnetsettlementshares": -1000000,
        "restrictedstockandoptionwithholdingtaxesrecordedasnetsettlement": 2000000,
        "adjustmentstoadditionalpaidincapitalsharebasedcompensationrequisiteserviceperiodrecognitionvalue": 34000000,
        "dividends": 138000000,
        "minorityinterestperiodincreasedecrease": -7000000,
        "profitloss": 465000000,
        "othercomprehensiveincomelossforeigncurrencytransactionandtranslationadjustmentnetoftax": -9000000,
        "comprehensiveincomenetoftaxincludingportionattributabletononcontrollinginterest": 456000000,
        "comprehensiveincomenetoftaxattributabletononcontrollinginterest": 7000000,
        "comprehensiveincomenetoftax": 449000000,
        "othercomprehensiveincomelossforeigncurrencytranslationadjustmenttax": 0,
        "exchangefees": 61000000,
        "liquiditypayments": 202000000,
        "revenueslesstransactionbasedexpenses": 723000000,
        "laborandrelatedexpense": 251000000,
        "professionalfees": 32000000,
        "businesscombinationacquisitionrelatedcosts": 6000000,
        "rentandoccupancy": 17000000,
        "sellinggeneralandadministrativeexpense": 37000000,
        "depreciationandamortization": 148000000,
        "operatingexpenses": 230000000,
        "operatingincomeloss": 328000000,
        "interestexpense": 66000000,
        "othernonoperatingincomeexpense": 18000000,
        "nonoperatingincomeexpense": -48000000,
        "incomelossfromcontinuingoperationsbeforeincometaxesminorityinterestandincomelossfromequitymethodinvestments": 554000000,
        "incometaxexpensebenefit": 89000000,
        "incomelossfromcontinuingoperationsattributabletononcontrollingentity": 7000000,
        "netincomeloss": 458000000,
        "earningspersharebasic": 0.8,
        "earningspersharediluted": 0.79,
        "weightedaveragenumberofsharesoutstandingbasic": -3000000,
        "weightedaveragenumberofdilutedsharesoutstanding": -2000000,
        "commonstockdividendspersharecashpaid": 0.24
    },
    {
        "date": "2018-06-29",
        "symbol": "ICE",
        "period": "Q2",
        "commonstocksharesissued": 7000000,
        "stockholdersequityincludingportionattributabletononcontrollinginterest": -463000000,
        "othercomprehensiveincomelossnetoftax": -75000000,
        "stockissuedduringperiodvaluestockoptionsexercised": 8000000,
        "treasurystocksharesacquired": 6000000,
        "treasurystockvalueacquiredcostmethod": 459000000,
        "restrictedstockandoptionwithholdingtaxesrecordedasnetsettlementshares": 1000000,
        "restrictedstockandoptionwithholdingtaxesrecordedasnetsettlement": 4000000,
        "adjustmentstoadditionalpaidincapitalsharebasedcompensationrequisiteserviceperiodrecognitionvalue": 41000000,
        "stockissuedduringperiodsharesrestrictedstockawardnetofforfeitures": 0,
        "minorityinterestdecreasefromdistributionstononcontrollinginterestholders": 0,
        "dividends": 139000000,
        "minorityinterestperiodincreasedecrease": -7000000,
        "profitloss": 462000000,
        "othercomprehensiveincomelossforeigncurrencytransactionandtranslationadjustmentnetoftax": -75000000,
        "comprehensiveincomenetoftaxincludingportionattributabletononcontrollinginterest": 387000000,
        "comprehensiveincomenetoftaxattributabletononcontrollinginterest": 7000000,
        "comprehensiveincomenetoftax": 380000000,
        "othercomprehensiveincomelossforeigncurrencytranslationadjustmenttax": -2000000,
        "revenues": 919000000,
        "exchangefees": 90000000,
        "liquiditypayments": 220000000,
        "revenueslesstransactionbasedexpenses": 845000000,
        "laborandrelatedexpense": 241000000,
        "professionalfees": 29000000,
        "businesscombinationacquisitionrelatedcosts": 15000000,
        "rentandoccupancy": 16000000,
        "sellinggeneralandadministrativeexpense": 39000000,
        "depreciationandamortization": 143000000,
        "operatingexpenses": 218000000,
        "operatingincomeloss": 391000000,
        "interestexpense": 55000000,
        "othernonoperatingincomeexpense": 11000000,
        "nonoperatingincomeexpense": -44000000,
        "incomelossfromcontinuingoperationsbeforeincometaxesminorityinterestandincomelossfromequitymethodinvestments": 611000000,
        "incometaxexpensebenefit": 149000000,
        "incomelossfromcontinuingoperationsattributabletononcontrollingentity": 7000000,
        "netincomeloss": 455000000,
        "earningspersharebasic": 0.79,
        "earningspersharediluted": 0.79,
        "weightedaveragenumberofsharesoutstandingbasic": -2000000,
        "weightedaveragenumberofdilutedsharesoutstanding": -3000000,
        "commonstockdividendspersharecashpaid": 0.24
    },
    {
        "date": "2018-03-30",
        "symbol": "ICE",
        "period": "Q1",
        "commonstocksharesissued": 22000000,
        "stockholdersequityincludingportionattributabletononcontrollinginterest": -1448000000,
        "othercomprehensiveincomelossnetoftax": 33000000,
        "stockissuedduringperiodvaluestockoptionsexercised": 4000000,
        "treasurystocksharesacquired": 4000000,
        "treasurystockvalueacquiredcostmethod": 300000000,
        "restrictedstockandoptionwithholdingtaxesrecordedasnetsettlementshares": 1000000,
        "restrictedstockandoptionwithholdingtaxesrecordedasnetsettlement": 72000000,
        "adjustmentstoadditionalpaidincapitalsharebasedcompensationrequisiteserviceperiodrecognitionvalue": 32000000,
        "stockissuedduringperiodsharesrestrictedstockawardnetofforfeitures": 3000000,
        "minorityinterestdecreasefromdistributionstononcontrollinginterestholders": 10000000,
        "dividends": 140000000,
        "minorityinterestperiodincreasedecrease": -10000000,
        "profitloss": 474000000,
        "accumulatedothercomprehensiveincomelossforeigncurrencytranslationadjustmentnetoftax": -103000000,
        "accumulatedothercomprehensiveincomeequitymethodinvestmentsnetoftax": 2000000,
        "accumulatedothercomprehensiveincomelossdefinedbenefitpensionandotherpostretirementplansnetoftax": 89000000,
        "accumulatedothercomprehensiveincomelossnetoftax": -190000000,
        "othercomprehensiveincomelossforeigncurrencytransactionandtranslationadjustmentnetoftax": 33000000,
        "comprehensiveincomenetoftaxincludingportionattributabletononcontrollinginterest": 507000000,
        "comprehensiveincomenetoftaxattributabletononcontrollinginterest": 10000000,
        "comprehensiveincomenetoftax": 497000000,
        "othercomprehensiveincomelossforeigncurrencytranslationadjustmenttax": 1000000,
        "clearingfeesrevenue": 898000000,
        "marketdatarevenue": 520000000,
        "listingfees": 109000000,
        "revenueotherfinancialservices": 53000000,
        "revenues": 951000000,
        "exchangefees": 121000000,
        "liquiditypayments": 234000000,
        "revenueslesstransactionbasedexpenses": 596000000,
        "laborandrelatedexpense": 240000000,
        "professionalfees": 30000000,
        "businesscombinationacquisitionrelatedcosts": 12000000,
        "technologyservicescosts": 105000000,
        "rentandoccupancy": 17000000,
        "sellinggeneralandadministrativeexpense": 33000000,
        "depreciationandamortization": 138000000,
        "operatingexpenses": 207000000,
        "operatingincomeloss": 389000000,
        "interestexpense": 52000000,
        "othernonoperatingincomeexpense": 19000000,
        "nonoperatingincomeexpense": -33000000,
        "incomelossfromcontinuingoperationsbeforeincometaxesminorityinterestandincomelossfromequitymethodinvestments": 617000000,
        "incometaxexpensebenefit": 143000000,
        "incomelossfromcontinuingoperationsattributabletononcontrollingentity": 10000000,
        "netincomeloss": 464000000,
        "earningspersharebasic": 0.8,
        "earningspersharediluted": 0.79,
        "weightedaveragenumberofsharesoutstandingbasic": 582000000,
        "weightedaveragenumberofdilutedsharesoutstanding": 586000000,
        "commonstockdividendspersharecashpaid": 0.24
    },
    {
        "date": "2017-09-29",
        "symbol": "ICE",
        "period": "Q3",
        "commonstocksharesissued": 4000000,
        "stockholdersequityincludingportionattributabletononcontrollinginterest": -243000000,
        "othercomprehensiveincomelossnetoftax": 45000000,
        "stockissuedduringperiodsharesstockoptionsexercised": 209415,
        "stockissuedduringperiodvaluestockoptionsexercised": 5000000,
        "treasurystocksharesacquired": 3000000,
        "treasurystockvalueacquiredcostmethod": 240000000,
        "restrictedstockandoptionwithholdingtaxesrecordedasnetsettlementshares": 3000000,
        "restrictedstockandoptionwithholdingtaxesrecordedasnetsettlement": 4000000,
        "adjustmentstoadditionalpaidincapitalsharebasedcompensationrequisiteserviceperiodrecognitionvalue": 38000000,
        "dividends": 119000000,
        "minorityinterestperiodincreasedecrease": -6000000,
        "profitloss": 375000000,
        "accumulatedothercomprehensiveincomelossforeigncurrencytranslationadjustmentnetoftax": 45000000,
        "accumulatedothercomprehensiveincomelossnetoftax": 45000000,
        "othercomprehensiveincomelossforeigncurrencytransactionandtranslationadjustmentnetoftax": 45000000,
        "comprehensiveincomenetoftaxincludingportionattributabletononcontrollinginterest": 3054000000,
        "comprehensiveincomenetoftaxattributabletononcontrollinginterest": 6000000,
        "comprehensiveincomenetoftax": 3032000000,
        "clearingfeesrevenue": 758000000,
        "marketdatarevenue": 518000000,
        "listingfees": 102000000,
        "revenueotherfinancialservices": 54000000,
        "revenues": 1432000000,
        "exchangefees": 92000000,
        "liquiditypayments": 197000000,
        "revenueslesstransactionbasedexpenses": 523000000,
        "professionalfees": 30000000,
        "businesscombinationacquisitionrelatedcosts": 4000000,
        "technologyservicescosts": 99000000,
        "rentandoccupancy": 17000000,
        "sellinggeneralandadministrativeexpense": 38000000,
        "depreciationandamortization": 128000000,
        "operatingexpenses": 213000000,
        "operatingincomeloss": 310000000,
        "interestexpense": 47000000,
        "othernonoperatingincomeexpense": 11000000,
        "nonoperatingincomeexpense": 157000000,
        "incomelossfromcontinuingoperationsbeforeincometaxesminorityinterestandincomelossfromequitymethodinvestments": 1945000000,
        "incometaxexpensebenefit": 185000000,
        "incomelossfromcontinuingoperationsattributabletononcontrollingentity": 38000000,
        "netincomeloss": 3071000000,
        "earningspersharebasic": 0.6300000000000002,
        "earningspersharediluted": 0.6299999999999998,
        "weightedaveragenumberofsharesoutstandingbasic": -2000000,
        "weightedaveragenumberofdilutedsharesoutstanding": -2000000,
        "commonstockdividendspersharecashpaid": 0.19999999999999996
    },
    {
        "date": "2017-06-29",
        "symbol": "ICE",
        "period": "Q2",
        "commonstocksharesissued": 4000000,
        "stockholdersequityincludingportionattributabletononcontrollinginterest": -244000000,
        "othercomprehensiveincomelossnetoftax": 60000000,
        "stockissuedduringperiodsharesstockoptionsexercised": 108780,
        "stockissuedduringperiodvaluestockoptionsexercised": 3000000,
        "treasurystocksharesacquired": 4000000,
        "treasurystockvalueacquiredcostmethod": 240000000,
        "restrictedstockandoptionwithholdingtaxesrecordedasnetsettlementshares": -2000000,
        "restrictedstockandoptionwithholdingtaxesrecordedasnetsettlement": 4000000,
        "adjustmentstoadditionalpaidincapitalsharebasedcompensationrequisiteserviceperiodrecognitionvalue": 36000000,
        "stockissuedduringperiodsharesrestrictedstockawardnetofforfeitures": 0,
        "minorityinterestdecreasefromdistributionstononcontrollinginterestholders": 0,
        "dividends": 119000000,
        "minorityinterestperiodincreasedecrease": -8000000,
        "profitloss": 426000000,
        "accumulatedothercomprehensiveincomelossforeigncurrencytranslationadjustmentnetoftax": -368000000,
        "accumulatedothercomprehensiveincomeequitymethodinvestmentsnetoftax": 0,
        "accumulatedothercomprehensiveincomelossdefinedbenefitpensionandotherpostretirementplansnetoftax": 0,
        "accumulatedothercomprehensiveincomelossnetoftax": 60000000,
        "othercomprehensiveincomelossforeigncurrencytransactionandtranslationadjustmentnetoftax": 60000000,
        "othercomprehensiveincomelossavailableforsalesecuritiesadjustmentnetoftax": 0,
        "othercomprehensiveincomelossreclassificationadjustmentfromaociforsaleofsecuritiesnetoftax": 0,
        "comprehensiveincomenetoftaxincludingportionattributabletononcontrollinginterest": -911000000,
        "comprehensiveincomenetoftaxattributabletononcontrollinginterest": 8000000,
        "comprehensiveincomenetoftax": -911000000,
        "clearingfeesrevenue": 817000000,
        "marketdatarevenue": 521000000,
        "listingfees": 107000000,
        "revenueotherfinancialservices": 49000000,
        "revenues": 1494000000,
        "exchangefees": 92000000,
        "liquiditypayments": 224000000,
        "revenueslesstransactionbasedexpenses": 550000000,
        "laborandrelatedexpense": 0,
        "professionalfees": 32000000,
        "businesscombinationacquisitionrelatedcosts": 9000000,
        "technologyservicescosts": 97000000,
        "rentandoccupancy": 17000000,
        "sellinggeneralandadministrativeexpense": 38000000,
        "depreciationandamortization": 142000000,
        "operatingexpenses": 214000000,
        "operatingincomeloss": 336000000,
        "interestexpense": 45000000,
        "othernonoperatingincomeexpense": 1000000,
        "nonoperatingincomeexpense": -49000000,
        "incomelossfromcontinuingoperationsbeforeincometaxesminorityinterestandincomelossfromequitymethodinvestments": -49000000,
        "incometaxexpensebenefit": 139000000,
        "incomelossfromcontinuingoperationsattributabletononcontrollingentity": -24000000,
        "netincomeloss": -802000000,
        "earningspersharebasic": 0.7100000000000001,
        "earningspersharediluted": 0.7000000000000001,
        "weightedaveragenumberofsharesoutstandingbasic": -1000000,
        "weightedaveragenumberofdilutedsharesoutstanding": -2000000,
        "commonstockdividendspersharecashpaid": 0.2
    },
    {
        "date": "2017-03-30",
        "symbol": "ICE",
        "period": "Q1",
        "stockholdersequityincludingportionattributabletononcontrollinginterest": -346000000,
        "commonstocksharesissued": 6000000,
        "othercomprehensiveincomelossnetoftax": -83000000,
        "stockissuedduringperiodvaluestockoptionsexercised": 3000000,
        "stockissuedduringperiodsharesstockoptionsexercised": 111240,
        "treasurystockvalueacquiredcostmethod": 229000000,
        "treasurystocksharesacquired": 4000000,
        "restrictedstockandoptionwithholdingtaxesrecordedasnetsettlement": 77000000,
        "restrictedstockandoptionwithholdingtaxesrecordedasnetsettlementshares": 1000000,
        "adjustmentstoadditionalpaidincapitalsharebasedcompensationrequisiteserviceperiodrecognitionvalue": 42000000,
        "stockissuedduringperiodsharesrestrictedstockawardnetofforfeitures": 3000000,
        "minorityinterestdecreasefromdistributionstononcontrollinginterestholders": 12000000,
        "dividends": 120000000,
        "minorityinterestperiodincreasedecrease": -8000000,
        "profitloss": 510000000,
        "accumulatedothercomprehensiveincomelossforeigncurrencytranslationadjustmentnetoftax": 108000000,
        "accumulatedothercomprehensiveincomeequitymethodinvestmentsnetoftax": 2000000,
        "accumulatedothercomprehensiveincomelossdefinedbenefitpensionandotherpostretirementplansnetoftax": 109000000,
        "accumulatedothercomprehensiveincomelossnetoftax": -427000000,
        "othercomprehensiveincomelossforeigncurrencytransactionandtranslationadjustmentnetoftax": 25000000,
        "othercomprehensiveincomelossavailableforsalesecuritiesadjustmentnetoftax": 68000000,
        "othercomprehensiveincomelossreclassificationadjustmentfromaociforsaleofsecuritiesnetoftax": 176000000,
        "comprehensiveincomenetoftaxincludingportionattributabletononcontrollinginterest": -810000000,
        "comprehensiveincomenetoftaxattributabletononcontrollinginterest": 8000000,
        "comprehensiveincomenetoftax": -810000000,
        "clearingfeesrevenue": 798000000,
        "marketdatarevenue": 520000000,
        "listingfees": 106000000,
        "revenueotherfinancialservices": 45000000,
        "revenues": 1469000000,
        "exchangefees": 91000000,
        "liquiditypayments": 214000000,
        "revenueslesstransactionbasedexpenses": 538000000,
        "laborandrelatedexpense": 1000000,
        "professionalfees": 32000000,
        "businesscombinationacquisitionrelatedcosts": 14000000,
        "technologyservicescosts": 98000000,
        "rentandoccupancy": 18000000,
        "sellinggeneralandadministrativeexpense": 41000000,
        "depreciationandamortization": 134000000,
        "operatingexpenses": 216000000,
        "operatingincomeloss": 322000000,
        "interestexpense": 45000000,
        "othernonoperatingincomeexpense": 186000000,
        "nonoperatingincomeexpense": -47000000,
        "incomelossfromcontinuingoperationsbeforeincometaxesminorityinterestandincomelossfromequitymethodinvestments": -48000000,
        "incometaxexpensebenefit": 213000000,
        "incomelossfromcontinuingoperationsattributabletononcontrollingentity": 8000000,
        "netincomeloss": -980000000,
        "earningspersharebasic": 0.84,
        "earningspersharediluted": 0.84,
        "weightedaveragenumberofsharesoutstandingbasic": 594000000,
        "weightedaveragenumberofdilutedsharesoutstanding": 599000000,
        "commonstockdividendspersharecashpaid": 0.2
    },
    {
        "date": "2016-09-29",
        "symbol": "ICE",
        "period": "Q3",
        "profitloss": 350000000,
        "othercomprehensiveincomelossforeigncurrencytransactionandtranslationadjustmentnetoftax": -46000000,
        "othercomprehensiveincomelossavailableforsalesecuritiesadjustmentnetoftax": -12000000,
        "comprehensiveincomenetoftaxincludingportionattributabletononcontrollinginterest": -586000000,
        "comprehensiveincomenetoftaxattributabletononcontrollinginterest": -6000000,
        "comprehensiveincomenetoftax": -586000000,
        "incometaxexpensebenefit": 93000000,
        "clearingfeesrevenue": 777000000,
        "marketdatarevenue": 489000000,
        "listingfees": 106000000,
        "revenueotherfinancialservices": 44000000,
        "revenues": 1416000000,
        "exchangefees": 94000000,
        "liquiditypayments": 244000000,
        "revenueslesstransactionbasedexpenses": 483000000,
        "laborandrelatedexpense": 0,
        "technologyservicescosts": 93000000,
        "professionalfees": 32000000,
        "rentandoccupancy": 17000000,
        "businesscombinationacquisitionrelatedcosts": 14000000,
        "sellinggeneralandadministrativeexpense": 31000000,
        "depreciationandamortization": 181000000,
        "operatingexpenses": 245000000,
        "operatingincomeloss": 238000000,
        "interestexpense": 44000000,
        "othernonoperatingincomeexpense": 13000000,
        "nonoperatingincomeexpense": -37000000,
        "incomelossfromcontinuingoperationsbeforeincometaxesminorityinterestandincomelossfromequitymethodinvestments": -38000000,
        "incomelossfromcontinuingoperationsattributabletononcontrollingentity": -6000000,
        "netincomeloss": -690000000,
        "earningspersharebasic": 2.89,
        "commonstockdividendspersharecashpaid": 0.8499999999999998
    },
    {
        "date": "2016-06-29",
        "symbol": "ICE",
        "period": "Q2",
        "profitloss": 363000000,
        "othercomprehensiveincomelossforeigncurrencytransactionandtranslationadjustmentnetoftax": -125000000,
        "othercomprehensiveincomelossavailableforsalesecuritiesadjustmentnetoftax": 75000000,
        "comprehensiveincomenetoftaxincludingportionattributabletononcontrollinginterest": -1683000000,
        "comprehensiveincomenetoftaxattributabletononcontrollinginterest": -6000000,
        "comprehensiveincomenetoftax": -1683000000,
        "incometaxexpensebenefit": 153000000,
        "clearingfeesrevenue": 860000000,
        "marketdatarevenue": 497000000,
        "listingfees": 105000000,
        "revenueotherfinancialservices": 42000000,
        "revenues": 1504000000,
        "exchangefees": 98000000,
        "liquiditypayments": 277000000,
        "revenueslesstransactionbasedexpenses": 527000000,
        "laborandrelatedexpense": -235000000,
        "technologyservicescosts": 92000000,
        "professionalfees": 37000000,
        "rentandoccupancy": 17000000,
        "businesscombinationacquisitionrelatedcosts": 20000000,
        "sellinggeneralandadministrativeexpense": 30000000,
        "depreciationandamortization": 146000000,
        "operatingexpenses": 214000000,
        "operatingincomeloss": 313000000,
        "interestexpense": 44000000,
        "othernonoperatingincomeexpense": 9000000,
        "nonoperatingincomeexpense": -44000000,
        "incomelossfromcontinuingoperationsbeforeincometaxesminorityinterestandincomelossfromequitymethodinvestments": -45000000,
        "incomelossfromcontinuingoperationsattributabletononcontrollingentity": -6000000,
        "netincomeloss": -1796000000,
        "incomelossfromcontinuingoperationsperbasicshare": 357000000,
        "incomelossfromdiscontinuedoperationsnetoftaxperbasicshare": 0,
        "earningspersharebasic": 2.9999999999999996,
        "incomelossfromcontinuingoperationsperdilutedshare": 0,
        "incomelossfromdiscontinuedoperationsnetoftaxperdilutedshare": 0,
        "earningspersharediluted": 0,
        "commonstockdividendspersharecashpaid": 0.85
    },
    {
        "date": "2016-03-30",
        "symbol": "ICE",
        "period": "Q1",
        "profitloss": 377000000,
        "othercomprehensiveincomelossforeigncurrencytransactionandtranslationadjustmentnetoftax": -74000000,
        "othercomprehensiveincomelossavailableforsalesecuritiesadjustmentnetoftax": 54000000,
        "comprehensiveincomenetoftaxincludingportionattributabletononcontrollinginterest": 344000000,
        "comprehensiveincomenetoftaxattributabletononcontrollinginterest": -8000000,
        "comprehensiveincomenetoftax": 344000000,
        "othercomprehensiveincomelossforeigncurrencytranslationadjustmenttax": -2000000,
        "incometaxexpensebenefit": 163000000,
        "clearingfeesrevenue": 929000000,
        "marketdatarevenue": 477000000,
        "listingfees": 103000000,
        "revenueotherfinancialservices": 45000000,
        "revenues": 1554000000,
        "exchangefees": 98000000,
        "liquiditypayments": 302000000,
        "revenueslesstransactionbasedexpenses": 574000000,
        "laborandrelatedexpense": 236000000,
        "technologyservicescosts": 92000000,
        "professionalfees": 32000000,
        "rentandoccupancy": 18000000,
        "businesscombinationacquisitionrelatedcosts": 27000000,
        "sellinggeneralandadministrativeexpense": 22000000,
        "depreciationandamortization": 143000000,
        "operatingexpenses": 213000000,
        "operatingincomeloss": 361000000,
        "interestexpense": 46000000,
        "othernonoperatingincomeexpense": 2000000,
        "nonoperatingincomeexpense": -45000000,
        "incomelossfromcontinuingoperationsbeforeincometaxesminorityinterestandincomelossfromequitymethodinvestments": -45000000,
        "incomelossfromcontinuingoperationsattributabletononcontrollingentity": -8000000,
        "netincomeloss": 369000000,
        "incomelossfromcontinuingoperationsperbasicshare": 369000000,
        "incomelossfromdiscontinuedoperationsnetoftaxperbasicshare": 119000000,
        "earningspersharebasic": 3.1,
        "incomelossfromcontinuingoperationsperdilutedshare": 119000000,
        "incomelossfromdiscontinuedoperationsnetoftaxperdilutedshare": 1000000,
        "earningspersharediluted": 120000000,
        "commonstockdividendspersharecashpaid": 0.85
    },
    {
        "date": "2015-09-29",
        "symbol": "ICE",
        "period": "Q3",
        "profitloss": 310000000,
        "othercomprehensiveincomelossforeigncurrencytransactionandtranslationadjustmentnetoftax": -35000000,
        "othercomprehensiveincomelossavailableforsalesecuritiesadjustmentnetoftax": -87000000,
        "comprehensiveincomenetoftaxincludingportionattributabletononcontrollinginterest": 183000000,
        "comprehensiveincomenetoftaxattributabletononcontrollinginterest": -4000000,
        "comprehensiveincomenetoftax": 183000000,
        "othercomprehensiveincomelossforeigncurrencytranslationadjustmenttax": -6000000,
        "incometaxexpensebenefit": -16000000,
        "listingfees": 101000000,
        "revenueotherfinancialservices": 19000000,
        "revenues": 1151000000,
        "exchangefees": 92000000,
        "liquiditypayments": 243000000,
        "revenueslesstransactionbasedexpenses": 816000000,
        "laborandrelatedexpense": 0,
        "technologyservicescosts": 49000000,
        "professionalfees": 37000000,
        "rentandoccupancy": 14000000,
        "businesscombinationacquisitionrelatedcosts": 8000000,
        "sellinggeneralandadministrativeexpense": 24000000,
        "depreciationandamortization": 94000000,
        "operatingexpenses": 0,
        "operatingincomeloss": 0,
        "interestexpense": 21000000,
        "othernonoperatingincomeexpense": 4000000,
        "nonoperatingincomeexpense": -15000000,
        "incomelossfromcontinuingoperationsbeforeincometaxesminorityinterestandincomelossfromequitymethodinvestments": -15000000,
        "incomelossfromcontinuingoperationsincludingportionattributabletononcontrollinginterest": 310000000,
        "incomelossfromcontinuingoperationsattributabletononcontrollingentity": -4000000,
        "netincomeloss": 306000000,
        "incomelossfromcontinuingoperationsperbasicshare": 2.7600000000000002,
        "earningspersharebasic": 2.7600000000000002,
        "incomelossfromcontinuingoperationsperdilutedshare": 2.76,
        "earningspersharediluted": 2.76,
        "commonstockdividendspersharecashpaid": 0.7499999999999999
    },
    {
        "date": "2015-06-29",
        "symbol": "ICE",
        "period": "Q2",
        "profitloss": 289000000,
        "othercomprehensiveincomelossforeigncurrencytransactionandtranslationadjustmentnetoftax": 56000000,
        "othercomprehensiveincomelossavailableforsalesecuritiesadjustmentnetoftax": 31000000,
        "comprehensiveincomenetoftaxincludingportionattributabletononcontrollinginterest": 368000000,
        "comprehensiveincomenetoftaxattributabletononcontrollinginterest": -6000000,
        "comprehensiveincomenetoftax": 368000000,
        "othercomprehensiveincomelossforeigncurrencytranslationadjustmenttax": -1000000,
        "incometaxexpensebenefit": -10000000,
        "clearingandexecutionservicing": 724000000,
        "marketdatainformationservicerevenue": 191000000,
        "listingfees": 101000000,
        "revenueotherfinancialservices": 57000000,
        "revenues": 1073000000,
        "exchangefees": 79000000,
        "liquiditypayments": 197000000,
        "revenueslesstransactionbasedexpenses": 797000000,
        "laborandrelatedexpense": -150000000,
        "technologyservicescosts": 47000000,
        "professionalfees": 32000000,
        "rentandoccupancy": 15000000,
        "businesscombinationacquisitionrelatedcosts": 7000000,
        "sellinggeneralandadministrativeexpense": 29000000,
        "depreciationandamortization": 93000000,
        "operatingexpenses": 1000000,
        "operatingincomeloss": -1000000,
        "interestexpense": 23000000,
        "othernonoperatingincomeexpense": -9000000,
        "nonoperatingincomeexpense": -27000000,
        "incomelossfromcontinuingoperationsbeforeincometaxesminorityinterestandincomelossfromequitymethodinvestments": -28000000,
        "incomelossfromcontinuingoperationsincludingportionattributabletononcontrollinginterest": 289000000,
        "incomelossfromcontinuingoperationsattributabletononcontrollingentity": -6000000,
        "netincomeloss": 283000000,
        "incomelossfromcontinuingoperationsperbasicshare": 2.56,
        "earningspersharebasic": 2.56,
        "weightedaveragenumberofsharesoutstandingbasic": 0,
        "incomelossfromcontinuingoperationsperdilutedshare": 2.54,
        "earningspersharediluted": 2.54,
        "weightedaveragenumberofdilutedsharesoutstanding": 0,
        "commonstockdividendspersharecashpaid": 0.7499999999999999
    },
    {
        "date": "2015-03-30",
        "symbol": "ICE",
        "period": "Q1",
        "profitloss": 323000000,
        "othercomprehensiveincomelossforeigncurrencytransactionandtranslationadjustmentnetoftax": -38000000,
        "othercomprehensiveincomelossavailableforsalesecuritiesadjustmentnetoftax": -70000000,
        "comprehensiveincomenetoftaxincludingportionattributabletononcontrollinginterest": 208000000,
        "comprehensiveincomenetoftaxattributabletononcontrollinginterest": -8000000,
        "comprehensiveincomenetoftax": 208000000,
        "othercomprehensiveincomelossforeigncurrencytranslationadjustmenttax": 4000000,
        "incometaxexpensebenefit": 7000000,
        "clearingandexecutionservicing": 812000000,
        "marketdatainformationservicerevenue": 187000000,
        "listingfees": 101000000,
        "revenueotherfinancialservices": 56000000,
        "revenues": 1156000000,
        "exchangefees": 92000000,
        "liquiditypayments": 214000000,
        "revenueslesstransactionbasedexpenses": 850000000,
        "laborandrelatedexpense": 151000000,
        "technologyservicescosts": 51000000,
        "professionalfees": 33000000,
        "rentandoccupancy": 16000000,
        "businesscombinationacquisitionrelatedcosts": 19000000,
        "sellinggeneralandadministrativeexpense": 29000000,
        "depreciationandamortization": 89000000,
        "operatingexpenses": 1000000,
        "operatingincomeloss": -1000000,
        "interestexpense": 23000000,
        "othernonoperatingincomeexpense": 2000000,
        "nonoperatingincomeexpense": 18000000,
        "incomelossfromcontinuingoperationsbeforeincometaxesminorityinterestandincomelossfromequitymethodinvestments": 17000000,
        "incomelossfromcontinuingoperationsincludingportionattributabletononcontrollinginterest": 323000000,
        "incomelossfromcontinuingoperationsattributabletononcontrollingentity": -8000000,
        "netincomeloss": 315000000,
        "incomelossfromcontinuingoperationsperbasicshare": 2.81,
        "earningspersharebasic": 2.81,
        "weightedaveragenumberofsharesoutstandingbasic": 112000000,
        "incomelossfromcontinuingoperationsperdilutedshare": 2.8,
        "earningspersharediluted": 2.8,
        "weightedaveragenumberofdilutedsharesoutstanding": 112000000,
        "commonstockdividendspersharecashpaid": 0.65
    },
    {
        "date": "2014-09-29",
        "symbol": "ICE",
        "period": "Q3",
        "accumulatedothercomprehensiveincomelossforeigncurrencytranslationadjustmentnetoftax": -278000000,
        "accumulatedothercomprehensiveincomelossavailableforsalesecuritiesadjustmentnetoftax": -60000000,
        "accumulatedothercomprehensiveincomelossnetoftax": -338000000,
        "profitloss": 345000000,
        "othercomprehensiveincomelossforeigncurrencytransactionandtranslationadjustmentnetoftax": -278000000,
        "othercomprehensiveincomelossavailableforsalesecuritiesadjustmentnetoftax": -60000000,
        "othercomprehensiveincomelossnetoftax": -221000000,
        "comprehensiveincomenetoftaxincludingportionattributabletononcontrollinginterest": 1526000000,
        "comprehensiveincomenetoftaxattributabletononcontrollinginterest": -7000000,
        "comprehensiveincomenetoftax": -43000000,
        "incometaxexpensebenefit": 8000000,
        "clearingandexecutionservicing": 708000000,
        "marketdatainformationservicerevenue": 105000000,
        "listingfees": 86000000,
        "revenueotherfinancialservices": 107000000,
        "revenues": -1000000,
        "exchangefees": 86000000,
        "liquiditypayments": 175000000,
        "revenueslesstransactionbasedexpenses": -1000000,
        "laborandrelatedexpense": 144000000,
        "technologyservicescosts": 46000000,
        "professionalfees": 52000000,
        "rentandoccupancy": 19000000,
        "businesscombinationacquisitionrelatedcosts": 3000000,
        "sellinggeneralandadministrativeexpense": 31000000,
        "depreciationandamortization": 83000000,
        "operatingexpenses": -1000000,
        "operatingincomeloss": 0,
        "interestexpense": 22000000,
        "othernonoperatingincomeexpense": 5000000,
        "nonoperatingincomeexpense": 16000000,
        "incomelossfromcontinuingoperationsbeforeincometaxesminorityinterestandincomelossfromequitymethodinvestments": -45000000,
        "incomelossfromcontinuingoperationsincludingportionattributabletononcontrollinginterest": -269000000,
        "incomelossfromdiscontinuedoperationsnetoftax": -10000000,
        "netincomeloss": 31000000,
        "incomelossfromcontinuingoperationsperbasicshare": 1.9099999999999997,
        "incomelossfromdiscontinuedoperationsnetoftaxperbasicshare": -0.09999999999999999,
        "earningspersharebasic": 1.81,
        "incomelossfromcontinuingoperationsperdilutedshare": 1.8999999999999995,
        "incomelossfromdiscontinuedoperationsnetoftaxperdilutedshare": -0.09999999999999999,
        "earningspersharediluted": 1.8000000000000003,
        "commonstockdividendspersharecashpaid": 0.6499999999999998
    },
    {
        "date": "2014-06-29",
        "symbol": "ICE",
        "period": "Q2",
        "accumulatedothercomprehensiveincomelossforeigncurrencytranslationadjustmentnetoftax": 39000000,
        "accumulatedothercomprehensiveincomelossavailableforsalesecuritiesadjustmentnetoftax": 58000000,
        "accumulatedothercomprehensiveincomelossdefinedbenefitpensionandotherpostretirementplansnetoftax": 0,
        "accumulatedothercomprehensiveincomelossnetoftax": 118000000,
        "profitloss": 109000000,
        "othercomprehensiveincomelossforeigncurrencytransactionandtranslationadjustmentnetoftax": 82000000,
        "othercomprehensiveincomelossavailableforsalesecuritiesadjustmentnetoftax": 58000000,
        "othercomprehensiveincomelossnetoftax": 118000000,
        "comprehensiveincomenetoftaxincludingportionattributabletononcontrollinginterest": -40000000,
        "comprehensiveincomenetoftaxattributabletononcontrollinginterest": -9000000,
        "comprehensiveincomenetoftax": 387000000,
        "incometaxexpensebenefit": -10000000,
        "clearingandexecutionservicing": 647000000,
        "marketdatainformationservicerevenue": 66000000,
        "listingfees": 74000000,
        "revenueotherfinancialservices": 91000000,
        "revenues": -1196000000,
        "exchangefees": 83000000,
        "liquiditypayments": 175000000,
        "revenueslesstransactionbasedexpenses": -140000000,
        "laborandrelatedexpense": 134000000,
        "technologyservicescosts": 81000000,
        "professionalfees": 45000000,
        "rentandoccupancy": 11000000,
        "businesscombinationacquisitionrelatedcosts": 4000000,
        "sellinggeneralandadministrativeexpense": 29000000,
        "depreciationandamortization": 87000000,
        "operatingexpenses": -446000000,
        "operatingincomeloss": -355000000,
        "interestexpense": 24000000,
        "othernonoperatingincomeexpense": 17000000,
        "nonoperatingincomeexpense": 21000000,
        "incomelossfromcontinuingoperationsbeforeincometaxesminorityinterestandincomelossfromequitymethodinvestments": -449000000,
        "incomelossfromcontinuingoperationsincludingportionattributabletononcontrollinginterest": -1192000000,
        "incomelossfromdiscontinuedoperationsnetoftax": 19000000,
        "netincomeloss": 908000000,
        "incomelossfromcontinuingoperationsperbasicshare": 1.7799999999999998,
        "incomelossfromdiscontinuedoperationsnetoftaxperbasicshare": 0.18,
        "earningspersharebasic": 1.9600000000000004,
        "weightedaveragenumberofsharesoutstandingbasic": 0,
        "incomelossfromcontinuingoperationsperdilutedshare": 1.7700000000000005,
        "incomelossfromdiscontinuedoperationsnetoftaxperdilutedshare": 0.18,
        "earningspersharediluted": 1.9499999999999997,
        "weightedaveragenumberofdilutedsharesoutstanding": 0,
        "commonstockdividendspersharecashpaid": 0.65
    },
    {
        "date": "2014-03-30",
        "symbol": "ICE",
        "period": "Q1",
        "accumulatedothercomprehensiveincomelossforeigncurrencytranslationadjustmentnetoftax": 422000000,
        "accumulatedothercomprehensiveincomelossavailableforsalesecuritiesadjustmentnetoftax": 60000000,
        "accumulatedothercomprehensiveincomelosscumulativechangesinnetgainlossfromcashflowhedgeseffectnetoftax": -21000000,
        "accumulatedothercomprehensiveincomelossdefinedbenefitpensionandotherpostretirementplansnetoftax": -3000000,
        "accumulatedothercomprehensiveincomelossnetoftax": 464000000,
        "profitloss": 239000000,
        "othercomprehensiveincomelossforeigncurrencytransactionandtranslationadjustmentnetoftax": 1000000,
        "othercomprehensiveincomelossavailableforsalesecuritiesadjustmentnetoftax": 60000000,
        "othercomprehensiveincomelossnetoftax": 104000000,
        "comprehensiveincomenetoftaxincludingportionattributabletononcontrollinginterest": 253000000,
        "comprehensiveincomenetoftaxattributabletononcontrollinginterest": -13000000,
        "comprehensiveincomenetoftax": 367000000,
        "clearingandexecutionservicing": 835000000,
        "marketdatainformationservicerevenue": 133000000,
        "listingfees": 91000000,
        "revenueotherfinancialservices": 134000000,
        "revenues": 1192000000,
        "exchangefees": 71000000,
        "liquiditypayments": 195000000,
        "revenueslesstransactionbasedexpenses": 136000000,
        "laborandrelatedexpense": 169000000,
        "technologyservicescosts": 9000000,
        "professionalfees": 64000000,
        "rentandoccupancy": 31000000,
        "businesscombinationacquisitionrelatedcosts": 2000000,
        "sellinggeneralandadministrativeexpense": 32000000,
        "depreciationandamortization": 74000000,
        "operatingexpenses": 442000000,
        "operatingincomeloss": 354000000,
        "interestexpense": 27000000,
        "othernonoperatingincomeexpense": -2000000,
        "nonoperatingincomeexpense": -5000000,
        "incomelossfromcontinuingoperationsbeforeincometaxesminorityinterestandincomelossfromequitymethodinvestments": 416000000,
        "incometaxexpensebenefit": -4000000,
        "incomelossfromcontinuingoperationsincludingportionattributabletononcontrollinginterest": 300000000,
        "incomelossfromdiscontinuedoperationsnetoftax": 2000000,
        "netincomelossattributabletononcontrollinginterest": -13000000,
        "netincomeloss": -560000000,
        "incomelossfromcontinuingoperationsperbasicshare": 2.27,
        "incomelossfromdiscontinuedoperationsnetoftaxperbasicshare": 0.01,
        "earningspersharebasic": 2.28,
        "weightedaveragenumberofsharesoutstandingbasic": 115000000,
        "incomelossfromcontinuingoperationsperdilutedshare": 2.26,
        "incomelossfromdiscontinuedoperationsnetoftaxperdilutedshare": 0.01,
        "earningspersharediluted": 2.27,
        "weightedaveragenumberofdilutedsharesoutstanding": 116000000,
        "commonstockdividendspersharecashpaid": 0.65
    }
]