[
    {
        "date": "2024-09-29",
        "symbol": "EL",
        "period": "Q1",
        "revenuefromcontractwithcustomerexcludingassessedtax": 3361000000,
        "costofgoodsandservicessold": 928000000,
        "grossprofit": 2433000000,
        "sellinggeneralandadministrativeexpense": 4000000,
        "restructuringandrelatedcostincurredcost": 97000000,
        "gainlossrelatedtolitigationsettlement": -159000000,
        "operatingexpenses": 2554000000,
        "operatingincomeloss": -121000000,
        "interestexpensenonoperating": 92000000,
        "investmentincomenet": 35000000,
        "definedbenefitplanothercosts": 2000000,
        "incomelossfromcontinuingoperationsbeforeincometaxesextraordinaryitemsnoncontrollinginterest": -180000000,
        "incometaxexpensebenefit": -1000000,
        "profitloss": 8000000,
        "netincomelossavailabletocommonstockholdersbasic": -156000000,
        "earningspersharebasic": -0.43,
        "earningspersharediluted": -0.43,
        "weightedaveragenumberofsharesoutstandingbasic": 359600000,
        "weightedaveragenumberofdilutedsharesoutstanding": 359600000,
        "othercomprehensiveincomelosscashflowhedgegainlossafterreclassificationbeforetax": -57000000,
        "othercomprehensiveincomelossfairvaluehedgegainlossafterreclassificationbeforetax": 12000000,
        "othercomprehensiveincomelosspensionandotherpostretirementbenefitplansadjustmentbeforetax": -2000000,
        "othercomprehensiveincomelossforeigncurrencytransactionandtranslationadjustmentbeforetax": 108000000,
        "othercomprehensiveincomelosstax": -18000000,
        "othercomprehensiveincomelossnetoftax": 83000000,
        "comprehensiveincomenetoftaxincludingportionattributabletononcontrollinginterest": -73000000,
        "comprehensiveincomenetoftax": -73000000
    },
    {
        "date": "2024-06-29",
        "symbol": "EL",
        "period": "Q4",
        "revenuefromcontractwithcustomerexcludingassessedtax": -7850000000,
        "costofgoodsandservicessold": 1093000000,
        "grossprofit": 2778000000,
        "sellinggeneralandadministrativeexpense": -6385000000,
        "restructuringandrelatedcostincurredcost": 96000000,
        "operatingexpenses": 3011000000,
        "operatingincomeloss": -233000000,
        "interestexpense": 91000000,
        "investmentincomenet": 41000000,
        "definedbenefitplanothercosts": -4000000,
        "incomelossfromcontinuingoperationsbeforeincometaxesextraordinaryitemsnoncontrollinginterest": -279000000,
        "incometaxexpensebenefit": 7000000,
        "profitloss": -286000000,
        "netincomelossattributabletoredeemablenoncontrollinginterest": -2000000,
        "netincomelossavailabletocommonstockholdersbasic": -284000000,
        "earningspersharebasic": -0.7899999999999999,
        "earningspersharediluted": -0.7899999999999999,
        "weightedaveragenumberofsharesoutstandingbasic": 359000000,
        "weightedaveragenumberofdilutedsharesoutstanding": 360800000,
        "othercomprehensiveincomelosscashflowhedgegainlossafterreclassificationbeforetax": 4000000,
        "othercomprehensiveincomelosspensionandotherpostretirementbenefitplansadjustmentbeforetax": 31000000,
        "othercomprehensiveincomelossforeigncurrencytransactionandtranslationadjustmentbeforetax": 90000000,
        "othercomprehensiveincomelosstax": -23000000,
        "othercomprehensiveincomelossnetoftax": -40000000,
        "comprehensiveincomenetoftaxincludingportionattributabletononcontrollinginterest": -343000000,
        "othercomprehensiveincomelossforeigncurrencytransactionandtranslationadjustmentnetoftaxportionattributabletoredeemablenoncontrollinginterest": 30000000,
        "comprehensiveincomelossnetoftaxattributabletoredeemablenoncontrollinginterest": -6000000,
        "comprehensiveincomenetoftax": -337000000
    },
    {
        "date": "2024-03-30",
        "symbol": "EL",
        "period": "Q3",
        "revenuefromcontractwithcustomerexcludingassessedtax": 3940000000,
        "costofgoodsandservicessold": 1107000000,
        "grossprofit": 2833000000,
        "sellinggeneralandadministrativeexpense": 2284000000,
        "restructuringandrelatedcostincurredcost": 18000000,
        "operatingexpenses": 2302000000,
        "operatingincomeloss": 531000000,
        "interestexpense": 94000000,
        "investmentincomenet": 45000000,
        "definedbenefitplanothercosts": -4000000,
        "incomelossfromcontinuingoperationsbeforeincometaxesextraordinaryitemsnoncontrollinginterest": 486000000,
        "incometaxexpensebenefit": 151000000,
        "profitloss": 335000000,
        "netincomelossattributabletoredeemablenoncontrollinginterest": 5000000,
        "netincomelossavailabletocommonstockholdersbasic": 330000000,
        "earningspersharebasic": 0.92,
        "earningspersharediluted": 0.91,
        "weightedaveragenumberofsharesoutstandingbasic": 359100000,
        "weightedaveragenumberofdilutedsharesoutstanding": 360800000,
        "othercomprehensiveincomelosscashflowhedgegainlossafterreclassificationbeforetax": 21000000,
        "othercomprehensiveincomelossfairvaluehedgegainlossafterreclassificationbeforetax": -4000000,
        "othercomprehensiveincomelosspensionandotherpostretirementbenefitplansadjustmentbeforetax": -24000000,
        "othercomprehensiveincomelossforeigncurrencytransactionandtranslationadjustmentbeforetax": -185000000,
        "othercomprehensiveincomelosstax": 29000000,
        "othercomprehensiveincomelossnetoftax": -173000000,
        "comprehensiveincomenetoftaxincludingportionattributabletononcontrollinginterest": 162000000,
        "othercomprehensiveincomelossforeigncurrencytransactionandtranslationadjustmentnetoftaxportionattributabletoredeemablenoncontrollinginterest": -15000000,
        "comprehensiveincomelossnetoftaxattributabletoredeemablenoncontrollinginterest": -10000000,
        "comprehensiveincomenetoftax": 172000000
    },
    {
        "date": "2023-12-30",
        "symbol": "EL",
        "period": "Q2",
        "revenuefromcontractwithcustomerexcludingassessedtax": 4279000000,
        "costofgoodsandservicessold": 1154000000,
        "grossprofit": 3125000000,
        "sellinggeneralandadministrativeexpense": 2544000000,
        "restructuringandrelatedcostincurredcost": 7000000,
        "operatingexpenses": 2551000000,
        "operatingincomeloss": 574000000,
        "interestexpense": 98000000,
        "investmentincomenet": 40000000,
        "definedbenefitplanothercosts": -3000000,
        "incomelossfromcontinuingoperationsbeforeincometaxesextraordinaryitemsnoncontrollinginterest": 519000000,
        "incometaxexpensebenefit": 195000000,
        "profitloss": 324000000,
        "netincomelossattributabletoredeemablenoncontrollinginterest": 11000000,
        "netincomelossavailabletocommonstockholdersbasic": 313000000,
        "earningspersharebasic": 0.87,
        "earningspersharediluted": 0.87,
        "weightedaveragenumberofsharesoutstandingbasic": 358700000,
        "weightedaveragenumberofdilutedsharesoutstanding": 360000000,
        "othercomprehensiveincomelosscashflowhedgegainlossafterreclassificationbeforetax": -47000000,
        "othercomprehensiveincomelossfairvaluehedgegainlossafterreclassificationbeforetax": 14000000,
        "othercomprehensiveincomelosspensionandotherpostretirementbenefitplansadjustmentbeforetax": 1000000,
        "othercomprehensiveincomelossforeigncurrencytransactionandtranslationadjustmentbeforetax": 216000000,
        "othercomprehensiveincomelosstax": -38000000,
        "othercomprehensiveincomelossnetoftax": 220000000,
        "comprehensiveincomenetoftaxincludingportionattributabletononcontrollinginterest": 544000000,
        "othercomprehensiveincomelossforeigncurrencytransactionandtranslationadjustmentnetoftaxportionattributabletoredeemablenoncontrollinginterest": 13000000,
        "comprehensiveincomelossnetoftaxattributabletoredeemablenoncontrollinginterest": 24000000,
        "comprehensiveincomenetoftax": 520000000
    },
    {
        "date": "2023-09-29",
        "symbol": "EL",
        "period": "Q1",
        "revenuefromcontractwithcustomerexcludingassessedtax": 3518000000,
        "costofgoodsandservicessold": 1070000000,
        "grossprofit": 2448000000,
        "sellinggeneralandadministrativeexpense": 2349000000,
        "restructuringandrelatedcostincurredcost": 1000000,
        "operatingexpenses": 2350000000,
        "operatingincomeloss": 98000000,
        "interestexpense": 95000000,
        "investmentincomenet": 41000000,
        "definedbenefitplanothercosts": -2000000,
        "incomelossfromcontinuingoperationsbeforeincometaxesextraordinaryitemsnoncontrollinginterest": 46000000,
        "incometaxexpensebenefit": 10000000,
        "profitloss": 36000000,
        "netincomelossattributabletoredeemablenoncontrollinginterest": 5000000,
        "netincomelossavailabletocommonstockholdersbasic": 31000000,
        "earningspersharebasic": 0.09,
        "earningspersharediluted": 0.09,
        "weightedaveragenumberofsharesoutstandingbasic": 358400000,
        "weightedaveragenumberofdilutedsharesoutstanding": 360500000,
        "othercomprehensiveincomelosscashflowhedgegainlossafterreclassificationbeforetax": 19000000,
        "othercomprehensiveincomelosspensionandotherpostretirementbenefitplansadjustmentbeforetax": 1000000,
        "othercomprehensiveincomelossforeigncurrencytransactionandtranslationadjustmentbeforetax": -120000000,
        "othercomprehensiveincomelosstax": 38000000,
        "othercomprehensiveincomelossnetoftax": -140000000,
        "comprehensiveincomenetoftaxincludingportionattributabletononcontrollinginterest": -104000000,
        "othercomprehensiveincomelossforeigncurrencytransactionandtranslationadjustmentnetoftaxportionattributabletoredeemablenoncontrollinginterest": -11000000,
        "comprehensiveincomelossnetoftaxattributabletoredeemablenoncontrollinginterest": -6000000,
        "comprehensiveincomenetoftax": -98000000
    },
    {
        "date": "2023-03-30",
        "symbol": "EL",
        "period": "Q3",
        "revenuefromcontractwithcustomerexcludingassessedtax": 7666000000,
        "costofgoodsandservicessold": 1159000000,
        "grossprofit": 2592000000,
        "sellinggeneralandadministrativeexpense": 2281000000,
        "restructuringandrelatedcostincurredcost": 14000000,
        "operatingexpenses": 2295000000,
        "operatingincomeloss": 297000000,
        "interestexpense": 58000000,
        "investmentincomenet": 37000000,
        "definedbenefitplanothercosts": -4000000,
        "incomelossfromcontinuingoperationsbeforeincometaxesextraordinaryitemsnoncontrollinginterest": 898000000,
        "incometaxexpensebenefit": 264000000,
        "profitloss": 634000000,
        "netincomelossattributabletoredeemablenoncontrollinginterest": 1000000,
        "netincomelossavailabletocommonstockholdersbasic": 156000000,
        "earningspersharebasic": 0.4299999999999997,
        "earningspersharediluted": 0.4399999999999997,
        "weightedaveragenumberofsharesoutstandingbasic": -357800000,
        "weightedaveragenumberofdilutedsharesoutstanding": -360900000,
        "othercomprehensiveincomelosscashflowhedgegainlossafterreclassificationbeforetax": -43000000,
        "othercomprehensiveincomelossforeigncurrencytransactionandtranslationadjustmentbeforetax": -7000000,
        "othercomprehensiveincomelosstax": -16000000,
        "othercomprehensiveincomelossnetoftax": -80000000,
        "comprehensiveincomenetoftaxincludingportionattributabletononcontrollinginterest": 110000000,
        "othercomprehensiveincomelossforeigncurrencytransactionandtranslationadjustmentnetoftaxportionattributabletoredeemablenoncontrollinginterest": -69000000,
        "comprehensiveincomelossnetoftaxattributabletoredeemablenoncontrollinginterest": 0,
        "comprehensiveincomenetoftax": 110000000
    },
    {
        "date": "2022-12-30",
        "symbol": "EL",
        "period": "Q2",
        "revenuefromcontractwithcustomerexcludingassessedtax": 4620000000,
        "costofgoodsandservicessold": 1219000000,
        "grossprofit": 3401000000,
        "sellinggeneralandadministrativeexpense": 2630000000,
        "restructuringandrelatedcostincurredcost": 8000000,
        "impairmentofintangibleassetsexcludinggoodwill": 207000000,
        "operatingexpenses": 2845000000,
        "operatingincomeloss": 556000000,
        "interestexpense": 52000000,
        "investmentincomenet": 26000000,
        "definedbenefitplanothercosts": -2000000,
        "incomelossfromcontinuingoperationsbeforeincometaxesextraordinaryitemsnoncontrollinginterest": 532000000,
        "incometaxexpensebenefit": 135000000,
        "profitloss": 397000000,
        "netincomelossattributabletoredeemablenoncontrollinginterest": 3000000,
        "netincomelossavailabletocommonstockholdersbasic": 394000000,
        "earningspersharebasic": 1.1,
        "earningspersharediluted": 1.09,
        "weightedaveragenumberofsharesoutstandingbasic": 357700000,
        "weightedaveragenumberofdilutedsharesoutstanding": 360400000,
        "othercomprehensiveincomelosscashflowhedgegainlossafterreclassificationbeforetax": -56000000,
        "othercomprehensiveincomelossforeigncurrencytransactionandtranslationadjustmentbeforetax": 287000000,
        "othercomprehensiveincomelosstax": -26000000,
        "othercomprehensiveincomelossnetoftax": 257000000,
        "comprehensiveincomenetoftaxincludingportionattributabletononcontrollinginterest": 654000000,
        "othercomprehensiveincomelossforeigncurrencytransactionandtranslationadjustmentnetoftaxportionattributabletoredeemablenoncontrollinginterest": 8000000,
        "comprehensiveincomelossnetoftaxattributabletoredeemablenoncontrollinginterest": 11000000,
        "comprehensiveincomenetoftax": 643000000
    },
    {
        "date": "2022-09-29",
        "symbol": "EL",
        "period": "Q1",
        "revenuefromcontractwithcustomerexcludingassessedtax": 15000000,
        "costofgoodsandservicessold": 1023000000,
        "grossprofit": 2907000000,
        "sellinggeneralandadministrativeexpense": 2244000000,
        "restructuringandrelatedcostincurredcost": 2000000,
        "operatingexpenses": 2246000000,
        "operatingincomeloss": 661000000,
        "interestexpense": 46000000,
        "investmentincomenet": 15000000,
        "definedbenefitplanothercosts": -3000000,
        "incomelossfromcontinuingoperationsbeforeincometaxesextraordinaryitemsnoncontrollinginterest": 15000000,
        "incometaxexpensebenefit": 4000000,
        "profitloss": 11000000,
        "netincomelossattributabletoredeemablenoncontrollinginterest": -1000000,
        "netincomelossavailabletocommonstockholdersbasic": 489000000,
        "earningspersharebasic": 1.37,
        "earningspersharediluted": 1.35,
        "weightedaveragenumberofsharesoutstandingbasic": 357900000,
        "weightedaveragenumberofdilutedsharesoutstanding": 361400000,
        "othercomprehensiveincomelosscashflowhedgegainlossafterreclassificationbeforetax": 49000000,
        "othercomprehensiveincomelossforeigncurrencytransactionandtranslationadjustmentbeforetax": -381000000,
        "othercomprehensiveincomelosstax": 19000000,
        "othercomprehensiveincomelossnetoftax": -316000000,
        "comprehensiveincomenetoftaxincludingportionattributabletononcontrollinginterest": 139000000,
        "othercomprehensiveincomelossforeigncurrencytransactionandtranslationadjustmentnetoftaxportionattributabletoredeemablenoncontrollinginterest": 35000000,
        "comprehensiveincomelossnetoftaxattributabletoredeemablenoncontrollinginterest": -34000000,
        "comprehensiveincomenetoftax": 173000000
    },
    {
        "date": "2022-03-30",
        "symbol": "EL",
        "period": "Q3",
        "revenuefromcontractwithcustomerexcludingassessedtax": 4245000000,
        "costofgoodsandservicessold": 994000000,
        "grossprofit": 3251000000,
        "sellinggeneralandadministrativeexpense": 2275000000,
        "restructuringandrelatedcostincurredcost": 22000000,
        "operatingexpenses": 2513000000,
        "operatingincomeloss": 738000000,
        "interestexpense": 41000000,
        "investmentincomenet": 5000000,
        "definedbenefitplanothercosts": -1000000,
        "incomelossfromcontinuingoperationsbeforeincometaxesextraordinaryitemsnoncontrollinginterest": 703000000,
        "incometaxexpensebenefit": 130000000,
        "profitloss": 573000000,
        "netincomelossattributabletononcontrollinginterest": 3000000,
        "netincomelossavailabletocommonstockholdersbasic": 558000000,
        "earningspersharebasic": 1.550000000000001,
        "earningspersharediluted": 1.54,
        "weightedaveragenumberofsharesoutstandingbasic": -700000,
        "weightedaveragenumberofdilutedsharesoutstanding": -1200000,
        "othercomprehensiveincomelosscashflowhedgegainlossafterreclassificationbeforetax": 5000000,
        "othercomprehensiveincomelosspensionandotherpostretirementbenefitplansadjustmentbeforetax": -4000000,
        "othercomprehensiveincomelossforeigncurrencytransactionandtranslationadjustmentbeforetax": 28000000,
        "othercomprehensiveincomelosstax": 4000000,
        "othercomprehensiveincomelossnetoftax": 33000000,
        "comprehensiveincomenetoftaxincludingportionattributabletononcontrollinginterest": 606000000,
        "othercomprehensiveincomeforeigncurrencytransactionandtranslationadjustmentnetoftaxportionattributabletononcontrollinginterest": -1000000,
        "othercomprehensiveincomelossforeigncurrencytransactionandtranslationadjustmentnetoftaxportionattributabletoredeemablenoncontrollinginterest": 14000000,
        "comprehensiveincomelossnetoftaxattributabletoredeemablenoncontrollinginterest": 26000000,
        "comprehensiveincomenetoftax": 578000000
    },
    {
        "date": "2021-12-30",
        "symbol": "EL",
        "period": "Q2",
        "revenuefromcontractwithcustomerexcludingassessedtax": 9937000000,
        "costofgoodsandservicessold": 1223000000,
        "grossprofit": 4316000000,
        "sellinggeneralandadministrativeexpense": 2885000000,
        "restructuringandrelatedcostincurredcost": 21000000,
        "operatingexpenses": 2898000000,
        "operatingincomeloss": 1418000000,
        "interestexpense": 42000000,
        "investmentincomenet": 10000000,
        "definedbenefitplanothercosts": -2000000,
        "otherincome": 0,
        "incomelossfromcontinuingoperationsbeforeincometaxesextraordinaryitemsnoncontrollinginterest": 2289000000,
        "incometaxexpensebenefit": 501000000,
        "profitloss": 1792000000,
        "netincomelossattributabletononcontrollinginterest": 6000000,
        "netincomelossavailabletocommonstockholdersbasic": 1088000000,
        "earningspersharebasic": 3.0199999999999996,
        "earningspersharediluted": 2.9699999999999998,
        "weightedaveragenumberofsharesoutstandingbasic": -800000,
        "weightedaveragenumberofdilutedsharesoutstanding": -900000,
        "othercomprehensiveincomelosscashflowhedgegainlossafterreclassificationbeforetax": -5000000,
        "othercomprehensiveincomelosspensionandotherpostretirementbenefitplansadjustmentbeforetax": -4000000,
        "othercomprehensiveincomelossforeigncurrencytransactionandtranslationadjustmentbeforetax": -15000000,
        "othercomprehensiveincomelosstax": 6000000,
        "othercomprehensiveincomelossnetoftax": -40000000,
        "comprehensiveincomenetoftaxincludingportionattributabletononcontrollinginterest": 1068000000,
        "othercomprehensiveincomeforeigncurrencytransactionandtranslationadjustmentnetoftaxportionattributabletononcontrollinginterest": -1000000,
        "othercomprehensiveincomelossforeigncurrencytransactionandtranslationadjustmentnetoftaxportionattributabletoredeemablenoncontrollinginterest": -34000000,
        "comprehensiveincomelossnetoftaxattributabletoredeemablenoncontrollinginterest": -2000000,
        "comprehensiveincomenetoftax": 1067000000
    },
    {
        "date": "2021-09-29",
        "symbol": "EL",
        "period": "Q1",
        "revenuefromcontractwithcustomerexcludingassessedtax": -6000000,
        "costofgoodsandservicessold": 1057000000,
        "grossprofit": 3335000000,
        "sellinggeneralandadministrativeexpense": 2394000000,
        "restructuringandrelatedcostincurredcost": -2000000,
        "operatingexpenses": 2400000000,
        "operatingincomeloss": 935000000,
        "interestexpense": 42000000,
        "investmentincomenet": 4000000,
        "definedbenefitplanothercosts": 1000000,
        "otherincome": 1000000,
        "incomelossfromcontinuingoperationsbeforeincometaxesextraordinaryitemsnoncontrollinginterest": -4000000,
        "incometaxexpensebenefit": -1000000,
        "profitloss": -7000000,
        "netincomelossattributabletononcontrollinginterest": -1000000,
        "netincomelossattributabletoredeemablenoncontrollinginterest": 2000000,
        "netincomelossavailabletocommonstockholdersbasic": 692000000,
        "earningspersharebasic": 1.91,
        "earningspersharediluted": 1.88,
        "weightedaveragenumberofsharesoutstandingbasic": 362200000,
        "weightedaveragenumberofdilutedsharesoutstanding": 367900000,
        "othercomprehensiveincomelosscashflowhedgegainlossafterreclassificationbeforetax": 21000000,
        "othercomprehensiveincomelosspensionandotherpostretirementbenefitplansadjustmentbeforetax": -4000000,
        "othercomprehensiveincomelossforeigncurrencytransactionandtranslationadjustmentbeforetax": -186000000,
        "othercomprehensiveincomelosstax": 12000000,
        "othercomprehensiveincomelossnetoftax": -155000000,
        "comprehensiveincomenetoftaxincludingportionattributabletononcontrollinginterest": 522000000,
        "othercomprehensiveincomeforeigncurrencytransactionandtranslationadjustmentnetoftaxportionattributabletononcontrollinginterest": -1000000,
        "othercomprehensiveincomelossforeigncurrencytransactionandtranslationadjustmentnetoftaxportionattributabletoredeemablenoncontrollinginterest": 17000000,
        "comprehensiveincomelossnetoftaxattributabletoredeemablenoncontrollinginterest": -15000000,
        "comprehensiveincomenetoftax": 537000000
    },
    {
        "date": "2021-06-30",
        "symbol": "EL",
        "period": "Q4",
        "revenuefromcontractwithcustomerexcludingassessedtax": 3936000000,
        "costofgoodsandservicessold": 986000000,
        "grossprofit": 2950000000,
        "sellinggeneralandadministrativeexpense": 2610000000,
        "restructuringandrelatedcostincurredcost": 32000000,
        "operatingexpenses": 2716000000,
        "operatingincomeloss": 234000000,
        "interestexpense": 42000000,
        "investmentincomenet": 11000000,
        "definedbenefitplanothercosts": 0,
        "incomelossfromcontinuingoperationsbeforeincometaxesextraordinaryitemsnoncontrollinginterest": 1050000000,
        "incometaxexpensebenefit": 35000000,
        "profitloss": 1015000000,
        "netincomelossavailabletocommonstockholdersbasic": 1018000000,
        "earningspersharebasic": 2.81,
        "earningspersharediluted": 2.76,
        "weightedaveragenumberofsharesoutstandingbasic": 0,
        "weightedaveragenumberofdilutedsharesoutstanding": 100000,
        "othercomprehensiveincomelosscashflowhedgegainlossafterreclassificationbeforetax": -5000000,
        "othercomprehensiveincomelosspensionandotherpostretirementbenefitplansadjustmentbeforetax": -63000000,
        "othercomprehensiveincomelossforeigncurrencytransactionandtranslationadjustmentbeforetax": -42000000,
        "othercomprehensiveincomelosstax": 16000000,
        "othercomprehensiveincomelossnetoftax": 0,
        "comprehensiveincomenetoftaxincludingportionattributabletononcontrollinginterest": 1015000000,
        "netincomelossattributabletononcontrollinginterest": 4000000,
        "comprehensiveincomenetoftax": 1035000000
    },
    {
        "date": "2021-03-31",
        "symbol": "EL",
        "period": "Q3",
        "revenuefromcontractwithcustomerexcludingassessedtax": 3864000000,
        "costofgoodsandservicessold": 939000000,
        "grossprofit": 2925000000,
        "sellinggeneralandadministrativeexpense": 2145000000,
        "restructuringandrelatedcostincurredcost": 131000000,
        "operatingexpenses": 2309000000,
        "operatingincomeloss": 616000000,
        "interestexpense": 43000000,
        "investmentincomenet": 9000000,
        "definedbenefitplanothercosts": 2000000,
        "incomelossfromcontinuingoperationsbeforeincometaxesextraordinaryitemsnoncontrollinginterest": 580000000,
        "incometaxexpensebenefit": 122000000,
        "profitloss": 458000000,
        "netincomelossattributabletononcontrollinginterest": 2000000,
        "netincomelossavailabletocommonstockholdersbasic": 456000000,
        "earningspersharebasic": 1.2599999999999998,
        "earningspersharediluted": 1.2400000000000002,
        "weightedaveragenumberofsharesoutstandingbasic": -362200000,
        "weightedaveragenumberofdilutedsharesoutstanding": -367100000,
        "othercomprehensiveincomelosscashflowhedgegainlossafterreclassificationbeforetax": 41000000,
        "othercomprehensiveincomelosspensionandotherpostretirementbenefitplansadjustmentbeforetax": -7000000,
        "othercomprehensiveincomelossforeigncurrencytransactionandtranslationadjustmentbeforetax": -121000000,
        "othercomprehensiveincomelosstax": 32000000,
        "othercomprehensiveincomelossnetoftax": -105000000,
        "comprehensiveincomenetoftaxincludingportionattributabletononcontrollinginterest": 353000000,
        "comprehensiveincomenetoftax": 352000000
    },
    {
        "date": "2020-12-31",
        "symbol": "EL",
        "period": "Q2",
        "revenuefromcontractwithcustomerexcludingassessedtax": 4853000000,
        "costofgoodsandservicessold": 1084000000,
        "grossprofit": 3769000000,
        "sellinggeneralandadministrativeexpense": 2590000000,
        "restructuringandrelatedcostincurredcost": 35000000,
        "goodwillimpairmentloss": 54000000,
        "otherassetimpairmentcharges": 27000000,
        "operatingexpenses": 2706000000,
        "operatingincomeloss": 1063000000,
        "interestexpense": 43000000,
        "investmentincomenet": 17000000,
        "definedbenefitplanothercosts": 7000000,
        "incomelossfromcontinuingoperationsbeforeincometaxesextraordinaryitemsnoncontrollinginterest": 1030000000,
        "incometaxexpensebenefit": 153000000,
        "profitloss": 877000000,
        "netincomelossattributabletononcontrollinginterest": 4000000,
        "netincomelossavailabletocommonstockholdersbasic": 873000000,
        "earningspersharebasic": 2.4,
        "earningspersharediluted": 2.37,
        "weightedaveragenumberofsharesoutstandingbasic": 363000000,
        "weightedaveragenumberofdilutedsharesoutstanding": 368000000,
        "othercomprehensiveincomelosscashflowhedgegainlossafterreclassificationbeforetax": -26000000,
        "othercomprehensiveincomelosspensionandotherpostretirementbenefitplansadjustmentbeforetax": -6000000,
        "othercomprehensiveincomelossforeigncurrencytransactionandtranslationadjustmentbeforetax": 213000000,
        "othercomprehensiveincomelosstax": -20000000,
        "othercomprehensiveincomelossnetoftax": 213000000,
        "comprehensiveincomenetoftaxincludingportionattributabletononcontrollinginterest": 1090000000,
        "othercomprehensiveincomeforeigncurrencytransactionandtranslationadjustmentnetoftaxportionattributabletononcontrollinginterest": 2000000,
        "comprehensiveincomenetoftaxattributabletononcontrollinginterest": 6000000,
        "comprehensiveincomenetoftax": 1084000000
    },
    {
        "date": "2020-09-30",
        "symbol": "EL",
        "period": "Q1",
        "revenuefromcontractwithcustomerexcludingassessedtax": 3562000000,
        "costofgoodsandservicessold": 825000000,
        "grossprofit": 2737000000,
        "sellinggeneralandadministrativeexpense": 2026000000,
        "restructuringandrelatedcostincurredcost": 6000000,
        "operatingexpenses": 2032000000,
        "operatingincomeloss": 705000000,
        "interestexpense": 45000000,
        "investmentincomenet": 14000000,
        "definedbenefitplanothercosts": 3000000,
        "incomelossfromcontinuingoperationsbeforeincometaxesextraordinaryitemsnoncontrollinginterest": 671000000,
        "incometaxexpensebenefit": 146000000,
        "profitloss": 525000000,
        "netincomelossattributabletononcontrollinginterest": 2000000,
        "netincomelossavailabletocommonstockholdersbasic": 523000000,
        "earningspersharebasic": 1.44,
        "earningspersharediluted": 1.42,
        "weightedaveragenumberofsharesoutstandingbasic": 362100000,
        "weightedaveragenumberofdilutedsharesoutstanding": 367200000,
        "othercomprehensiveincomelosscashflowhedgegainlossafterreclassificationbeforetax": -31000000,
        "othercomprehensiveincomelosspensionandotherpostretirementbenefitplansadjustmentbeforetax": -6000000,
        "othercomprehensiveincomelossforeigncurrencytransactionandtranslationadjustmentbeforetax": 78000000,
        "othercomprehensiveincomelosstax": -18000000,
        "othercomprehensiveincomelossnetoftax": 71000000,
        "comprehensiveincomenetoftaxincludingportionattributabletononcontrollinginterest": 596000000,
        "comprehensiveincomenetoftax": 594000000
    },
    {
        "date": "2014-09-29",
        "symbol": "EL",
        "period": "Q1",
        "salesrevenuenet": 574000000,
        "costofgoodsandservicessold": 536600000,
        "grossprofit": 2094400000,
        "sellinggeneralandadministrativeexpense": 1746400000,
        "operatingexpenses": 1746400000,
        "operatingincomeloss": 348000000,
        "interestincomeexpensenonoperatingnet": -13200000,
        "incomelossfromcontinuingoperationsbeforeincometaxesminorityinterestandincomelossfromequitymethodinvestments": 334800000,
        "incometaxexpensebenefit": 105600000,
        "profitloss": -4800000,
        "netincomelossattributabletononcontrollinginterest": 1100000,
        "netincomelossavailabletocommonstockholdersbasic": 228100000,
        "earningspersharebasic": 0.6,
        "earningspersharediluted": 0.59,
        "weightedaveragenumberofsharesoutstandingbasic": 381800000,
        "weightedaveragenumberofdilutedsharesoutstanding": 388200000,
        "commonstockdividendspersharedeclared": 0.2,
        "othercomprehensiveincomeunrealizedholdinggainlossonsecuritiesarisingduringperiodbeforetax": 100000,
        "othercomprehensiveincomelossderivativesqualifyingashedgesbeforetax": 33800000,
        "othercomprehensiveincomelosspensionandotherpostretirementbenefitplansadjustmentbeforetax": -6600000,
        "othercomprehensiveincomelossforeigncurrencytransactionandtranslationadjustmentbeforetax": -129900000,
        "othercomprehensiveincomelosstax": 16000000,
        "othercomprehensiveincomelossnetoftax": -105400000,
        "comprehensiveincomenetoftaxincludingportionattributabletononcontrollinginterest": 123800000,
        "othercomprehensiveincomeforeigncurrencytransactionandtranslationadjustmentnetoftaxportionattributabletononcontrollinginterest": -1600000,
        "comprehensiveincomenetoftaxattributabletononcontrollinginterest": -500000,
        "comprehensiveincomenetoftax": 124300000
    },
    {
        "date": "2014-03-30",
        "symbol": "EL",
        "period": "Q3",
        "salesrevenuenet": 2549800000,
        "costofgoodsandservicessold": 1041400000,
        "grossprofit": 2051100000,
        "sellinggeneralandadministrativeexpense": 3387300000,
        "restructuringandothercharges": 0,
        "operatingexpenses": 1709500000,
        "operatingincomeloss": 341600000,
        "interestincomeexpensenonoperatingnet": -25900000,
        "incomelossfromcontinuingoperationsbeforeincometaxesminorityinterestandincomelossfromequitymethodinvestments": 770700000,
        "incometaxexpensebenefit": 251400000,
        "profitloss": -444500000,
        "netincomelossattributabletononcontrollinginterest": 500000,
        "netincomelossavailabletocommonstockholdersbasic": 213200000,
        "earningspersharebasic": 0.5499999999999998,
        "earningspersharediluted": 0.5499999999999998,
        "weightedaveragenumberofsharesoutstandingbasic": -388800000,
        "weightedaveragenumberofdilutedsharesoutstanding": -396200000,
        "commonstockdividendspersharedeclared": 0.19999999999999996,
        "othercomprehensiveincomeunrealizedholdinggainlossonsecuritiesarisingduringperiodbeforetax": 200000,
        "othercomprehensiveincomelossderivativesqualifyingashedgesbeforetax": 1400000,
        "othercomprehensiveincomelosspensionandotherpostretirementbenefitplansadjustmentbeforetax": -5500000,
        "othercomprehensiveincomelossforeigncurrencytransactionandtranslationadjustmentbeforetax": -8200000,
        "othercomprehensiveincomelosstax": 2000000,
        "othercomprehensiveincomelossnetoftax": -3100000,
        "comprehensiveincomenetoftaxincludingportionattributabletononcontrollinginterest": 210600000,
        "othercomprehensiveincomeforeigncurrencytransactionandtranslationadjustmentnetoftaxportionattributabletononcontrollinginterest": 100000,
        "comprehensiveincomenetoftaxattributabletononcontrollinginterest": 600000,
        "comprehensiveincomenetoftax": 210000000
    },
    {
        "date": "2013-12-30",
        "symbol": "EL",
        "period": "Q2",
        "salesrevenuenet": 3018700000,
        "costofgoodsandservicessold": 581600000,
        "grossprofit": 2437100000,
        "sellinggeneralandadministrativeexpense": 1784200000,
        "restructuringandothercharges": -3400000,
        "operatingexpenses": 1780800000,
        "operatingincomeloss": 656300000,
        "interestincomeexpensenonoperatingnet": -12400000,
        "incomelossfromcontinuingoperationsbeforeincometaxesminorityinterestandincomelossfromequitymethodinvestments": 643900000,
        "incometaxexpensebenefit": 208700000,
        "profitloss": 435200000,
        "netincomelossattributabletononcontrollinginterest": 2700000,
        "netincomelossavailabletocommonstockholdersbasic": 432500000,
        "earningspersharebasic": 1.11,
        "earningspersharediluted": 1.09,
        "weightedaveragenumberofsharesoutstandingbasic": 388300000,
        "weightedaveragenumberofdilutedsharesoutstanding": 395400000,
        "commonstockdividendspersharedeclared": 0.2,
        "othercomprehensiveincomeunrealizedholdinggainlossonsecuritiesarisingduringperiodbeforetax": 100000,
        "othercomprehensiveincomelossderivativesqualifyingashedgesbeforetax": 1900000,
        "othercomprehensiveincomelosspensionandotherpostretirementbenefitplansadjustmentbeforetax": -5400000,
        "othercomprehensiveincomelossforeigncurrencytransactionandtranslationadjustmentbeforetax": -15200000,
        "othercomprehensiveincomelosstax": 2100000,
        "othercomprehensiveincomelossnetoftax": -9900000,
        "comprehensiveincomenetoftaxincludingportionattributabletononcontrollinginterest": 425300000,
        "othercomprehensiveincomeforeigncurrencytransactionandtranslationadjustmentnetoftaxportionattributabletononcontrollinginterest": 100000,
        "comprehensiveincomenetoftaxattributabletononcontrollinginterest": 2800000,
        "comprehensiveincomenetoftax": 422500000
    },
    {
        "date": "2013-09-29",
        "symbol": "EL",
        "period": "Q1",
        "salesrevenuenet": 2675000000,
        "costofgoodsandservicessold": 1400000,
        "grossprofit": 2130900000,
        "sellinggeneralandadministrativeexpense": 2400000,
        "restructuringandothercharges": 1200000,
        "operatingexpenses": 1681400000,
        "operatingincomeloss": 449500000,
        "interestincomeexpensenonoperatingnet": 100000,
        "incomelossfromcontinuingoperationsbeforeincometaxesminorityinterestandincomelossfromequitymethodinvestments": -5400000,
        "incometaxexpensebenefit": -1600000,
        "profitloss": 2400000,
        "netincomelossattributabletononcontrollinginterest": 1100000,
        "netincomelossavailabletocommonstockholdersbasic": 300700000,
        "earningspersharebasic": 0.78,
        "earningspersharediluted": 0.76,
        "weightedaveragenumberofsharesoutstandingbasic": 387800000,
        "weightedaveragenumberofdilutedsharesoutstanding": 394900000,
        "commonstockdividendspersharedeclared": 0.18,
        "othercomprehensiveincomeunrealizedholdinggainlossonsecuritiesarisingduringperiodbeforetax": 300000,
        "othercomprehensiveincomelossderivativesqualifyingashedgesbeforetax": -17500000,
        "othercomprehensiveincomelosspensionandotherpostretirementbenefitplansadjustmentbeforetax": -5400000,
        "othercomprehensiveincomelossforeigncurrencytransactionandtranslationadjustmentbeforetax": 67700000,
        "othercomprehensiveincomelosstax": -5900000,
        "othercomprehensiveincomelossnetoftax": 61800000,
        "comprehensiveincomenetoftaxincludingportionattributabletononcontrollinginterest": 363600000,
        "othercomprehensiveincomeforeigncurrencytransactionandtranslationadjustmentnetoftaxportionattributabletononcontrollinginterest": 600000,
        "comprehensiveincomenetoftaxattributabletononcontrollinginterest": 1700000,
        "comprehensiveincomenetoftax": 361900000
    },
    {
        "date": "2013-03-30",
        "symbol": "EL",
        "period": "Q3",
        "salesrevenuenet": 2291800000,
        "costofgoodsandservicessold": 443100000,
        "grossprofit": 1848700000,
        "sellinggeneralandadministrativeexpense": 1605300000,
        "restructuringandothercharges": -1700000,
        "operatingexpenses": 1603600000,
        "operatingincomeloss": 245100000,
        "interestincomeexpensenonoperatingnet": -12600000,
        "othernonoperatingincome": 0,
        "incomelossfromcontinuingoperationsbeforeincometaxesminorityinterestandincomelossfromequitymethodinvestments": 0,
        "incometaxexpensebenefit": 53600000,
        "profitloss": 0,
        "netincomelossattributabletononcontrollinginterest": 100000,
        "netincomelossavailabletocommonstockholdersbasic": 178800000,
        "earningspersharebasic": 0.4600000000000002,
        "earningspersharediluted": 0.4600000000000002,
        "weightedaveragenumberofsharesoutstandingbasic": -100000,
        "weightedaveragenumberofdilutedsharesoutstanding": -400000,
        "othercomprehensiveincomelossavailableforsalesecuritiesadjustmentbeforetax": 300000,
        "othercomprehensiveincomelossderivativesqualifyingashedgesbeforetax": 11900000,
        "othercomprehensiveincomelosspensionandotherpostretirementbenefitplansadjustmentbeforetax": -8200000,
        "othercomprehensiveincomelossforeigncurrencytransactionandtranslationadjustmentbeforetax": -75600000,
        "othercomprehensiveincomelosstax": 9500000,
        "othercomprehensiveincomelossnetoftax": 14600000,
        "comprehensiveincomenetoftaxincludingportionattributabletononcontrollinginterest": 114200000,
        "othercomprehensiveincomeforeigncurrencytransactionandtranslationadjustmentnetoftaxportionattributabletononcontrollinginterest": 0,
        "comprehensiveincomenetoftaxattributabletononcontrollinginterest": 100000,
        "comprehensiveincomenetoftax": 114100000
    },
    {
        "date": "2012-12-30",
        "symbol": "EL",
        "period": "Q2",
        "salesrevenuenet": 5146300000,
        "costofgoodsandservicessold": 568000000,
        "grossprofit": 2365000000,
        "sellinggeneralandadministrativeexpense": 1698600000,
        "restructuringandothercharges": 13300000,
        "operatingexpenses": 1711900000,
        "operatingincomeloss": 653100000,
        "interestincomeexpensenonoperatingnet": -13400000,
        "interestanddebtexpense": 0,
        "othernonoperatingincome": 21300000,
        "incomelossfromcontinuingoperationsbeforeincometaxesminorityinterestandincomelossfromequitymethodinvestments": -441200000,
        "incometaxexpensebenefit": 211600000,
        "profitloss": 1600000,
        "netincomelossattributabletononcontrollinginterest": 1900000,
        "netincomelossavailabletocommonstockholdersbasic": 447500000,
        "earningspersharebasic": 1.16,
        "earningspersharediluted": 1.13,
        "weightedaveragenumberofsharesoutstandingbasic": -200000,
        "weightedaveragenumberofdilutedsharesoutstanding": -400000,
        "othercomprehensiveincomelossavailableforsalesecuritiesadjustmentbeforetax": 100000,
        "othercomprehensiveincomelossderivativesqualifyingashedgesbeforetax": -2200000,
        "othercomprehensiveincomelosspensionandotherpostretirementbenefitplansadjustmentbeforetax": -8200000,
        "othercomprehensiveincomelossforeigncurrencytransactionandtranslationadjustmentbeforetax": 6700000,
        "othercomprehensiveincomelosstax": 2100000,
        "othercomprehensiveincomelossnetoftax": -100000,
        "comprehensiveincomenetoftaxincludingportionattributabletononcontrollinginterest": 460100000,
        "othercomprehensiveincomeforeigncurrencytransactionandtranslationadjustmentnetoftaxportionattributabletononcontrollinginterest": -100000,
        "comprehensiveincomenetoftaxattributabletononcontrollinginterest": 1800000,
        "comprehensiveincomenetoftax": 458300000
    },
    {
        "date": "2012-09-29",
        "symbol": "EL",
        "period": "Q1",
        "salesrevenuenet": 336200000,
        "costofgoodsandservicessold": 539200000,
        "grossprofit": 2010300000,
        "sellinggeneralandadministrativeexpense": 1527900000,
        "restructuringandothercharges": 400000,
        "operatingexpenses": 1528300000,
        "operatingincomeloss": 482000000,
        "interestincomeexpensenonoperatingnet": -15800000,
        "interestanddebtexpense": 19100000,
        "othernonoperatingincome": 1800000,
        "incomelossfromcontinuingoperationsbeforeincometaxesminorityinterestandincomelossfromequitymethodinvestments": 448900000,
        "incometaxexpensebenefit": 149300000,
        "profitloss": 100000,
        "netincomelossattributabletononcontrollinginterest": 100000,
        "netincomelossavailabletocommonstockholdersbasic": 299500000,
        "earningspersharebasic": 0.77,
        "earningspersharediluted": 0.76,
        "weightedaveragenumberofsharesoutstandingbasic": 387800000,
        "weightedaveragenumberofdilutedsharesoutstanding": 395500000,
        "othercomprehensiveincomelossavailableforsalesecuritiesadjustmentbeforetax": 100000,
        "othercomprehensiveincomelossderivativesqualifyingashedgesbeforetax": -15900000,
        "othercomprehensiveincomelosspensionandotherpostretirementbenefitplansadjustmentbeforetax": -8800000,
        "othercomprehensiveincomelossforeigncurrencytransactionandtranslationadjustmentbeforetax": 72100000,
        "othercomprehensiveincomelosstax": -4300000,
        "othercomprehensiveincomelossnetoftax": 900000,
        "comprehensiveincomenetoftaxincludingportionattributabletononcontrollinginterest": 369000000,
        "othercomprehensiveincomeforeigncurrencytransactionandtranslationadjustmentnetoftaxportionattributabletononcontrollinginterest": 900000,
        "comprehensiveincomenetoftaxattributabletononcontrollinginterest": 1000000,
        "comprehensiveincomenetoftax": 368000000
    },
    {
        "date": "2012-03-30",
        "symbol": "EL",
        "period": "Q3",
        "salesrevenuenet": 4724000000,
        "costofgoodsandservicessold": 469300000,
        "grossprofit": 1778900000,
        "sellinggeneralandadministrativeexpense": 1539000000,
        "restructuringandothercharges": 28400000,
        "operatingexpenses": 1567400000,
        "operatingincomeloss": 211500000,
        "interestincomeexpensenonoperatingnet": -14500000,
        "incomelossfromcontinuingoperationsbeforeincometaxesminorityinterestandincomelossfromequitymethodinvestments": 197000000,
        "incometaxexpensebenefit": 65700000,
        "profitloss": -674400000,
        "netincomelossavailabletocommonstockholdersbasic": 130400000,
        "earningspersharebasic": -0.3900000000000001,
        "earningspersharediluted": -0.3700000000000001,
        "weightedaveragenumberofsharesoutstandingbasic": -193600000,
        "weightedaveragenumberofdilutedsharesoutstanding": -197800000
    },
    {
        "date": "2011-12-30",
        "symbol": "EL",
        "period": "Q2",
        "salesrevenuenet": 261700000,
        "costofgoodsandservicessold": 551000000,
        "grossprofit": 2186500000,
        "sellinggeneralandadministrativeexpense": 1576700000,
        "restructuringandothercharges": 6100000,
        "impairmentofintangibleassetsexcludinggoodwill": 6700000,
        "operatingexpenses": 1589500000,
        "operatingincomeloss": 597000000,
        "interestincomeexpensenonoperatingnet": -16600000,
        "othernonoperatingincome": 10500000,
        "incomelossfromcontinuingoperationsbeforeincometaxesminorityinterestandincomelossfromequitymethodinvestments": 590900000,
        "incometaxexpensebenefit": 192500000,
        "profitloss": 398400000,
        "netincomelossattributabletononcontrollinginterest": 1700000,
        "netincomelossavailabletocommonstockholdersbasic": 396700000,
        "earningspersharebasic": 1.03,
        "earningspersharediluted": 1,
        "weightedaveragenumberofsharesoutstandingbasic": 386800000,
        "weightedaveragenumberofdilutedsharesoutstanding": 395200000,
        "commonstockdividendspersharedeclared": 0.525
    },
    {
        "date": "2011-09-29",
        "symbol": "EL",
        "period": "Q1",
        "salesrevenuenet": 2476700000,
        "costofgoodsandservicessold": 534300000,
        "grossprofit": 1942400000,
        "sellinggeneralandadministrativeexpense": 1507700000,
        "restructuringandothercharges": 4700000,
        "operatingexpenses": 1512400000,
        "operatingincomeloss": 430000000,
        "interestincomeexpensenonoperatingnet": -16000000,
        "incomelossfromcontinuingoperationsbeforeincometaxesminorityinterestandincomelossfromequitymethodinvestments": 414000000,
        "incometaxexpensebenefit": 135400000,
        "profitloss": 278600000,
        "netincomelossavailabletocommonstockholdersbasic": 278600000,
        "earningspersharebasic": 1.43,
        "earningspersharediluted": 1.4,
        "weightedaveragenumberofsharesoutstandingbasic": 195300000,
        "weightedaveragenumberofdilutedsharesoutstanding": 199600000
    },
    {
        "date": "2011-03-30",
        "symbol": "EL",
        "period": "Q3",
        "salesrevenuenet": 3975400000,
        "grossprofit": 1683100000,
        "sellinggeneralandadministrativeexpense": 1415900000,
        "restructuringandotherspecialcharges": 21800000,
        "operatingexpenses": 1474000000,
        "operatingincomeloss": 209100000,
        "interestexpenseincomenet": 15800000,
        "incomelossfromcontinuingoperationsbeforeincometaxesminorityinterestandincomelossfromequitymethodinvestments": 193300000,
        "incometaxexpensebenefit": 68200000,
        "profitloss": 316200000,
        "netincomelossattributabletononcontrollinginterest": 400000,
        "netincomeloss": 124700000,
        "earningspersharebasic": 0.6300000000000001,
        "earningspersharediluted": 0.6199999999999999,
        "weightedaveragenumberofsharesoutstandingbasic": -196400000,
        "weightedaveragenumberofdilutedsharesoutstanding": -200200000
    },
    {
        "date": "2010-12-30",
        "symbol": "EL",
        "period": "Q2",
        "salesrevenuenet": 2492000000,
        "costofgoodsandservicessold": 541100000,
        "grossprofit": 1950900000,
        "sellinggeneralandadministrativeexpense": 1419200000,
        "restructuringandotherspecialcharges": 14000000,
        "operatingexpenses": 1433200000,
        "operatingincomeloss": 517700000,
        "interestexpenseincomenet": 16100000,
        "incomelossfromcontinuingoperationsbeforeincometaxesminorityinterestandincomelossfromequitymethodinvestments": 501600000,
        "incometaxexpensebenefit": 155700000,
        "profitloss": 345900000,
        "netincomelossattributabletononcontrollinginterest": 2000000,
        "netincomeloss": 343900000,
        "earningspersharebasic": 1.75,
        "earningspersharediluted": 1.71,
        "weightedaveragenumberofsharesoutstandingbasic": 196700000,
        "weightedaveragenumberofdilutedsharesoutstanding": 200900000,
        "commonstockdividendspersharedeclared": 0.75
    },
    {
        "date": "2010-09-29",
        "symbol": "EL",
        "period": "Q1",
        "salesrevenuenet": 282000000,
        "costofrevenue": 488100000,
        "grossprofit": 1603600000,
        "sellinggeneralandadministrativeexpense": 1301800000,
        "restructuringandotherspecialcharges": 3800000,
        "operatingexpenses": 1305600000,
        "operatingincomeloss": 298000000,
        "interestexpenseincomenet": 16100000,
        "incomelossfromcontinuingoperationsbeforeincometaxesminorityinterestandincomelossfromequitymethodinvestments": 281900000,
        "incometaxexpensebenefit": 92300000,
        "profitloss": -1500000,
        "netincomelossattributabletononcontrollinginterest": -1500000,
        "netincomeloss": 191100000,
        "earningspersharebasic": 0.97,
        "earningspersharediluted": 0.95,
        "weightedaveragenumberofsharesoutstandingbasic": 196700000,
        "weightedaveragenumberofdilutedsharesoutstanding": 200400000
    }
]