[
    {
        "date": "2023-06-29",
        "symbol": "SPGI",
        "period": "Q2",
        "revenuefromcontractwithcustomerexcludingassessedtax": 3101000000,
        "costofrevenue": 1026000000,
        "sellinggeneralandadministrativeexpense": 771000000,
        "depreciation": 24000000,
        "amortizationofintangibleassets": 261000000,
        "costsandexpenses": 2082000000,
        "gainlossonsaleofbusiness": -119000000,
        "incomelossfromequitymethodinvestments": 11000000,
        "operatingincomeloss": 911000000,
        "othernonoperatingincomeexpense": 11000000,
        "interestexpense": 88000000,
        "incomelossfromcontinuingoperationsbeforeincometaxesextraordinaryitemsnoncontrollinginterest": 834000000,
        "incometaxexpensebenefit": 259000000,
        "profitloss": 575000000,
        "incomelossfromcontinuingoperationsattributabletononcontrollingentity": 64000000,
        "netincomeloss": 511000000,
        "earningspersharebasic": 1.6,
        "earningspersharediluted": 1.6,
        "weightedaveragenumberofsharesoutstandingbasic": 319300000,
        "weightedaveragenumberofdilutedsharesoutstanding": 319800000,
        "othercomprehensiveincomelossforeigncurrencytransactionandtranslationadjustmentbeforetax": 30000000,
        "othercomprehensiveincomelossforeigncurrencytranslationadjustmenttax": -5000000,
        "othercomprehensiveincomelossforeigncurrencytransactionandtranslationadjustmentnetoftax": 35000000,
        "othercomprehensiveincomelosspensionandotherpostretirementbenefitplansadjustmentbeforetax": 12000000,
        "othercomprehensiveincomelosspensionandotherpostretirementbenefitplanstax": 3000000,
        "othercomprehensiveincomelosspensionandotherpostretirementbenefitplansadjustmentnetoftax": 9000000,
        "othercomprehensiveincomelosscashflowhedgegainlossafterreclassificationbeforetax": 28000000,
        "othercomprehensiveincomelosscashflowhedgegainlossafterreclassificationtax": 6000000,
        "othercomprehensiveincomelosscashflowhedgegainlossafterreclassificationandtax": 22000000,
        "comprehensiveincomenetoftaxincludingportionattributabletononcontrollinginterest": 623000000,
        "comprehensiveincomelossnetoftaxattributabletononredeemablenoncontrollinginterest": 6000000,
        "comprehensiveincomelossnetoftaxattributabletoredeemablenoncontrollinginterest": 58000000,
        "comprehensiveincomenetoftax": 559000000
    },
    {
        "date": "2023-03-30",
        "symbol": "SPGI",
        "period": "Q1",
        "revenuefromcontractwithcustomerexcludingassessedtax": 3160000000,
        "costofrevenue": 1088000000,
        "sellinggeneralandadministrativeexpense": 705000000,
        "depreciation": 25000000,
        "amortizationofintangibleassets": 262000000,
        "costsandexpenses": 2080000000,
        "gainlossonsaleofbusiness": 50000000,
        "incomelossfromequitymethodinvestments": 14000000,
        "operatingincomeloss": 1144000000,
        "othernonoperatingincomeexpense": -11000000,
        "interestexpense": 85000000,
        "incomelossfromcontinuingoperationsbeforeincometaxesextraordinaryitemsnoncontrollinginterest": 1048000000,
        "incometaxexpensebenefit": 188000000,
        "profitloss": 860000000,
        "incomelossfromcontinuingoperationsattributabletononcontrollingentity": 65000000,
        "netincomeloss": 795000000,
        "earningspersharebasic": 2.47,
        "earningspersharediluted": 2.47,
        "weightedaveragenumberofsharesoutstandingbasic": 321300000,
        "weightedaveragenumberofdilutedsharesoutstanding": 322100000,
        "commonstocksharesoutstanding": 320800000,
        "othercomprehensiveincomelossforeigncurrencytransactionandtranslationadjustmentbeforetax": 42000000,
        "othercomprehensiveincomelossforeigncurrencytranslationadjustmenttax": -3000000,
        "othercomprehensiveincomelossforeigncurrencytransactionandtranslationadjustmentnetoftax": 45000000,
        "othercomprehensiveincomelosspensionandotherpostretirementbenefitplansadjustmentbeforetax": -1000000,
        "othercomprehensiveincomelosspensionandotherpostretirementbenefitplanstax": 1000000,
        "othercomprehensiveincomelosspensionandotherpostretirementbenefitplansadjustmentnetoftax": -1000000,
        "othercomprehensiveincomelosscashflowhedgegainlossafterreclassificationbeforetax": -27000000,
        "othercomprehensiveincomelosscashflowhedgegainlossafterreclassificationtax": -6000000,
        "othercomprehensiveincomelosscashflowhedgegainlossafterreclassificationandtax": -21000000,
        "comprehensiveincomenetoftaxincludingportionattributabletononcontrollinginterest": 885000000,
        "comprehensiveincomelossnetoftaxattributabletononredeemablenoncontrollinginterest": 4000000,
        "comprehensiveincomelossnetoftaxattributabletoredeemablenoncontrollinginterest": 61000000,
        "comprehensiveincomenetoftax": 820000000
    },
    {
        "date": "2022-12-30",
        "symbol": "SPGI",
        "period": "Q4",
        "revenuefromcontractwithcustomerexcludingassessedtax": 2937000000,
        "costofrevenue": 1012000000,
        "sellinggeneralandadministrativeexpense": 941000000,
        "depreciation": 15000000,
        "amortizationofintangibleassets": 260000000,
        "costsandexpenses": 2228000000,
        "gainlossonsaleofbusiness": 1000000,
        "incomelossfromequitymethodinvestments": 6000000,
        "operatingincomeloss": 716000000,
        "othernonoperatingincomeexpense": -16000000,
        "gainslossesonextinguishmentofdebt": 7000000,
        "incomelossfromcontinuingoperationsbeforeincometaxesextraordinaryitemsnoncontrollinginterest": 621000000,
        "incometaxexpensebenefit": 127000000,
        "profitloss": 494000000,
        "netincomeloss": 433000000,
        "earningspersharebasic": 1.3000000000000016,
        "earningspersharediluted": 1.2899999999999991,
        "weightedaveragenumberofsharesoutstandingbasic": 2400000,
        "weightedaveragenumberofdilutedsharesoutstanding": 2800000,
        "commonstocksharesoutstanding": -3900000,
        "othercomprehensiveincomelossforeigncurrencytransactionandtranslationadjustmentbeforetax": 147000000,
        "othercomprehensiveincomelossforeigncurrencytranslationadjustmenttax": -20000000,
        "othercomprehensiveincomelossforeigncurrencytransactionandtranslationadjustmentnetoftax": 167000000,
        "othercomprehensiveincomelosspensionandotherpostretirementbenefitplansadjustmentbeforetax": 65000000,
        "othercomprehensiveincomelosspensionandotherpostretirementbenefitplanstax": 17000000,
        "othercomprehensiveincomelosspensionandotherpostretirementbenefitplansadjustmentnetoftax": 48000000,
        "othercomprehensiveincomelosscashflowhedgegainlossafterreclassificationbeforetax": 42000000,
        "othercomprehensiveincomelosscashflowhedgegainlossafterreclassificationtax": 9000000,
        "othercomprehensiveincomelosscashflowhedgegainlossafterreclassificationandtax": 33000000,
        "comprehensiveincomenetoftaxincludingportionattributabletononcontrollinginterest": 646000000,
        "comprehensiveincomenetoftax": 585000000
    },
    {
        "date": "2022-09-29",
        "symbol": "SPGI",
        "period": "Q3",
        "revenuefromcontractwithcustomerexcludingassessedtax": 2861000000,
        "costofrevenue": 994000000,
        "sellinggeneralandadministrativeexpense": 720000000,
        "depreciation": 31000000,
        "amortizationofintangibleassets": 266000000,
        "costsandexpenses": 2011000000,
        "gainlossonsaleofbusiness": -2000000,
        "incomelossfromequitymethodinvestments": 6000000,
        "operatingincomeloss": 854000000,
        "othernonoperatingincomeexpense": 36000000,
        "interestincomeexpensenet": -71000000,
        "gainslossesonextinguishmentofdebt": 4000000,
        "incomelossfromcontinuingoperationsbeforeincometaxesextraordinaryitemsnoncontrollinginterest": 823000000,
        "incometaxexpensebenefit": 145000000,
        "profitloss": 678000000,
        "netincomelossattributabletononcontrollinginterest": 70000000,
        "netincomeloss": 608000000,
        "earningspersharebasic": 1.759999999999999,
        "earningspersharediluted": 1.7400000000000002,
        "weightedaveragenumberofsharesoutstandingbasic": 7700000,
        "weightedaveragenumberofdilutedsharesoutstanding": 7700000,
        "commonstocksharesoutstanding": -10400000,
        "othercomprehensiveincomelossforeigncurrencytransactionandtranslationadjustmentbeforetax": -255000000,
        "othercomprehensiveincomelossforeigncurrencytranslationadjustmenttax": 15000000,
        "othercomprehensiveincomelossforeigncurrencytransactionandtranslationadjustmentnetoftax": -270000000,
        "othercomprehensiveincomelosspensionandotherpostretirementbenefitplansadjustmentbeforetax": -4000000,
        "othercomprehensiveincomelosspensionandotherpostretirementbenefitplanstax": -2000000,
        "othercomprehensiveincomelosspensionandotherpostretirementbenefitplansadjustmentnetoftax": -3000000,
        "othercomprehensiveincomelosscashflowhedgegainlossafterreclassificationbeforetax": 54000000,
        "othercomprehensiveincomelosscashflowhedgegainlossafterreclassificationtax": 14000000,
        "othercomprehensiveincomelosscashflowhedgegainlossafterreclassificationandtax": 40000000,
        "comprehensiveincomenetoftaxincludingportionattributabletononcontrollinginterest": 451000000,
        "comprehensiveincomelossnetoftaxattributabletononredeemablenoncontrollinginterest": 6000000,
        "comprehensiveincomelossnetoftaxattributabletoredeemablenoncontrollinginterest": 64000000,
        "comprehensiveincomenetoftax": 381000000
    },
    {
        "date": "2022-06-29",
        "symbol": "SPGI",
        "period": "Q2",
        "revenuefromcontractwithcustomerexcludingassessedtax": 2994000000,
        "costofrevenue": 1011000000,
        "sellinggeneralandadministrativeexpense": 764000000,
        "depreciation": 36000000,
        "amortizationofintangibleassets": 268000000,
        "costsandexpenses": 2079000000,
        "gainlossonsaleofbusiness": 555000000,
        "incomelossfromequitymethodinvestments": 12000000,
        "operatingincomeloss": 1482000000,
        "othernonoperatingincomeexpense": 1000000,
        "interestincomeexpensenet": -90000000,
        "gainslossesonextinguishmentofdebt": -2000000,
        "incomelossfromcontinuingoperationsbeforeincometaxesextraordinaryitemsnoncontrollinginterest": 1391000000,
        "incometaxexpensebenefit": 340000000,
        "profitloss": 1051000000,
        "netincomelossattributabletononcontrollinginterest": 79000000,
        "netincomeloss": 972000000,
        "earningspersharebasic": 2.7,
        "earningspersharediluted": 2.7,
        "weightedaveragenumberofsharesoutstandingbasic": 31600000,
        "weightedaveragenumberofdilutedsharesoutstanding": 31700000,
        "commonstocksharesoutstanding": -3700000,
        "othercomprehensiveincomelossforeigncurrencytransactionandtranslationadjustmentbeforetax": -95000000,
        "othercomprehensiveincomelossforeigncurrencytranslationadjustmenttax": 22000000,
        "othercomprehensiveincomelossforeigncurrencytransactionandtranslationadjustmentnetoftax": -117000000,
        "othercomprehensiveincomelosspensionandotherpostretirementbenefitplansadjustmentbeforetax": 4000000,
        "othercomprehensiveincomelosspensionandotherpostretirementbenefitplanstax": 2000000,
        "othercomprehensiveincomelosspensionandotherpostretirementbenefitplansadjustmentnetoftax": 3000000,
        "othercomprehensiveincomelosscashflowhedgegainlossafterreclassificationbeforetax": 122000000,
        "othercomprehensiveincomelosscashflowhedgegainlossafterreclassificationtax": 31000000,
        "othercomprehensiveincomelosscashflowhedgegainlossafterreclassificationandtax": 91000000,
        "comprehensiveincomenetoftaxincludingportionattributabletononcontrollinginterest": 1022000000,
        "comprehensiveincomelossnetoftaxattributabletononredeemablenoncontrollinginterest": 7000000,
        "comprehensiveincomelossnetoftaxattributabletoredeemablenoncontrollinginterest": 72000000,
        "comprehensiveincomenetoftax": 943000000
    },
    {
        "date": "2022-03-30",
        "symbol": "SPGI",
        "period": "Q1",
        "revenuefromcontractwithcustomerexcludingassessedtax": 2389000000,
        "costofrevenue": 749000000,
        "sellinggeneralandadministrativeexpense": 958000000,
        "depreciation": 26000000,
        "amortizationofintangibleassets": 111000000,
        "costsandexpenses": 1844000000,
        "gainlossonsaleofbusiness": 1344000000,
        "incomelossfromequitymethodinvestments": 3000000,
        "operatingincomeloss": 1892000000,
        "othernonoperatingincomeexpense": 49000000,
        "interestincomeexpensenet": -57000000,
        "gainslossesonextinguishmentofdebt": -17000000,
        "incomelossfromcontinuingoperationsbeforeincometaxesextraordinaryitemsnoncontrollinginterest": 1867000000,
        "incometaxexpensebenefit": 568000000,
        "profitloss": 1299000000,
        "netincomelossattributabletononcontrollinginterest": 64000000,
        "netincomeloss": 1235000000,
        "earningspersharebasic": 4.49,
        "earningspersharediluted": 4.47,
        "weightedaveragenumberofsharesoutstandingbasic": 275200000,
        "weightedaveragenumberofdilutedsharesoutstanding": 276300000,
        "commonstocksharesoutstanding": 339900000,
        "othercomprehensiveincomelossforeigncurrencytransactionandtranslationadjustmentbeforetax": -21000000,
        "othercomprehensiveincomelossforeigncurrencytranslationadjustmenttax": 5000000,
        "othercomprehensiveincomelossforeigncurrencytransactionandtranslationadjustmentnetoftax": -26000000,
        "othercomprehensiveincomelosspensionandotherpostretirementbenefitplansadjustmentbeforetax": -5000000,
        "othercomprehensiveincomelosspensionandotherpostretirementbenefitplanstax": -1000000,
        "othercomprehensiveincomelosspensionandotherpostretirementbenefitplansadjustmentnetoftax": -4000000,
        "othercomprehensiveincomelosscashflowhedgegainlossafterreclassificationbeforetax": 107000000,
        "othercomprehensiveincomelosscashflowhedgegainlossafterreclassificationtax": 26000000,
        "othercomprehensiveincomelosscashflowhedgegainlossafterreclassificationandtax": 81000000,
        "comprehensiveincomenetoftaxincludingportionattributabletononcontrollinginterest": 1358000000,
        "comprehensiveincomelossnetoftaxattributabletononredeemablenoncontrollinginterest": 5000000,
        "comprehensiveincomelossnetoftaxattributabletoredeemablenoncontrollinginterest": 59000000,
        "comprehensiveincomenetoftax": 1294000000
    },
    {
        "date": "2021-09-29",
        "symbol": "SPGI",
        "period": "Q3",
        "revenuefromcontractwithcustomerexcludingassessedtax": 2087000000,
        "costofrevenue": 543000000,
        "sellinggeneralandadministrativeexpense": 422000000,
        "depreciation": 21000000,
        "amortizationofintangibleassets": 21000000,
        "costsandexpenses": 1007000000,
        "operatingincomeloss": 1083000000,
        "othernonoperatingincomeexpense": 22000000,
        "interestincomeexpensenet": -31000000,
        "incomelossfromcontinuingoperationsbeforeincometaxesextraordinaryitemsnoncontrollinginterest": 1074000000,
        "incometaxexpensebenefit": 213000000,
        "profitloss": 861000000,
        "netincomelossattributabletononcontrollinginterest": 65000000,
        "netincomeloss": 796000000,
        "earningspersharebasic": 3.309999999999999,
        "earningspersharediluted": 3.3000000000000007,
        "weightedaveragenumberofsharesoutstandingbasic": 100000,
        "weightedaveragenumberofdilutedsharesoutstanding": 0,
        "sharesoutstanding": 0,
        "othercomprehensiveincomelossforeigncurrencytransactionandtranslationadjustmentbeforetax": -7000000,
        "othercomprehensiveincomelossforeigncurrencytranslationadjustmenttax": 6000000,
        "othercomprehensiveincomelossforeigncurrencytransactionandtranslationadjustmentnetoftax": -13000000,
        "othercomprehensiveincomelosspensionandotherpostretirementbenefitplansadjustmentbeforetax": -5000000,
        "othercomprehensiveincomelosspensionandotherpostretirementbenefitplansadjustmentnetoftax": -4000000,
        "othercomprehensiveincomelosscashflowhedgegainlossafterreclassificationbeforetax": 31000000,
        "othercomprehensiveincomelosscashflowhedgegainlossafterreclassificationandtax": 23000000,
        "comprehensiveincomenetoftaxincludingportionattributabletononcontrollinginterest": 875000000,
        "comprehensiveincomelossnetoftaxattributabletononredeemablenoncontrollinginterest": 7000000,
        "comprehensiveincomelossnetoftaxattributabletoredeemablenoncontrollinginterest": 58000000,
        "comprehensiveincomenetoftax": 810000000
    },
    {
        "date": "2021-06-29",
        "symbol": "SPGI",
        "period": "Q2",
        "revenuefromcontractwithcustomerexcludingassessedtax": 2106000000,
        "costofrevenue": 533000000,
        "sellinggeneralandadministrativeexpense": 375000000,
        "depreciation": 23000000,
        "amortizationofintangibleassets": 22000000,
        "costsandexpenses": 953000000,
        "gainlossonsaleofbusiness": 0,
        "operatingincomeloss": 1153000000,
        "othernonoperatingincomeexpense": 22000000,
        "interestincomeexpensenet": -31000000,
        "incomelossfromcontinuingoperationsbeforeincometaxesextraordinaryitemsnoncontrollinginterest": 1144000000,
        "incometaxexpensebenefit": 286000000,
        "profitloss": 858000000,
        "netincomelossattributabletononcontrollinginterest": 60000000,
        "netincomeloss": 798000000,
        "earningspersharebasic": 3.31,
        "earningspersharediluted": 3.3,
        "weightedaveragenumberofsharesoutstandingbasic": 100000,
        "weightedaveragenumberofdilutedsharesoutstanding": 100000,
        "sharesoutstanding": 100000,
        "othercomprehensiveincomelossforeigncurrencytransactionandtranslationadjustmentbeforetax": 38000000,
        "othercomprehensiveincomelossforeigncurrencytranslationadjustmenttax": -7000000,
        "othercomprehensiveincomelossforeigncurrencytransactionandtranslationadjustmentnetoftax": 45000000,
        "othercomprehensiveincomelosspensionandotherpostretirementbenefitplansadjustmentbeforetax": 1000000,
        "othercomprehensiveincomelosspensionandotherpostretirementbenefitplanstax": 0,
        "othercomprehensiveincomelosspensionandotherpostretirementbenefitplansadjustmentnetoftax": 1000000,
        "othercomprehensiveincomelosscashflowhedgegainlossafterreclassificationbeforetax": -216000000,
        "othercomprehensiveincomelosscashflowhedgegainlossafterreclassificationandtax": -160000000,
        "comprehensiveincomenetoftaxincludingportionattributabletononcontrollinginterest": 742000000,
        "comprehensiveincomelossnetoftaxattributabletononredeemablenoncontrollinginterest": 8000000,
        "comprehensiveincomelossnetoftaxattributabletoredeemablenoncontrollinginterest": 52000000,
        "comprehensiveincomenetoftax": 682000000
    },
    {
        "date": "2021-03-30",
        "symbol": "SPGI",
        "period": "Q1",
        "revenuefromcontractwithcustomerexcludingassessedtax": 2016000000,
        "costofrevenue": 527000000,
        "sellinggeneralandadministrativeexpense": 360000000,
        "depreciation": 19000000,
        "amortizationofintangibleassets": 31000000,
        "costsandexpenses": 937000000,
        "gainlossonsaleofbusiness": 2000000,
        "operatingincomeloss": 1081000000,
        "othernonoperatingincomeexpense": 7000000,
        "interestincomeexpensenet": -32000000,
        "incomelossfromcontinuingoperationsbeforeincometaxesextraordinaryitemsnoncontrollinginterest": 1056000000,
        "incometaxexpensebenefit": 248000000,
        "profitloss": 808000000,
        "netincomelossattributabletononcontrollinginterest": 53000000,
        "netincomeloss": 755000000,
        "earningspersharebasic": 3.14,
        "earningspersharediluted": 3.12,
        "weightedaveragenumberofsharesoutstandingbasic": 240600000,
        "weightedaveragenumberofdilutedsharesoutstanding": 241600000,
        "sharesoutstanding": 240900000,
        "othercomprehensiveincomelossforeigncurrencytransactionandtranslationadjustmentbeforetax": -25000000,
        "othercomprehensiveincomelossforeigncurrencytranslationadjustmenttax": 5000000,
        "othercomprehensiveincomelossforeigncurrencytransactionandtranslationadjustmentnetoftax": -30000000,
        "othercomprehensiveincomelosspensionandotherpostretirementbenefitplansadjustmentbeforetax": -21000000,
        "othercomprehensiveincomelosspensionandotherpostretirementbenefitplanstax": -4000000,
        "othercomprehensiveincomelosspensionandotherpostretirementbenefitplansadjustmentnetoftax": -17000000,
        "othercomprehensiveincomelosscashflowhedgegainlossafterreclassificationbeforetax": 2000000,
        "othercomprehensiveincomelosscashflowhedgegainlossafterreclassificationandtax": 2000000,
        "comprehensiveincomenetoftaxincludingportionattributabletononcontrollinginterest": 797000000,
        "comprehensiveincomelossnetoftaxattributabletononredeemablenoncontrollinginterest": 2000000,
        "comprehensiveincomelossnetoftaxattributabletoredeemablenoncontrollinginterest": 51000000,
        "comprehensiveincomenetoftax": 744000000
    },
    {
        "date": "2020-12-30",
        "symbol": "SPGI",
        "period": "Q4",
        "revenuefromcontractwithcustomerexcludingassessedtax": 1867000000,
        "costofrevenue": 559000000,
        "sellinggeneralandadministrativeexpense": 599000000,
        "depreciation": 23000000,
        "amortizationofintangibleassets": 29000000,
        "costsandexpenses": 1210000000,
        "gainlossonsaleofbusiness": 0,
        "operatingincomeloss": 657000000,
        "othernonoperatingincomeexpense": 15000000,
        "incomelossfromcontinuingoperationsbeforeincometaxesextraordinaryitemsnoncontrollinginterest": 640000000,
        "incometaxexpensebenefit": 135000000,
        "profitloss": 505000000,
        "netincomeloss": 454000000,
        "earningspersharebasic": 1.890000000000001,
        "earningspersharediluted": 1.88,
        "weightedaveragenumberofsharesoutstandingbasic": -200000,
        "weightedaveragenumberofdilutedsharesoutstanding": -200000,
        "othercomprehensiveincomelossforeigncurrencytranslationadjustmenttax": -7000000,
        "othercomprehensiveincomelossforeigncurrencytransactionandtranslationadjustmentnetoftax": 37000000,
        "othercomprehensiveincomelosspensionandotherpostretirementbenefitplansadjustmentbeforetax": 1000000,
        "othercomprehensiveincomelosspensionandotherpostretirementbenefitplanstax": 0,
        "othercomprehensiveincomelosspensionandotherpostretirementbenefitplansadjustmentnetoftax": 1000000,
        "comprehensiveincomenetoftaxincludingportionattributabletononcontrollinginterest": 545000000,
        "comprehensiveincomenetoftax": 494000000
    },
    {
        "date": "2020-09-29",
        "symbol": "SPGI",
        "period": "Q3",
        "revenuefromcontractwithcustomerexcludingassessedtax": 1846000000,
        "costofrevenue": 519000000,
        "sellinggeneralandadministrativeexpense": 338000000,
        "depreciation": 21000000,
        "amortizationofintangibleassets": 33000000,
        "costsandexpenses": 911000000,
        "gainlossonsaleofbusiness": 8000000,
        "operatingincomeloss": 943000000,
        "othernonoperatingincomeexpense": 7000000,
        "interestincomeexpensenet": -35000000,
        "incomelossfromcontinuingoperationsbeforeincometaxesextraordinaryitemsnoncontrollinginterest": 636000000,
        "incometaxexpensebenefit": 138000000,
        "profitloss": 498000000,
        "netincomelossattributabletononcontrollinginterest": 44000000,
        "netincomeloss": 454000000,
        "earningspersharebasic": 1.9000000000000008,
        "earningspersharediluted": 1.88,
        "weightedaveragenumberofsharesoutstandingbasic": -300000,
        "weightedaveragenumberofdilutedsharesoutstanding": -300000,
        "sharesoutstanding": -400000,
        "othercomprehensiveincomelossforeigncurrencytransactionandtranslationadjustmentbeforetax": 0,
        "othercomprehensiveincomelossforeigncurrencytranslationadjustmenttax": -13000000,
        "othercomprehensiveincomelossforeigncurrencytransactionandtranslationadjustmentnetoftax": 13000000,
        "othercomprehensiveincomelosspensionandotherpostretirementbenefitplansadjustmentbeforetax": -4000000,
        "othercomprehensiveincomelosspensionandotherpostretirementbenefitplanstax": -1000000,
        "othercomprehensiveincomelosspensionandotherpostretirementbenefitplansadjustmentnetoftax": -3000000,
        "othercomprehensiveincomelosscashflowhedgegainlossafterreclassificationbeforetax": 14000000,
        "othercomprehensiveincomelosscashflowhedgegainlossafterreclassificationtax": 3000000,
        "othercomprehensiveincomelosscashflowhedgegainlossafterreclassificationandtax": 11000000,
        "comprehensiveincomenetoftaxincludingportionattributabletononcontrollinginterest": 525000000,
        "comprehensiveincomelossnetoftaxattributabletononredeemablenoncontrollinginterest": 3000000,
        "comprehensiveincomelossnetoftaxattributabletoredeemablenoncontrollinginterest": 41000000,
        "comprehensiveincomenetoftax": 481000000
    },
    {
        "date": "2020-06-29",
        "symbol": "SPGI",
        "period": "Q2",
        "revenuefromcontractwithcustomerexcludingassessedtax": 1943000000,
        "costofrevenue": 493000000,
        "sellinggeneralandadministrativeexpense": 295000000,
        "depreciation": 19000000,
        "amortizationofintangibleassets": 32000000,
        "costsandexpenses": 839000000,
        "gainlossonsaleofbusiness": 1000000,
        "operatingincomeloss": 1105000000,
        "othernonoperatingincomeexpense": 10000000,
        "interestincomeexpensenet": -40000000,
        "incomelossfromcontinuingoperationsbeforeincometaxesextraordinaryitemsnoncontrollinginterest": 1075000000,
        "incometaxexpensebenefit": 233000000,
        "profitloss": 842000000,
        "netincomelossattributabletononcontrollinginterest": 50000000,
        "netincomeloss": 792000000,
        "earningspersharebasic": 3.28,
        "earningspersharediluted": 3.2800000000000002,
        "weightedaveragenumberofsharesoutstandingbasic": -600000,
        "weightedaveragenumberofdilutedsharesoutstanding": -700000,
        "sharesoutstanding": 100000,
        "othercomprehensiveincomelossforeigncurrencytransactionandtranslationadjustmentbeforetax": -17000000,
        "othercomprehensiveincomelossforeigncurrencytranslationadjustmenttax": 4000000,
        "othercomprehensiveincomelossforeigncurrencytransactionandtranslationadjustmentnetoftax": -21000000,
        "othercomprehensiveincomelosspensionandotherpostretirementbenefitplansadjustmentbeforetax": 37000000,
        "othercomprehensiveincomelosspensionandotherpostretirementbenefitplanstax": 10000000,
        "othercomprehensiveincomelosspensionandotherpostretirementbenefitplansadjustmentnetoftax": 27000000,
        "othercomprehensiveincomelosscashflowhedgegainlossafterreclassificationbeforetax": 5000000,
        "othercomprehensiveincomelosscashflowhedgegainlossafterreclassificationtax": 1000000,
        "othercomprehensiveincomelosscashflowhedgegainlossafterreclassificationandtax": 4000000,
        "comprehensiveincomenetoftaxincludingportionattributabletononcontrollinginterest": 798000000,
        "comprehensiveincomelossnetoftaxattributabletononredeemablenoncontrollinginterest": 4000000,
        "comprehensiveincomelossnetoftaxattributabletoredeemablenoncontrollinginterest": 46000000,
        "comprehensiveincomenetoftax": 748000000
    },
    {
        "date": "2020-03-30",
        "symbol": "SPGI",
        "period": "Q1",
        "revenuefromcontractwithcustomerexcludingassessedtax": 1786000000,
        "costofrevenue": 521000000,
        "sellinggeneralandadministrativeexpense": 311000000,
        "depreciation": 20000000,
        "amortizationofintangibleassets": 29000000,
        "costsandexpenses": 881000000,
        "gainlossonsaleofbusiness": 7000000,
        "operatingincomeloss": 912000000,
        "othernonoperatingincomeexpense": -1000000,
        "interestincomeexpensenet": -34000000,
        "incomelossfromcontinuingoperationsbeforeincometaxesextraordinaryitemsnoncontrollinginterest": 877000000,
        "incometaxexpensebenefit": 188000000,
        "profitloss": 689000000,
        "netincomelossattributabletononcontrollinginterest": 50000000,
        "netincomeloss": 639000000,
        "earningspersharebasic": 2.64,
        "earningspersharediluted": 2.62,
        "weightedaveragenumberofsharesoutstandingbasic": 242100000,
        "weightedaveragenumberofdilutedsharesoutstanding": 243300000,
        "sharesoutstanding": 240900000,
        "othercomprehensiveincomelossforeigncurrencytransactionandtranslationadjustmentbeforetax": -37000000,
        "othercomprehensiveincomelossforeigncurrencytranslationadjustmenttax": -6000000,
        "othercomprehensiveincomelossforeigncurrencytransactionandtranslationadjustmentnetoftax": -31000000,
        "othercomprehensiveincomelosspensionandotherpostretirementbenefitplansadjustmentbeforetax": -3000000,
        "othercomprehensiveincomelosspensionandotherpostretirementbenefitplanstax": -1000000,
        "othercomprehensiveincomelosspensionandotherpostretirementbenefitplansadjustmentnetoftax": -2000000,
        "othercomprehensiveincomelosscashflowhedgegainlossafterreclassificationbeforetax": -9000000,
        "othercomprehensiveincomelosscashflowhedgegainlossafterreclassificationtax": -2000000,
        "othercomprehensiveincomelosscashflowhedgegainlossafterreclassificationandtax": -7000000,
        "comprehensiveincomenetoftaxincludingportionattributabletononcontrollinginterest": 653000000,
        "comprehensiveincomelossnetoftaxattributabletononredeemablenoncontrollinginterest": 1000000,
        "comprehensiveincomelossnetoftaxattributabletoredeemablenoncontrollinginterest": 49000000,
        "comprehensiveincomenetoftax": 603000000
    },
    {
        "date": "2019-12-30",
        "symbol": "SPGI",
        "period": "Q4",
        "profitloss": 586000000,
        "othercomprehensiveincomelossforeigncurrencytransactionandtranslationadjustmentbeforetax": 43000000,
        "othercomprehensiveincomelossforeigncurrencytranslationadjustmenttax": -2000000,
        "othercomprehensiveincomelossforeigncurrencytransactionandtranslationadjustmentnetoftax": 45000000,
        "comprehensiveincomenetoftaxincludingportionattributabletononcontrollinginterest": 646000000,
        "comprehensiveincomenetoftax": 601000000,
        "revenuefromcontractwithcustomerexcludingassessedtax": 1735000000,
        "costofrevenue": 464000000,
        "sellinggeneralandadministrativeexpense": 402000000,
        "depreciation": 21000000,
        "amortizationofintangibleassets": 30000000,
        "costsandexpenses": 917000000,
        "operatingincomeloss": 818000000,
        "othernonoperatingincomeexpense": 6000000,
        "incomelossfromcontinuingoperationsbeforeincometaxesextraordinaryitemsnoncontrollinginterest": 731000000,
        "incometaxexpensebenefit": 145000000,
        "netincomeloss": 541000000,
        "earningspersharebasic": 2.2200000000000006,
        "earningspersharediluted": 2.1999999999999997,
        "weightedaveragenumberofsharesoutstandingbasic": -500000,
        "weightedaveragenumberofdilutedsharesoutstanding": -500000
    },
    {
        "date": "2019-09-29",
        "symbol": "SPGI",
        "period": "Q3",
        "profitloss": 662000000,
        "othercomprehensiveincomelossforeigncurrencytransactionandtranslationadjustmentbeforetax": -34000000,
        "othercomprehensiveincomelossforeigncurrencytranslationadjustmenttax": -2000000,
        "othercomprehensiveincomelossforeigncurrencytransactionandtranslationadjustmentnetoftax": -32000000,
        "othercomprehensiveincomelosspensionandotherpostretirementbenefitplanstax": 0,
        "othercomprehensiveincomeunrealizedgainlossonderivativesarisingduringperiodnetoftax": -3000000,
        "comprehensiveincomenetoftaxincludingportionattributabletononcontrollinginterest": 629000000,
        "comprehensiveincomelossnetoftaxattributabletononredeemablenoncontrollinginterest": 1000000,
        "comprehensiveincomelossnetoftaxattributabletoredeemablenoncontrollinginterest": 44000000,
        "comprehensiveincomenetoftax": 584000000,
        "revenuefromcontractwithcustomerexcludingassessedtax": 1689000000,
        "costofrevenue": 439000000,
        "sellinggeneralandadministrativeexpense": 360000000,
        "depreciation": 20000000,
        "amortizationofintangibleassets": 91000000,
        "costsandexpenses": 848000000,
        "operatingincomeloss": 890000000,
        "othernonoperatingincomeexpense": -7000000,
        "interestincomeexpensenet": -32000000,
        "incomelossfromcontinuingoperationsbeforeincometaxesextraordinaryitemsnoncontrollinginterest": 851000000,
        "incometaxexpensebenefit": 189000000,
        "netincomelossattributabletononcontrollinginterest": 45000000,
        "netincomeloss": 617000000,
        "earningspersharebasic": 2.51,
        "earningspersharediluted": 2.5100000000000002,
        "weightedaveragenumberofsharesoutstandingbasic": -500000,
        "weightedaveragenumberofdilutedsharesoutstanding": -500000
    },
    {
        "date": "2019-06-29",
        "symbol": "SPGI",
        "period": "Q2",
        "profitloss": 602000000,
        "othercomprehensiveincomelossforeigncurrencytransactionandtranslationadjustmentbeforetax": -16000000,
        "othercomprehensiveincomelossforeigncurrencytranslationadjustmenttax": -2000000,
        "othercomprehensiveincomelossforeigncurrencytransactionandtranslationadjustmentnetoftax": -14000000,
        "othercomprehensiveincomelosspensionandotherpostretirementbenefitplansadjustmentbeforetax": 0,
        "othercomprehensiveincomelosspensionandotherpostretirementbenefitplanstax": -27000000,
        "othercomprehensiveincomelosspensionandotherpostretirementbenefitplansadjustmentnetoftax": 0,
        "othercomprehensiveincomeunrealizedgainlossonderivativesarisingduringperiodnetoftax": -2000000,
        "comprehensiveincomenetoftaxincludingportionattributabletononcontrollinginterest": 584000000,
        "comprehensiveincomelossnetoftaxattributabletononredeemablenoncontrollinginterest": 3000000,
        "comprehensiveincomelossnetoftaxattributabletoredeemablenoncontrollinginterest": 44000000,
        "comprehensiveincomenetoftax": 537000000,
        "revenuefromcontractwithcustomerexcludingassessedtax": 2047000000,
        "costofrevenue": 459000000,
        "sellinggeneralandadministrativeexpense": 380000000,
        "depreciation": 21000000,
        "amortizationofintangibleassets": -31000000,
        "costsandexpenses": 891000000,
        "operatingincomeloss": 813000000,
        "othernonoperatingincomeexpense": 6000000,
        "interestincomeexpensenet": -37000000,
        "incomelossfromcontinuingoperationsbeforeincometaxesextraordinaryitemsnoncontrollinginterest": 782000000,
        "incometaxexpensebenefit": 180000000,
        "netincomelossattributabletononcontrollinginterest": 47000000,
        "netincomeloss": 555000000,
        "earningspersharebasic": 2.26,
        "earningspersharediluted": 2.24,
        "weightedaveragenumberofsharesoutstandingbasic": -300000,
        "weightedaveragenumberofdilutedsharesoutstanding": -400000,
        "actualsharesoutstandingatperiodend": 200000
    },
    {
        "date": "2019-03-30",
        "symbol": "SPGI",
        "period": "Q1",
        "profitloss": 453000000,
        "othercomprehensiveincomelossforeigncurrencytransactionandtranslationadjustmentbeforetax": 17000000,
        "othercomprehensiveincomelossforeigncurrencytranslationadjustmenttax": -2000000,
        "othercomprehensiveincomelossforeigncurrencytransactionandtranslationadjustmentnetoftax": 19000000,
        "othercomprehensiveincomelosspensionandotherpostretirementbenefitplansadjustmentbeforetax": -114000000,
        "othercomprehensiveincomelosspensionandotherpostretirementbenefitplanstax": -1000000,
        "othercomprehensiveincomelosspensionandotherpostretirementbenefitplansadjustmentnetoftax": -86000000,
        "othercomprehensiveincomelosscashflowhedgegainlossafterreclassificationbeforetax": 5000000,
        "othercomprehensiveincomelosscashflowhedgegainlossafterreclassificationtax": 1000000,
        "othercomprehensiveincomelosscashflowhedgegainlossafterreclassificationandtax": 4000000,
        "othercomprehensiveincomeunrealizedgainlossonderivativesarisingduringperiodnetoftax": 6000000,
        "comprehensiveincomenetoftaxincludingportionattributabletononcontrollinginterest": 562000000,
        "comprehensiveincomelossnetoftaxattributabletononredeemablenoncontrollinginterest": 3000000,
        "comprehensiveincomelossnetoftaxattributabletoredeemablenoncontrollinginterest": 40000000,
        "comprehensiveincomenetoftax": 519000000,
        "revenuefromcontractwithcustomerexcludingassessedtax": 1228000000,
        "costofrevenue": 439000000,
        "sellinggeneralandadministrativeexpense": 375000000,
        "depreciation": 20000000,
        "amortizationofintangibleassets": 32000000,
        "costsandexpenses": 866000000,
        "operatingincomeloss": 705000000,
        "othernonoperatingincomeexpense": -103000000,
        "interestincomeexpensenet": -36000000,
        "incomelossfromcontinuingoperationsbeforeincometaxesextraordinaryitemsnoncontrollinginterest": 566000000,
        "incometaxexpensebenefit": 113000000,
        "netincomelossattributabletononcontrollinginterest": 43000000,
        "netincomeloss": 410000000,
        "earningspersharebasic": 1.66,
        "earningspersharediluted": 1.65,
        "weightedaveragenumberofsharesoutstandingbasic": 246700000,
        "weightedaveragenumberofdilutedsharesoutstanding": 248300000,
        "actualsharesoutstandingatperiodend": 246100000,
        "commonstockdividendspersharedeclared": 0.57
    },
    {
        "date": "2018-12-30",
        "symbol": "SPGI",
        "period": "Q4",
        "profitloss": -1040000000,
        "othercomprehensiveincomelossforeigncurrencytransactionandtranslationadjustmentbeforetax": -43000000,
        "othercomprehensiveincomelossforeigncurrencytranslationadjustmenttax": 3000000,
        "othercomprehensiveincomelossforeigncurrencytransactionandtranslationadjustmentnetoftax": -46000000,
        "othercomprehensiveincomelosspensionandotherpostretirementbenefitplansadjustmentbeforetax": 8000000,
        "othercomprehensiveincomelosspensionandotherpostretirementbenefitplansadjustmentnetoftax": 6000000,
        "comprehensiveincomenetoftaxincludingportionattributabletononcontrollinginterest": -1041000000,
        "comprehensiveincomenetoftax": 472000000,
        "costofrevenue": -40000000,
        "sellinggeneralandadministrativeexpense": 34000000,
        "amortizationofintangibleassets": 0,
        "operatingincomeloss": 357000000,
        "othernonoperatingincomeexpense": 3000000,
        "incomelossfromcontinuingoperationsbeforeincometaxesextraordinaryitemsnoncontrollinginterest": -269000000,
        "incometaxexpensebenefit": 38000000,
        "netincomeloss": -1080000000,
        "earningspersharebasic": 2.0500000000000003,
        "earningspersharediluted": 2.0300000000000002,
        "weightedaveragenumberofsharesoutstandingbasic": -700000,
        "weightedaveragenumberofdilutedsharesoutstanding": -500000,
        "commonstockdividendspersharedeclared": 0.5
    },
    {
        "date": "2018-09-29",
        "symbol": "SPGI",
        "period": "Q3",
        "profitloss": -484000000,
        "othercomprehensiveincomelossforeigncurrencytransactionandtranslationadjustmentbeforetax": -1000000,
        "othercomprehensiveincomelossforeigncurrencytranslationadjustmenttax": -2000000,
        "othercomprehensiveincomelossforeigncurrencytransactionandtranslationadjustmentnetoftax": 1000000,
        "othercomprehensiveincomelosspensionandotherpostretirementbenefitplansadjustmentbeforetax": -5000000,
        "othercomprehensiveincomelosspensionandotherpostretirementbenefitplansadjustmentnetoftax": -4000000,
        "othercomprehensiveincomeunrealizedgainlossonderivativesarisingduringperiodbeforetax": -3000000,
        "othercomprehensiveincomeunrealizedgainlossonderivativesarisingduringperiodnetoftax": -5000000,
        "comprehensiveincomenetoftaxincludingportionattributabletononcontrollinginterest": -483000000,
        "comprehensiveincomelossnetoftaxattributabletononredeemablenoncontrollinginterest": 3000000,
        "comprehensiveincomelossnetoftaxattributabletoredeemablenoncontrollinginterest": 36000000,
        "comprehensiveincomenetoftax": 498000000,
        "costofrevenue": -39000000,
        "sellinggeneralandadministrativeexpense": 41000000,
        "depreciationnonproduction": 20000000,
        "amortizationofintangibleassets": 1000000,
        "costsandexpenses": -39000000,
        "operatingincomeloss": 396000000,
        "othernonoperatingincomeexpense": 6000000,
        "incomelossfromcontinuingoperationsbeforeincometaxesextraordinaryitemsnoncontrollinginterest": -4000000,
        "incometaxexpensebenefit": -65000000,
        "netincomelossattributabletononcontrollinginterest": 39000000,
        "netincomeloss": -523000000,
        "earningspersharebasic": 1.9700000000000002,
        "earningspersharediluted": 1.95,
        "weightedaveragenumberofsharesoutstandingbasic": -100000,
        "weightedaveragenumberofdilutedsharesoutstanding": -100000,
        "actualsharesoutstandingatperiodend": -500000,
        "commonstockdividendspersharedeclared": 0.5
    },
    {
        "date": "2018-06-29",
        "symbol": "SPGI",
        "period": "Q2",
        "profitloss": -1107000000,
        "othercomprehensiveincomelossforeigncurrencytransactionandtranslationadjustmentbeforetax": -75000000,
        "othercomprehensiveincomelossforeigncurrencytranslationadjustmenttax": -15000000,
        "othercomprehensiveincomelossforeigncurrencytransactionandtranslationadjustmentnetoftax": -60000000,
        "othercomprehensiveincomelosspensionandotherpostretirementbenefitplansadjustmentbeforetax": 15000000,
        "othercomprehensiveincomelosspensionandotherpostretirementbenefitplanstax": 0,
        "othercomprehensiveincomelosspensionandotherpostretirementbenefitplansadjustmentnetoftax": 11000000,
        "othercomprehensiveincomeunrealizedgainlossonderivativesarisingduringperiodbeforetax": -4000000,
        "othercomprehensiveincomeunrealizedgainlossonderivativesarisingduringperiodnetoftax": -5000000,
        "comprehensiveincomenetoftaxincludingportionattributabletononcontrollinginterest": -1102000000,
        "comprehensiveincomelossnetoftaxattributabletononredeemablenoncontrollinginterest": 5000000,
        "comprehensiveincomelossnetoftaxattributabletoredeemablenoncontrollinginterest": 36000000,
        "comprehensiveincomenetoftax": 385000000,
        "costofrevenue": -39000000,
        "sellinggeneralandadministrativeexpense": 71000000,
        "depreciationnonproduction": 19000000,
        "amortizationofintangibleassets": -23000000,
        "costsandexpenses": -39000000,
        "operatingincomeloss": 369000000,
        "othernonoperatingincomeexpense": 12000000,
        "incomelossfromcontinuingoperationsbeforeincometaxesextraordinaryitemsnoncontrollinginterest": -295000000,
        "incometaxexpensebenefit": 27000000,
        "netincomelossattributabletononcontrollinginterest": 41000000,
        "netincomeloss": -1148000000,
        "earningspersharebasic": 1.8399999999999999,
        "earningspersharediluted": 1.82,
        "weightedaveragenumberofsharesoutstandingbasic": -700000,
        "weightedaveragenumberofdilutedsharesoutstanding": -600000,
        "actualsharesoutstandingatperiodend": 2000000,
        "commonstockdividendspersharedeclared": 0.5
    },
    {
        "date": "2018-03-30",
        "symbol": "SPGI",
        "period": "Q1",
        "profitloss": -2528000000,
        "othercomprehensiveincomelossforeigncurrencytransactionandtranslationadjustmentbeforetax": 23000000,
        "othercomprehensiveincomelossforeigncurrencytranslationadjustmenttax": 18000000,
        "othercomprehensiveincomelossforeigncurrencytransactionandtranslationadjustmentnetoftax": 5000000,
        "othercomprehensiveincomelosspensionandotherpostretirementbenefitplansadjustmentbeforetax": -4000000,
        "othercomprehensiveincomelosspensionandotherpostretirementbenefitplanstax": 1000000,
        "othercomprehensiveincomelosspensionandotherpostretirementbenefitplansadjustmentnetoftax": -3000000,
        "othercomprehensiveincomeunrealizedgainlossonderivativesarisingduringperiodbeforetax": 1000000,
        "othercomprehensiveincomeunrealizedgainlossonderivativesarisingduringperiodnetoftax": 1000000,
        "comprehensiveincomenetoftaxincludingportionattributabletononcontrollinginterest": -2533000000,
        "comprehensiveincomelossnetoftaxattributabletononredeemablenoncontrollinginterest": 3000000,
        "comprehensiveincomelossnetoftaxattributabletoredeemablenoncontrollinginterest": 40000000,
        "comprehensiveincomenetoftax": 500000000,
        "revenues": 748000000,
        "costofrevenue": -35000000,
        "sellinggeneralandadministrativeexpense": 37000000,
        "depreciationnonproduction": 21000000,
        "amortizationofintangibleassets": 24000000,
        "costsandexpenses": -35000000,
        "operatingincomeloss": 408000000,
        "othernonoperatingincomeexpense": 4000000,
        "interestexpense": 38000000,
        "incomelossfromcontinuingoperationsbeforeincometaxesextraordinaryitemsnoncontrollinginterest": -1016000000,
        "incometaxexpensebenefit": -14000000,
        "netincomelossattributabletononcontrollinginterest": 43000000,
        "netincomeloss": -2571000000,
        "earningspersharebasic": 1.94,
        "earningspersharediluted": 1.93,
        "weightedaveragenumberofsharesoutstandingbasic": 252400000,
        "weightedaveragenumberofdilutedsharesoutstanding": 254400000,
        "actualsharesoutstandingatperiodend": 249400000,
        "commonstockdividendspersharedeclared": 0.5
    },
    {
        "date": "2017-12-30",
        "symbol": "SPGI",
        "period": "Q4",
        "profitloss": -1784000000,
        "othercomprehensiveincomelossforeigncurrencytransactionandtranslationadjustmentbeforetax": -3000000,
        "othercomprehensiveincomelossforeigncurrencytransactionandtranslationadjustmentnetoftax": -3000000,
        "othercomprehensiveincomelosspensionandotherpostretirementbenefitplanstax": -8000000,
        "othercomprehensiveincomelosspensionandotherpostretirementbenefitplansadjustmentnetoftax": -32000000,
        "comprehensiveincomenetoftaxincludingportionattributabletononcontrollinginterest": -1783000000,
        "comprehensiveincomenetoftax": 291000000,
        "revenues": 411000000,
        "costofrevenue": -36000000,
        "sellinggeneralandadministrativeexpense": 54000000,
        "depreciation": 8000000,
        "amortizationofintangibleassets": 1000000,
        "operatingincomeloss": 375000000,
        "interestexpense": 44000000,
        "incomelossfromcontinuingoperationsbeforeincometaxesextraordinaryitemsnoncontrollinginterest": -673000000,
        "incometaxexpensebenefit": 117000000,
        "netincomeloss": -1821000000,
        "earningspersharebasic": 1.0400000000000005,
        "earningspersharediluted": 1.0300000000000005,
        "weightedaveragenumberofsharesoutstandingbasic": -700000,
        "weightedaveragenumberofdilutedsharesoutstanding": -600000,
        "commonstockdividendspersharedeclared": 0.40999999999999986
    },
    {
        "date": "2017-09-29",
        "symbol": "SPGI",
        "period": "Q3",
        "profitloss": -419000000,
        "othercomprehensiveincomelossforeigncurrencytransactionandtranslationadjustmentbeforetax": 24000000,
        "othercomprehensiveincomelossforeigncurrencytransactionandtranslationadjustmentnetoftax": 24000000,
        "othercomprehensiveincomelosspensionandotherpostretirementbenefitplanstax": -1000000,
        "othercomprehensiveincomelosspensionandotherpostretirementbenefitplansadjustmentnetoftax": -2000000,
        "comprehensiveincomenetoftaxincludingportionattributabletononcontrollinginterest": -423000000,
        "comprehensiveincomelossnetoftaxattributabletononredeemablenoncontrollinginterest": 4000000,
        "comprehensiveincomelossnetoftaxattributabletoredeemablenoncontrollinginterest": 34000000,
        "comprehensiveincomenetoftax": 435000000,
        "revenues": 356000000,
        "costofrevenue": -35000000,
        "sellinggeneralandadministrativeexpense": 63000000,
        "depreciation": 8000000,
        "amortizationofintangibleassets": 1000000,
        "costsandexpenses": -35000000,
        "operatingincomeloss": 376000000,
        "interestexpense": 40000000,
        "incomelossfromcontinuingoperationsbeforeincometaxesextraordinaryitemsnoncontrollinginterest": -10000000,
        "incometaxexpensebenefit": -44000000,
        "netincomelossattributabletononcontrollinginterest": 38000000,
        "netincomeloss": -457000000,
        "earningspersharebasic": 1.6199999999999997,
        "earningspersharediluted": 1.5999999999999999,
        "weightedaveragenumberofsharesoutstandingbasic": -700000,
        "weightedaveragenumberofdilutedsharesoutstanding": -900000,
        "actualsharesoutstandingatperiodend": -2000000,
        "commonstockdividendspersharedeclared": 0.4100000000000001
    },
    {
        "date": "2017-06-29",
        "symbol": "SPGI",
        "period": "Q2",
        "profitloss": -1718000000,
        "othercomprehensiveincomelossforeigncurrencytransactionandtranslationadjustmentbeforetax": 42000000,
        "othercomprehensiveincomelossforeigncurrencytransactionandtranslationadjustmentnetoftax": 42000000,
        "othercomprehensiveincomelosspensionandotherpostretirementbenefitplansadjustmentbeforetax": 0,
        "othercomprehensiveincomelosspensionandotherpostretirementbenefitplanstax": -1000000,
        "othercomprehensiveincomelosspensionandotherpostretirementbenefitplansadjustmentnetoftax": -2000000,
        "comprehensiveincomenetoftaxincludingportionattributabletononcontrollinginterest": -1712000000,
        "comprehensiveincomelossnetoftaxattributabletononredeemablenoncontrollinginterest": 5000000,
        "comprehensiveincomelossnetoftaxattributabletoredeemablenoncontrollinginterest": 31000000,
        "comprehensiveincomenetoftax": 457000000,
        "revenues": 738000000,
        "costofrevenue": -35000000,
        "sellinggeneralandadministrativeexpense": 25000000,
        "depreciation": 8000000,
        "amortizationofintangibleassets": -22000000,
        "costsandexpenses": -35000000,
        "operatingincomeloss": 651000000,
        "interestexpense": 40000000,
        "incomelossfromcontinuingoperationsbeforeincometaxesextraordinaryitemsnoncontrollinginterest": -654000000,
        "incometaxexpensebenefit": -36000000,
        "netincomelossattributabletononcontrollinginterest": 36000000,
        "netincomeloss": -1754000000,
        "earningspersharebasic": 1.6400000000000001,
        "earningspersharediluted": 1.6199999999999999,
        "weightedaveragenumberofsharesoutstandingbasic": -500000,
        "weightedaveragenumberofdilutedsharesoutstanding": -400000,
        "actualsharesoutstandingatperiodend": -800000,
        "commonstockdividendspersharedeclared": 0.41
    },
    {
        "date": "2017-03-30",
        "symbol": "SPGI",
        "period": "Q1",
        "profitloss": -2062000000,
        "othercomprehensiveincomelossforeigncurrencytransactionandtranslationadjustmentbeforetax": 30000000,
        "othercomprehensiveincomelossforeigncurrencytransactionandtranslationadjustmentnetoftax": 30000000,
        "othercomprehensiveincomelosspensionandotherpostretirementbenefitplansadjustmentbeforetax": -4000000,
        "othercomprehensiveincomelosspensionandotherpostretirementbenefitplanstax": -1000000,
        "othercomprehensiveincomelosspensionandotherpostretirementbenefitplansadjustmentnetoftax": -3000000,
        "othercomprehensiveincomelossavailableforsalesecuritiesadjustmentbeforetax": 7000000,
        "othercomprehensiveincomelossavailableforsalesecuritiestax": 2000000,
        "othercomprehensiveincomelossavailableforsalesecuritiesadjustmentnetoftax": 5000000,
        "comprehensiveincomenetoftaxincludingportionattributabletononcontrollinginterest": -2064000000,
        "comprehensiveincomelossnetoftaxattributabletononredeemablenoncontrollinginterest": 1000000,
        "comprehensiveincomelossnetoftaxattributabletoredeemablenoncontrollinginterest": 30000000,
        "comprehensiveincomenetoftax": 437000000,
        "revenues": -32000000,
        "costofrevenue": -32000000,
        "sellinggeneralandadministrativeexpense": 20000000,
        "depreciation": 7000000,
        "amortizationofintangibleassets": 24000000,
        "costsandexpenses": -32000000,
        "operatingincomeloss": 122000000,
        "interestexpense": 39000000,
        "incomelossfromcontinuingoperationsbeforeincometaxesextraordinaryitemsnoncontrollinginterest": -838000000,
        "incometaxexpensebenefit": -11000000,
        "netincomelossattributabletononcontrollinginterest": 31000000,
        "netincomeloss": -2093000000,
        "earningspersharebasic": 1.54,
        "earningspersharediluted": 1.53,
        "weightedaveragenumberofsharesoutstandingbasic": 258200000,
        "weightedaveragenumberofdilutedsharesoutstanding": 260800000,
        "actualsharesoutstandingatperiodend": 257800000,
        "commonstockdividendspersharedeclared": 0.41
    },
    {
        "date": "2016-12-30",
        "symbol": "SPGI",
        "period": "Q4",
        "profitloss": -737000000,
        "othercomprehensiveincomelossforeigncurrencytransactionandtranslationadjustmentbeforetax": -77000000,
        "othercomprehensiveincomelossforeigncurrencytransactionandtranslationadjustmentnetoftax": -87000000,
        "othercomprehensiveincomelosspensionandotherpostretirementbenefitplansadjustmentbeforetax": 46000000,
        "othercomprehensiveincomelosspensionandotherpostretirementbenefitplanstax": -6000000,
        "othercomprehensiveincomelosspensionandotherpostretirementbenefitplansadjustmentnetoftax": 64000000,
        "othercomprehensiveincomelossavailableforsalesecuritiesadjustmentnetoftax": 0,
        "comprehensiveincomenetoftaxincludingportionattributabletononcontrollinginterest": -738000000,
        "comprehensiveincomenetoftax": 399000000,
        "revenues": 359000000,
        "costofrevenue": -31000000,
        "sellinggeneralandadministrativeexpense": 18000000,
        "depreciation": 10000000,
        "amortizationofintangibleassets": -2000000,
        "operatingincomeloss": -1343000000,
        "interestexpense": 62000000,
        "incomelossfromcontinuingoperationsbeforeincometaxesextraordinaryitemsnoncontrollinginterest": -116000000,
        "incometaxexpensebenefit": 109000000,
        "netincomeloss": -769000000,
        "earningspersharebasic": 2.079999999999999,
        "earningspersharediluted": 2.0500000000000016,
        "weightedaveragenumberofsharesoutstandingbasic": -1300000,
        "weightedaveragenumberofdilutedsharesoutstanding": -1200000,
        "commonstockdividendspersharedeclared": 0.3599999999999999
    },
    {
        "date": "2016-09-29",
        "symbol": "SPGI",
        "period": "Q3",
        "profitloss": -515000000,
        "othercomprehensiveincomelossforeigncurrencytransactionandtranslationadjustmentbeforetax": -15000000,
        "othercomprehensiveincomelossforeigncurrencytransactionandtranslationadjustmentnetoftax": -11000000,
        "othercomprehensiveincomelosspensionandotherpostretirementbenefitplansadjustmentbeforetax": -3000000,
        "othercomprehensiveincomelosspensionandotherpostretirementbenefitplanstax": -2000000,
        "othercomprehensiveincomelosspensionandotherpostretirementbenefitplansadjustmentnetoftax": -2000000,
        "othercomprehensiveincomelossavailableforsalesecuritiesadjustmentnetoftax": 1000000,
        "comprehensiveincomenetoftaxincludingportionattributabletononcontrollinginterest": -496000000,
        "comprehensiveincomelossnetoftaxattributabletononredeemablenoncontrollinginterest": 3000000,
        "comprehensiveincomelossnetoftaxattributabletoredeemablenoncontrollinginterest": 29000000,
        "comprehensiveincomenetoftax": 884000000,
        "revenues": 335000000,
        "costofrevenue": -33000000,
        "sellinggeneralandadministrativeexpense": 44000000,
        "depreciation": 9000000,
        "amortizationofintangibleassets": -32000000,
        "operatingincomeloss": 1378000000,
        "interestexpense": 43000000,
        "incomelossfromcontinuingoperationsbeforeincometaxesextraordinaryitemsnoncontrollinginterest": 18000000,
        "incometaxexpensebenefit": 184000000,
        "netincomelossattributabletononcontrollinginterest": 32000000,
        "netincomeloss": -547000000,
        "earningspersharebasic": 3.38,
        "earningspersharediluted": 3.349999999999999,
        "weightedaveragenumberofsharesoutstandingbasic": -600000,
        "weightedaveragenumberofdilutedsharesoutstanding": -600000,
        "actualsharesoutstandingatperiodend": -4800000,
        "commonstockdividendspersharedeclared": 0.3600000000000001
    },
    {
        "date": "2016-06-29",
        "symbol": "SPGI",
        "period": "Q2",
        "profitloss": -832000000,
        "othercomprehensiveincomelossforeigncurrencytransactionandtranslationadjustmentbeforetax": -54000000,
        "othercomprehensiveincomelossforeigncurrencytransactionandtranslationadjustmentnetoftax": -55000000,
        "othercomprehensiveincomelosspensionandotherpostretirementbenefitplansadjustmentbeforetax": -12000000,
        "othercomprehensiveincomelosspensionandotherpostretirementbenefitplanstax": -1000000,
        "othercomprehensiveincomelosspensionandotherpostretirementbenefitplansadjustmentnetoftax": -9000000,
        "othercomprehensiveincomelossavailableforsalesecuritiesadjustmentbeforetax": 0,
        "othercomprehensiveincomelossavailableforsalesecuritiesadjustmentnetoftax": -1000000,
        "comprehensiveincomenetoftaxincludingportionattributabletononcontrollinginterest": -850000000,
        "comprehensiveincomelossnetoftaxattributabletononredeemablenoncontrollinginterest": 2000000,
        "comprehensiveincomelossnetoftaxattributabletoredeemablenoncontrollinginterest": 27000000,
        "comprehensiveincomenetoftax": 336000000,
        "revenues": 339000000,
        "costofrevenue": -31000000,
        "sellinggeneralandadministrativeexpense": 34000000,
        "depreciation": 10000000,
        "amortizationofintangibleassets": 12000000,
        "operatingexpenses": -31000000,
        "operatingincomeloss": 1108000000,
        "interestexpense": 44000000,
        "incomelossfromcontinuingoperationsbeforeincometaxesextraordinaryitemsnoncontrollinginterest": -142000000,
        "incometaxexpensebenefit": -110000000,
        "netincomelossattributabletononcontrollinginterest": 29000000,
        "netincomeloss": -861000000,
        "earningspersharebasic": 1.45,
        "earningspersharediluted": 1.44,
        "weightedaveragenumberofsharesoutstandingbasic": -300000,
        "weightedaveragenumberofdilutedsharesoutstanding": -200000,
        "actualsharesoutstandingatperiodend": -600000,
        "commonstockdividendspersharedeclared": 0.36
    },
    {
        "date": "2016-03-30",
        "symbol": "SPGI",
        "period": "Q1",
        "profitloss": -1290000000,
        "othercomprehensiveincomelossforeigncurrencytransactionandtranslationadjustmentbeforetax": 14000000,
        "othercomprehensiveincomelossforeigncurrencytransactionandtranslationadjustmentnetoftax": 14000000,
        "othercomprehensiveincomelosspensionandotherpostretirementbenefitplansadjustmentbeforetax": -4000000,
        "othercomprehensiveincomelosspensionandotherpostretirementbenefitplanstax": -1000000,
        "othercomprehensiveincomelosspensionandotherpostretirementbenefitplansadjustmentnetoftax": -3000000,
        "othercomprehensiveincomelossavailableforsalesecuritiesadjustmentbeforetax": 3000000,
        "othercomprehensiveincomelossavailableforsalesecuritiesadjustmentnetoftax": 3000000,
        "comprehensiveincomenetoftaxincludingportionattributabletononcontrollinginterest": -1290000000,
        "comprehensiveincomelossnetoftaxattributabletononredeemablenoncontrollinginterest": 3000000,
        "comprehensiveincomelossnetoftaxattributabletoredeemablenoncontrollinginterest": 26000000,
        "comprehensiveincomenetoftax": 314000000,
        "revenues": 297000000,
        "costofrevenue": -31000000,
        "sellinggeneralandadministrativeexpense": 17000000,
        "depreciation": 9000000,
        "amortizationofintangibleassets": 24000000,
        "operatingexpenses": -31000000,
        "operatingincomeloss": 119000000,
        "interestexpense": 42000000,
        "incomelossfromcontinuingoperationsbeforeincometaxesextraordinaryitemsnoncontrollinginterest": -428000000,
        "incometaxexpensebenefit": 92000000,
        "netincomelossattributabletononcontrollinginterest": 29000000,
        "netincomeloss": -1319000000,
        "earningspersharebasic": 1.11,
        "earningspersharediluted": 1.1,
        "weightedaveragenumberofsharesoutstandingbasic": 265000000,
        "weightedaveragenumberofdilutedsharesoutstanding": 267200000,
        "actualsharesoutstandingatperiodend": 264500000,
        "commonstockdividendspersharedeclared": 0.36
    },
    {
        "date": "2015-12-30",
        "symbol": "SPGI",
        "period": "Q4",
        "profitloss": -360000000,
        "othercomprehensiveincomelossforeigncurrencytransactionandtranslationadjustmentbeforetax": -33000000,
        "othercomprehensiveincomelossforeigncurrencytransactionandtranslationadjustmentnetoftax": -32000000,
        "othercomprehensiveincomelosspensionandotherpostretirementbenefitplansadjustmentbeforetax": 25000000,
        "othercomprehensiveincomelosspensionandotherpostretirementbenefitplanstax": -14000000,
        "othercomprehensiveincomelosspensionandotherpostretirementbenefitplansadjustmentnetoftax": 21000000,
        "othercomprehensiveincomelossavailableforsalesecuritiesadjustmentbeforetax": 0,
        "othercomprehensiveincomelossavailableforsalesecuritiesadjustmentnetoftax": 0,
        "comprehensiveincomenetoftaxincludingportionattributabletononcontrollinginterest": -351000000,
        "comprehensiveincomenetoftax": 200000000,
        "revenues": -2673000000,
        "costofrevenue": -30000000,
        "sellinggeneralandadministrativeexpense": -34000000,
        "depreciation": 11000000,
        "amortizationofintangibleassets": -2000000,
        "operatingexpenses": -30000000,
        "operatingincomeloss": -508000000,
        "interestexpense": 43000000,
        "incomelossfromcontinuingoperationsbeforeincometaxesextraordinaryitemsnoncontrollinginterest": 12000000,
        "incometaxexpensebenefit": -50000000,
        "incomelossfromcontinuingoperationsincludingportionattributabletononcontrollinginterest": -2737000000,
        "incomelossfromcontinuingoperationsattributabletononcontrollingentity": 29000000,
        "netincomeloss": -389000000,
        "incomelossfromcontinuingoperations": 247000000,
        "incomelossfromcontinuingoperationsperbasicshare": 0.9299999999999999,
        "incomelossfromcontinuingoperationsperdilutedshare": 0.9100000000000006,
        "earningspersharebasic": 0.9299999999999999,
        "earningspersharediluted": 0.9100000000000006,
        "weightedaveragenumberofsharesoutstandingbasic": -1000000,
        "weightedaveragenumberofdilutedsharesoutstanding": -800000,
        "commonstockdividendspersharedeclared": 0.3300000000000001
    },
    {
        "date": "2015-09-29",
        "symbol": "SPGI",
        "period": "Q3",
        "profitloss": -2095000000,
        "othercomprehensiveincomelossforeigncurrencytransactionandtranslationadjustmentbeforetax": -46000000,
        "othercomprehensiveincomelossforeigncurrencytransactionandtranslationadjustmentnetoftax": -44000000,
        "othercomprehensiveincomelosspensionandotherpostretirementbenefitplansadjustmentbeforetax": -5000000,
        "othercomprehensiveincomelosspensionandotherpostretirementbenefitplanstax": 19000000,
        "othercomprehensiveincomelosspensionandotherpostretirementbenefitplansadjustmentnetoftax": -3000000,
        "othercomprehensiveincomelossavailableforsalesecuritiesadjustmentbeforetax": -1000000,
        "othercomprehensiveincomelossavailableforsalesecuritiesadjustmentnetoftax": -1000000,
        "comprehensiveincomenetoftaxincludingportionattributabletononcontrollinginterest": -2103000000,
        "comprehensiveincomelossnetoftaxattributabletononredeemablenoncontrollinginterest": 2000000,
        "comprehensiveincomelossnetoftaxattributabletoredeemablenoncontrollinginterest": 27000000,
        "comprehensiveincomenetoftax": 211000000,
        "revenues": 1323000000,
        "costofrevenue": -897000000,
        "sellinggeneralandadministrativeexpense": -383000000,
        "depreciation": -15000000,
        "amortizationofintangibleassets": -18000000,
        "operatingexpenses": -1628000000,
        "operatingincomeloss": 478000000,
        "interestexpense": 37000000,
        "incomelossfromcontinuingoperationsbeforeincometaxesextraordinaryitemsnoncontrollinginterest": -1194000000,
        "incometaxexpensebenefit": -398000000,
        "incomelossfromcontinuingoperationsincludingportionattributabletononcontrollinginterest": 282000000,
        "incomelossfromcontinuingoperationsattributabletononcontrollingentity": 29000000,
        "netincomeloss": -2124000000,
        "incomelossfromcontinuingoperations": 253000000,
        "incomelossfromcontinuingoperationsperbasicshare": 0.9299999999999999,
        "incomelossfromcontinuingoperationsperdilutedshare": 0.9199999999999995,
        "earningspersharebasic": 0.9299999999999999,
        "earningspersharediluted": 0.9199999999999995,
        "weightedaveragenumberofsharesoutstandingbasic": -274000000,
        "weightedaveragenumberofdilutedsharesoutstanding": -276600000,
        "commonstockdividendspersharedeclared": 0.3299999999999999
    },
    {
        "date": "2015-06-29",
        "symbol": "SPGI",
        "period": "Q2",
        "profitloss": 381000000,
        "othercomprehensiveincomelossforeigncurrencytransactionandtranslationadjustmentbeforetax": 50000000,
        "othercomprehensiveincomelossforeigncurrencytranslationadjustmenttax": 2000000,
        "othercomprehensiveincomelossforeigncurrencytransactionandtranslationadjustmentnetoftax": 48000000,
        "othercomprehensiveincomelosspensionandotherpostretirementbenefitplansadjustmentbeforetax": -51000000,
        "othercomprehensiveincomelosspensionandotherpostretirementbenefitplanstax": -16000000,
        "othercomprehensiveincomelosspensionandotherpostretirementbenefitplansadjustmentnetoftax": -35000000,
        "othercomprehensiveincomelossavailableforsalesecuritiesadjustmentbeforetax": -1000000,
        "othercomprehensiveincomelossavailableforsalesecuritiesadjustmentnetoftax": -1000000,
        "comprehensiveincomenetoftaxincludingportionattributabletononcontrollinginterest": 463000000,
        "comprehensiveincomelossnetoftaxattributabletononredeemablenoncontrollinginterest": 4000000,
        "comprehensiveincomelossnetoftaxattributabletoredeemablenoncontrollinginterest": 24000000,
        "comprehensiveincomenetoftax": 435000000,
        "revenues": 1342000000,
        "costofrevenue": 406000000,
        "sellinggeneralandadministrativeexpense": 332000000,
        "depreciation": 22000000,
        "amortizationofintangibleassets": 11000000,
        "operatingexpenses": 771000000,
        "otheroperatingincome": 11000000,
        "operatingincomeloss": 607000000,
        "interestexpense": 16000000,
        "incomelossfromcontinuingoperationsbeforeincometaxesextraordinaryitemsnoncontrollinginterest": 566000000,
        "incometaxexpensebenefit": 185000000,
        "incomelossfromcontinuingoperationsincludingportionattributabletononcontrollinginterest": 381000000,
        "incomelossfromcontinuingoperationsattributabletononcontrollingentity": 28000000,
        "netincomeloss": 353000000,
        "incomelossfromcontinuingoperations": 353000000,
        "incomelossfromcontinuingoperationsperbasicshare": 1.29,
        "incomelossfromcontinuingoperationsperdilutedshare": 1.28,
        "earningspersharebasic": 1.29,
        "earningspersharediluted": 1.28,
        "weightedaveragenumberofsharesoutstandingbasic": 273100000,
        "weightedaveragenumberofdilutedsharesoutstanding": 275700000,
        "commonstockdividendspersharedeclared": 0.33
    },
    {
        "date": "2015-03-30",
        "symbol": "SPGI",
        "period": "Q1",
        "profitloss": 329000000,
        "othercomprehensiveincomelossforeigncurrencytransactionandtranslationadjustmentbeforetax": -82000000,
        "othercomprehensiveincomelossforeigncurrencytransactionandtranslationadjustmentnetoftax": -82000000,
        "othercomprehensiveincomelosspensionandotherpostretirementbenefitplansadjustmentbeforetax": -3000000,
        "othercomprehensiveincomelosspensionandotherpostretirementbenefitplanstax": 2000000,
        "othercomprehensiveincomelosspensionandotherpostretirementbenefitplansadjustmentnetoftax": -2000000,
        "othercomprehensiveincomelossavailableforsalesecuritiesadjustmentbeforetax": 1000000,
        "othercomprehensiveincomelossavailableforsalesecuritiesadjustmentnetoftax": 1000000,
        "comprehensiveincomenetoftaxincludingportionattributabletononcontrollinginterest": 250000000,
        "comprehensiveincomelossnetoftaxattributabletononredeemablenoncontrollinginterest": 1000000,
        "comprehensiveincomelossnetoftaxattributabletoredeemablenoncontrollinginterest": 25000000,
        "comprehensiveincomenetoftax": 224000000,
        "revenues": 1273000000,
        "costofrevenue": 406000000,
        "sellinggeneralandadministrativeexpense": 333000000,
        "depreciation": 22000000,
        "amortizationofintangibleassets": 11000000,
        "operatingexpenses": 772000000,
        "operatingincomeloss": 501000000,
        "interestexpense": 16000000,
        "incomelossfromcontinuingoperationsbeforeincometaxesextraordinaryitemsnoncontrollinginterest": 485000000,
        "incometaxexpensebenefit": 156000000,
        "incomelossfromcontinuingoperationsincludingportionattributabletononcontrollinginterest": 329000000,
        "incomelossfromcontinuingoperationsattributabletononcontrollingentity": 26000000,
        "netincomeloss": 303000000,
        "incomelossfromcontinuingoperations": 303000000,
        "incomelossfromcontinuingoperationsperbasicshare": 1.11,
        "incomelossfromcontinuingoperationsperdilutedshare": 1.1,
        "earningspersharebasic": 1.11,
        "earningspersharediluted": 1.1,
        "weightedaveragenumberofsharesoutstandingbasic": 273500000,
        "weightedaveragenumberofdilutedsharesoutstanding": 276300000,
        "commonstockdividendspersharedeclared": 0.33
    },
    {
        "date": "2014-09-29",
        "symbol": "SPGI",
        "period": "Q3",
        "profitloss": 218000000,
        "othercomprehensiveincomelossforeigncurrencytransactionandtranslationadjustmentbeforetax": -69000000,
        "othercomprehensiveincomelossforeigncurrencytransactionandtranslationadjustmentnetoftax": -67000000,
        "othercomprehensiveincomelosspensionandotherpostretirementbenefitplansadjustmentbeforetax": 0,
        "othercomprehensiveincomelosspensionandotherpostretirementbenefitplanstax": 0,
        "othercomprehensiveincomelosspensionandotherpostretirementbenefitplansadjustmentnetoftax": 0,
        "othercomprehensiveincomelossavailableforsalesecuritiesadjustmentbeforetax": 0,
        "othercomprehensiveincomelossavailableforsalesecuritiesadjustmentnetoftax": 0,
        "comprehensiveincomenetoftaxincludingportionattributabletononcontrollinginterest": 151000000,
        "comprehensiveincomelossnetoftaxattributabletononredeemablenoncontrollinginterest": 4000000,
        "comprehensiveincomelossnetoftaxattributabletoredeemablenoncontrollinginterest": 23000000,
        "comprehensiveincomenetoftax": 124000000,
        "revenues": 143000000,
        "costofrevenue": 374000000,
        "sellinggeneralandadministrativeexpense": 427000000,
        "depreciation": 22000000,
        "amortizationofintangibleassets": 12000000,
        "operatingexpenses": 835000000,
        "operatingincomeloss": 182000000,
        "interestexpense": 12000000,
        "incomelossfromcontinuingoperationsbeforeincometaxesextraordinaryitemsnoncontrollinginterest": 333000000,
        "incometaxexpensebenefit": 130000000,
        "incomelossfromcontinuingoperationsincludingportionattributabletononcontrollinginterest": 203000000,
        "incomelossfromcontinuingoperationsattributabletononcontrollingentity": 27000000,
        "netincomeloss": 191000000,
        "incomelossfromcontinuingoperations": 176000000,
        "incomelossfromcontinuingoperationsperbasicshare": 0.65,
        "incomelossfromcontinuingoperationsperdilutedshare": 0.6399999999999998,
        "earningspersharebasic": 0.6999999999999998,
        "earningspersharediluted": 0.6900000000000001,
        "weightedaveragenumberofsharesoutstandingbasic": -300000,
        "weightedaveragenumberofdilutedsharesoutstanding": -500000,
        "commonstockdividendspersharedeclared": 0.3000000000000001
    },
    {
        "date": "2014-06-29",
        "symbol": "SPGI",
        "period": "Q2",
        "profitloss": 315000000,
        "othercomprehensiveincomelossforeigncurrencytransactionandtranslationadjustmentbeforetax": 9000000,
        "othercomprehensiveincomelossforeigncurrencytranslationadjustmenttax": 0,
        "othercomprehensiveincomelossforeigncurrencytransactionandtranslationadjustmentnetoftax": 9000000,
        "othercomprehensiveincomelosspensionandotherpostretirementbenefitplansadjustmentbeforetax": 56000000,
        "othercomprehensiveincomelosspensionandotherpostretirementbenefitplanstax": 3000000,
        "othercomprehensiveincomelosspensionandotherpostretirementbenefitplansadjustmentnetoftax": 34000000,
        "othercomprehensiveincomelossavailableforsalesecuritiesadjustmentbeforetax": 1000000,
        "othercomprehensiveincomelossavailableforsalesecuritiestax": 0,
        "othercomprehensiveincomelossavailableforsalesecuritiesadjustmentnetoftax": 1000000,
        "comprehensiveincomenetoftaxincludingportionattributabletononcontrollinginterest": 291000000,
        "comprehensiveincomelossnetoftaxattributabletononredeemablenoncontrollinginterest": 1000000,
        "comprehensiveincomelossnetoftaxattributabletoredeemablenoncontrollinginterest": 22000000,
        "comprehensiveincomenetoftax": 268000000,
        "revenues": 18000000,
        "costofrevenue": 420000000,
        "sellinggeneralandadministrativeexpense": 397000000,
        "depreciation": 21000000,
        "amortizationofintangibleassets": 12000000,
        "operatingexpenses": 850000000,
        "operatingincomeloss": 495000000,
        "interestexpense": 14000000,
        "incomelossfromcontinuingoperationsbeforeincometaxesextraordinaryitemsnoncontrollinginterest": 472000000,
        "incometaxexpensebenefit": 157000000,
        "incomelossfromcontinuingoperationsincludingportionattributabletononcontrollinginterest": 315000000,
        "incomelossfromcontinuingoperationsattributabletononcontrollingentity": 23000000,
        "netincomeloss": 292000000,
        "incomelossfromcontinuingoperations": 292000000,
        "incomelossfromcontinuingoperationsperbasicshare": 1.08,
        "incomelossfromcontinuingoperationsperdilutedshare": 1.06,
        "earningspersharebasic": 1.08,
        "earningspersharediluted": 1.06,
        "weightedaveragenumberofsharesoutstandingbasic": -100000,
        "weightedaveragenumberofdilutedsharesoutstanding": -500000,
        "commonstockdividendspersharedeclared": 0.3
    },
    {
        "date": "2014-03-30",
        "symbol": "SPGI",
        "period": "Q1",
        "profitloss": 275000000,
        "othercomprehensiveincomelossforeigncurrencytransactionandtranslationadjustmentbeforetax": 4000000,
        "othercomprehensiveincomelossforeigncurrencytranslationadjustmenttax": 1000000,
        "othercomprehensiveincomelossforeigncurrencytransactionandtranslationadjustmentnetoftax": 3000000,
        "othercomprehensiveincomelosspensionandotherpostretirementbenefitplansadjustmentbeforetax": -2000000,
        "othercomprehensiveincomelosspensionandotherpostretirementbenefitplanstax": -1000000,
        "othercomprehensiveincomelosspensionandotherpostretirementbenefitplansadjustmentnetoftax": -1000000,
        "othercomprehensiveincomelossavailableforsalesecuritiesadjustmentbeforetax": 3000000,
        "othercomprehensiveincomelossavailableforsalesecuritiestax": 1000000,
        "othercomprehensiveincomelossavailableforsalesecuritiesadjustmentnetoftax": 2000000,
        "comprehensiveincomenetoftaxincludingportionattributabletononcontrollinginterest": 281000000,
        "comprehensiveincomelossnetoftaxattributabletononredeemablenoncontrollinginterest": 3000000,
        "comprehensiveincomelossnetoftaxattributabletoredeemablenoncontrollinginterest": 24000000,
        "comprehensiveincomenetoftax": 254000000,
        "revenues": 251000000,
        "costofrevenue": 411000000,
        "sellinggeneralandadministrativeexpense": 362000000,
        "depreciation": 21000000,
        "amortizationofintangibleassets": 12000000,
        "operatingexpenses": 806000000,
        "operatingincomeloss": 53000000,
        "interestexpense": 14000000,
        "incomelossfromcontinuingoperationsbeforeincometaxesextraordinaryitemsnoncontrollinginterest": 416000000,
        "incometaxexpensebenefit": 141000000,
        "incomelossfromcontinuingoperationsincludingportionattributabletononcontrollinginterest": 275000000,
        "incomelossfromcontinuingoperationsattributabletononcontrollingentity": 27000000,
        "netincomeloss": 248000000,
        "incomelossfromcontinuingoperations": 248000000,
        "incomelossfromcontinuingoperationsperbasicshare": 0.91,
        "incomelossfromcontinuingoperationsperdilutedshare": 0.89,
        "earningspersharebasic": 0.91,
        "earningspersharediluted": 0.89,
        "weightedaveragenumberofsharesoutstandingbasic": 271800000,
        "weightedaveragenumberofdilutedsharesoutstanding": 277200000,
        "commonstockdividendspersharedeclared": 0.3
    },
    {
        "date": "2013-12-30",
        "symbol": "SPGI",
        "period": "Q4",
        "profitloss": 189000000,
        "othercomprehensiveincomelossforeigncurrencytransactionandtranslationadjustmentbeforetax": 9000000,
        "othercomprehensiveincomelossforeigncurrencytranslationadjustmenttax": -2000000,
        "othercomprehensiveincomelossforeigncurrencytransactionandtranslationadjustmentnetoftax": 11000000,
        "othercomprehensiveincomelosspensionandotherpostretirementbenefitplansadjustmentbeforetax": -413000000,
        "othercomprehensiveincomelosspensionandotherpostretirementbenefitplanstax": -157000000,
        "othercomprehensiveincomelossavailableforsalesecuritiesadjustmentbeforetax": 4000000,
        "comprehensiveincomenetoftaxincludingportionattributabletononcontrollinginterest": 457000000,
        "comprehensiveincomenetoftax": 441000000,
        "revenues": -267000000,
        "costofrevenue": 420000000,
        "sellinggeneralandadministrativeexpense": 476000000,
        "depreciation": 21000000,
        "amortizationofintangibleassets": -27000000,
        "operatingexpenses": 930000000,
        "operatingincomeloss": -1196000000,
        "interestexpense": 14000000,
        "incomelossfromcontinuingoperationsbeforeincometaxesextraordinaryitemsnoncontrollinginterest": 270000000,
        "incometaxexpensebenefit": 79000000,
        "incomelossfromcontinuingoperationsincludingportionattributabletononcontrollinginterest": 191000000,
        "incomelossfromdiscontinuedoperationsnetoftax": -2000000,
        "incomelossfromcontinuingoperationsattributabletononcontrollingentity": 17000000,
        "netincomeloss": 172000000,
        "incomelossfromcontinuingoperations": 174000000,
        "incomelossfromdiscontinuedoperationsnetoftaxattributabletoreportingentity": -2000000,
        "incomelossfromcontinuingoperationsperbasicshare": 0.6499999999999997,
        "incomelossfromdiscontinuedoperationsnetoftaxperbasicshare": 0,
        "earningspersharebasic": 0.649999999999999,
        "incomelossfromcontinuingoperationsperdilutedshare": 0.6299999999999997,
        "incomelossfromdiscontinuedoperationsnetoftaxperdilutedshare": -0.010000000000000231,
        "earningspersharediluted": 0.6200000000000006,
        "weightedaveragenumberofsharesoutstandingbasic": -1300000,
        "weightedaveragenumberofdilutedsharesoutstanding": -600000,
        "commonstockdividendspersharedeclared": 0.28000000000000014
    },
    {
        "date": "2013-09-29",
        "symbol": "SPGI",
        "period": "Q3",
        "profitloss": 245000000,
        "othercomprehensiveincomelossforeigncurrencytransactionandtranslationadjustmentbeforetax": 40000000,
        "othercomprehensiveincomelossforeigncurrencytranslationadjustmenttax": 1000000,
        "othercomprehensiveincomelossforeigncurrencytransactionandtranslationadjustmentnetoftax": 39000000,
        "othercomprehensiveincomelosspensionandotherpostretirementbenefitplansadjustmentbeforetax": -6000000,
        "othercomprehensiveincomelosspensionandotherpostretirementbenefitplanstax": -3000000,
        "othercomprehensiveincomelossavailableforsalesecuritiesadjustmentbeforetax": -9000000,
        "othercomprehensiveincomelossavailableforsalesecuritiesadjustmentnetoftax": -4000000,
        "comprehensiveincomenetoftaxincludingportionattributabletononcontrollinginterest": 283000000,
        "comprehensiveincomelossnetoftaxattributabletononredeemablenoncontrollinginterest": 10000000,
        "comprehensiveincomelossnetoftaxattributabletoredeemablenoncontrollinginterest": 22000000,
        "comprehensiveincomenetoftax": 251000000,
        "revenues": 175000000,
        "costofrevenue": 393000000,
        "sellinggeneralandadministrativeexpense": 385000000,
        "depreciation": 20000000,
        "amortizationofintangibleassets": 13000000,
        "operatingexpenses": 811000000,
        "operatingincomeloss": 1262000000,
        "interestexpense": 14000000,
        "incomelossfromcontinuingoperationsbeforeincometaxesextraordinaryitemsnoncontrollinginterest": 393000000,
        "incometaxexpensebenefit": 128000000,
        "incomelossfromcontinuingoperationsincludingportionattributabletononcontrollinginterest": 265000000,
        "discontinuedoperationincomelossfromdiscontinuedoperationduringphaseoutperiodnetoftax": 0,
        "incomelossfromdiscontinuedoperationsnetoftax": -20000000,
        "incomelossfromcontinuingoperationsattributabletononcontrollingentity": 30000000,
        "netincomeloss": 215000000,
        "incomelossfromcontinuingoperations": 235000000,
        "incomelossfromdiscontinuedoperationsnetoftaxattributabletoreportingentity": -20000000,
        "incomelossfromcontinuingoperationsperbasicshare": 0.8600000000000001,
        "incomelossfromcontinuingoperationsperdilutedshare": 0.8400000000000001,
        "incomelossfromdiscontinuedoperationsnetoftaxperbasicshare": -0.06000000000000005,
        "incomelossfromdiscontinuedoperationsnetoftaxperdilutedshare": -0.06000000000000005,
        "earningspersharebasic": 0.7900000000000005,
        "earningspersharediluted": 0.77,
        "weightedaveragenumberofsharesoutstandingbasic": -1600000,
        "weightedaveragenumberofdilutedsharesoutstanding": -900000,
        "commonstockdividendspersharedeclared": 0.2799999999999999
    },
    {
        "date": "2013-06-29",
        "symbol": "SPGI",
        "period": "Q2",
        "profitloss": 277000000,
        "othercomprehensiveincomelossforeigncurrencytransactionandtranslationadjustmentbeforetax": -23000000,
        "othercomprehensiveincomelossforeigncurrencytranslationadjustmenttax": -4000000,
        "othercomprehensiveincomelossforeigncurrencytransactionandtranslationadjustmentnetoftax": -19000000,
        "othercomprehensiveincomelosspensionandotherpostretirementbenefitplansadjustmentbeforetax": 37000000,
        "othercomprehensiveincomelosspensionandotherpostretirementbenefitplanstax": 9000000,
        "othercomprehensiveincomelossavailableforsalesecuritiesadjustmentbeforetax": -1000000,
        "othercomprehensiveincomelossavailableforsalesecuritiestax": 0,
        "othercomprehensiveincomelossavailableforsalesecuritiesadjustmentnetoftax": -1000000,
        "comprehensiveincomenetoftaxincludingportionattributabletononcontrollinginterest": 229000000,
        "comprehensiveincomelossnetoftaxattributabletononredeemablenoncontrollinginterest": 2000000,
        "comprehensiveincomelossnetoftaxattributabletoredeemablenoncontrollinginterest": 20000000,
        "comprehensiveincomenetoftax": 207000000,
        "revenues": -606000000,
        "costofrevenue": 397000000,
        "sellinggeneralandadministrativeexpense": 382000000,
        "depreciation": 22000000,
        "amortizationofintangibleassets": 13000000,
        "operatingexpenses": 814000000,
        "operatingincomeloss": 89000000,
        "interestexpense": 16000000,
        "incomelossfromcontinuingoperationsbeforeincometaxesextraordinaryitemsnoncontrollinginterest": 420000000,
        "incometaxexpensebenefit": 147000000,
        "incomelossfromcontinuingoperationsincludingportionattributabletononcontrollinginterest": 273000000,
        "discontinuedoperationincomelossfromdiscontinuedoperationduringphaseoutperiodnetoftax": 4000000,
        "discontinuedoperationgainlossondisposalofdiscontinuedoperationnetoftax": 0,
        "incomelossfromdiscontinuedoperationsnetoftax": 4000000,
        "incomelossfromcontinuingoperationsattributabletononcontrollingentity": 23000000,
        "incomelossfromdiscontinuedoperationsnetoftaxattributabletononcontrollinginterest": 0,
        "netincomeloss": 254000000,
        "incomelossfromcontinuingoperations": 250000000,
        "incomelossfromdiscontinuedoperationsnetoftaxattributabletoreportingentity": 4000000,
        "incomelossfromcontinuingoperationsperbasicshare": 0.8999999999999999,
        "incomelossfromdiscontinuedoperationsnetoftaxperbasicshare": 0.040000000000000036,
        "earningspersharebasic": 0.9499999999999997,
        "incomelossfromcontinuingoperationsperdilutedshare": 0.8899999999999999,
        "incomelossfromdiscontinuedoperationsnetoftaxperdilutedshare": 0.03000000000000025,
        "earningspersharediluted": 0.9300000000000002,
        "weightedaveragenumberofsharesoutstandingbasic": -3100000,
        "weightedaveragenumberofdilutedsharesoutstanding": -3000000,
        "commonstockdividendspersharedeclared": 0.28
    },
    {
        "date": "2013-03-30",
        "symbol": "SPGI",
        "period": "Q1",
        "profitloss": 755000000,
        "othercomprehensiveincomelossforeigncurrencytransactionandtranslationadjustmentbeforetax": 67000000,
        "othercomprehensiveincomelossforeigncurrencytranslationadjustmenttax": 7000000,
        "othercomprehensiveincomelossforeigncurrencytransactionandtranslationadjustmentnetoftax": 60000000,
        "othercomprehensiveincomelosspensionandotherpostretirementbenefitplansadjustmentbeforetax": -3000000,
        "othercomprehensiveincomelosspensionandotherpostretirementbenefitplanstax": -3000000,
        "othercomprehensiveincomelossavailableforsalesecuritiesadjustmentbeforetax": 8000000,
        "othercomprehensiveincomelossavailableforsalesecuritiestax": 4000000,
        "othercomprehensiveincomelossavailableforsalesecuritiesadjustmentnetoftax": 4000000,
        "comprehensiveincomenetoftaxincludingportionattributabletononcontrollinginterest": 819000000,
        "comprehensiveincomelossnetoftaxattributabletononredeemablenoncontrollinginterest": 3000000,
        "comprehensiveincomelossnetoftaxattributabletoredeemablenoncontrollinginterest": 18000000,
        "comprehensiveincomenetoftax": 798000000,
        "revenues": 1181000000,
        "costofrevenue": 374000000,
        "sellinggeneralandadministrativeexpense": 494000000,
        "depreciation": 23000000,
        "amortizationofintangibleassets": 12000000,
        "operatingexpenses": 903000000,
        "operatingincomeloss": 56000000,
        "interestexpense": 15000000,
        "incomelossfromcontinuingoperationsbeforeincometaxesextraordinaryitemsnoncontrollinginterest": 263000000,
        "incometaxexpensebenefit": 89000000,
        "incomelossfromcontinuingoperationsincludingportionattributabletononcontrollinginterest": 174000000,
        "discontinuedoperationincomelossfromdiscontinuedoperationduringphaseoutperiodnetoftax": -31000000,
        "discontinuedoperationgainlossondisposalofdiscontinuedoperationnetoftax": 612000000,
        "incomelossfromdiscontinuedoperationsnetoftax": 581000000,
        "incomelossfromcontinuingoperationsattributabletononcontrollingentity": 21000000,
        "incomelossfromdiscontinuedoperationsnetoftaxattributabletononcontrollinginterest": -1000000,
        "netincomeloss": 735000000,
        "incomelossfromcontinuingoperations": 153000000,
        "incomelossfromdiscontinuedoperationsnetoftaxattributabletoreportingentity": 582000000,
        "incomelossfromcontinuingoperationsperbasicshare": 0.55,
        "incomelossfromdiscontinuedoperationsnetoftaxperbasicshare": 2.07,
        "earningspersharebasic": 2.62,
        "incomelossfromcontinuingoperationsperdilutedshare": 0.54,
        "incomelossfromdiscontinuedoperationsnetoftaxperdilutedshare": 2.05,
        "earningspersharediluted": 2.59,
        "weightedaveragenumberofsharesoutstandingbasic": 280500000,
        "weightedaveragenumberofdilutedsharesoutstanding": 284300000,
        "commonstockdividendspersharedeclared": 0.28
    },
    {
        "date": "2012-12-30",
        "symbol": "SPGI",
        "period": "Q4",
        "profitloss": -192000000,
        "comprehensiveincomenetoftaxincludingportionattributabletononcontrollinginterest": -319000000,
        "comprehensiveincomenetoftax": -358000000,
        "revenues": -4377000000,
        "costofrevenue": -323000000,
        "sellinggeneralandadministrativeexpense": -104000000,
        "depreciation": 5000000,
        "amortizationofintangibleassets": -42000000,
        "operatingexpenses": -426000000,
        "operatingincomeloss": -552000000,
        "interestexpense": 20000000,
        "incomelossfromcontinuingoperationsbeforeincometaxesextraordinaryitemsnoncontrollinginterest": 77000000,
        "incometaxexpensebenefit": 35000000,
        "incomelossfromcontinuingoperationsincludingportionattributabletononcontrollinginterest": 42000000,
        "netincomeloss": -216000000,
        "incomelossfromcontinuingoperations": 23000000,
        "incomelossfromcontinuingoperationsperbasicshare": 0.09000000000000025,
        "incomelossfromcontinuingoperationsperdilutedshare": 0.08000000000000002,
        "weightedaveragenumberofsharesoutstandingbasic": -557800000,
        "weightedaveragenumberofdilutedsharesoutstanding": -569100000,
        "commonstockdividendspersharedeclared": 0.255
    },
    {
        "date": "2012-09-29",
        "symbol": "SPGI",
        "period": "Q3",
        "profitloss": 337000000,
        "othercomprehensiveincomeforeigncurrencytransactionandtranslationadjustmentbeforetaxperiodincreasedecrease": 35000000,
        "othercomprehensiveincomeforeigncurrencytranslationadjustmenttax": -5000000,
        "othercomprehensiveincomeforeigncurrencytransactionandtranslationadjustmentnetoftaxperiodincreasedecrease": 30000000,
        "othercomprehensiveincomedefinedbenefitplansadjustmentbeforetaxperiodincreasedecrease": -8000000,
        "othercomprehensiveincomedefinedbenefitplanstax": 3000000,
        "othercomprehensiveincomedefinedbenefitplansadjustmentnetoftaxperiodincreasedecrease": -5000000,
        "othercomprehensiveincomeavailableforsalesecuritiesadjustmentbeforetaxperiodincreasedecrease": 2000000,
        "othercomprehensiveincomeavailableforsalesecuritiestax": -1000000,
        "othercomprehensiveincomeavailableforsalesecuritiesadjustmentnetoftaxperiodincreasedecrease": 1000000,
        "comprehensiveincomenetoftaxincludingportionattributabletononcontrollinginterest": 373000000,
        "comprehensiveincomenetoftaxattributabletononcontrollinginterest": 10000000,
        "comprehensiveincomenetoftax": 363000000,
        "salesrevenuegoodsnet": 833000000,
        "salesrevenueservicesnet": 1120000000,
        "revenues": 1953000000,
        "costofgoodssold": 332000000,
        "costofservices": 348000000,
        "costofrevenue": 680000000,
        "sellinggeneralandadministrativeexpense": 701000000,
        "depreciation": 23000000,
        "amortizationofintangibleassets": 21000000,
        "operatingexpenses": 1425000000,
        "operatingincomeloss": 623000000,
        "interestexpense": 20000000,
        "incomelossfromcontinuingoperationsbeforeincometaxesextraordinaryitemsnoncontrollinginterest": 508000000,
        "incometaxexpensebenefit": 171000000,
        "incomelossfromcontinuingoperationsincludingportionattributabletononcontrollinginterest": 337000000,
        "netincomelossattributabletononcontrollinginterest": 23000000,
        "netincomeloss": 314000000,
        "incomelossfromcontinuingoperations": 314000000,
        "incomelossfromcontinuingoperationsperbasicshare": 1.13,
        "incomelossfromcontinuingoperationsperdilutedshare": 1.1,
        "weightedaveragenumberofsharesoutstandingbasic": 278700000,
        "weightedaveragenumberofdilutedsharesoutstanding": 284600000,
        "commonstockdividendspersharedeclared": 0.255
    },
    {
        "date": "2012-06-29",
        "symbol": "SPGI",
        "period": "Q2",
        "profitloss": 220000000,
        "othercomprehensiveincomeforeigncurrencytransactionandtranslationadjustmentnetoftaxperiodincreasedecrease": -37000000,
        "othercomprehensiveincomedefinedbenefitplansadjustmentnetoftaxperiodincreasedecrease": -13000000,
        "othercomprehensiveincomeavailableforsalesecuritiesadjustmentnetoftaxperiodincreasedecrease": -2000000,
        "comprehensiveincomenetoftaxincludingportionattributabletononcontrollinginterest": 194000000,
        "comprehensiveincomenetoftaxattributabletononcontrollinginterest": -2000000,
        "comprehensiveincomenetoftax": 196000000,
        "othercomprehensiveincomeforeigncurrencytranslationadjustmenttax": -5000000,
        "othercomprehensiveincomedefinedbenefitplanstax": -8000000,
        "othercomprehensiveincomeunrealizedgainlossonderivativesarisingduringperiodtax": -1000000,
        "salesrevenuegoodsnet": 462000000,
        "salesrevenueservicesnet": 1085000000,
        "revenues": 1547000000,
        "costofgoodssold": 213000000,
        "costofservices": 361000000,
        "costofrevenue": 574000000,
        "sellinggeneralandadministrativeexpense": 568000000,
        "depreciation": 23000000,
        "amortizationofintangibleassets": 17000000,
        "operatingexpenses": 1182000000,
        "operatingincomeloss": 208000000,
        "interestexpense": 20000000,
        "incomelossfromcontinuingoperationsbeforeincometaxesextraordinaryitemsnoncontrollinginterest": 345000000,
        "incometaxexpensebenefit": 125000000,
        "incomelossfromcontinuingoperationsincludingportionattributabletononcontrollinginterest": 220000000,
        "netincomelossattributabletononcontrollinginterest": 4000000,
        "netincomeloss": 216000000,
        "incomelossfromcontinuingoperations": 216000000,
        "incomelossfromcontinuingoperationsperbasicshare": 0.77,
        "incomelossfromcontinuingoperationsperdilutedshare": 0.76,
        "weightedaveragenumberofsharesoutstandingbasic": 279700000,
        "weightedaveragenumberofdilutedsharesoutstanding": 285300000,
        "commonstockdividendspersharedeclared": 0.255
    },
    {
        "date": "2012-03-30",
        "symbol": "SPGI",
        "period": "Q1",
        "salesrevenuegoodsnet": 294000000,
        "salesrevenueservicesnet": 1037000000,
        "revenues": 1331000000,
        "costofgoodssold": 162000000,
        "costofservices": 367000000,
        "costofrevenue": 529000000,
        "sellinggeneralandadministrativeexpense": 544000000,
        "depreciation": 23000000,
        "amortizationofintangibleassets": 14000000,
        "operatingexpenses": 1110000000,
        "operatingincomeloss": -71000000,
        "interestexpense": 21000000,
        "incomelossfromcontinuingoperationsbeforeincometaxesextraordinaryitemsnoncontrollinginterest": 200000000,
        "incometaxexpensebenefit": 73000000,
        "incomelossfromcontinuingoperationsincludingportionattributabletononcontrollinginterest": 127000000,
        "profitloss": 127000000,
        "netincomelossattributabletononcontrollinginterest": 4000000,
        "netincomeloss": 123000000,
        "incomelossfromcontinuingoperations": 123000000,
        "incomelossfromcontinuingoperationsperbasicshare": 0.44,
        "earningspersharebasic": 0.44,
        "incomelossfromcontinuingoperationsperdilutedshare": 0.43,
        "earningspersharediluted": 0.43,
        "weightedaveragenumberofsharesoutstandingbasic": 278000000,
        "weightedaveragenumberofdilutedsharesoutstanding": 283800000,
        "commonstockdividendspersharedeclared": 0.255,
        "othercomprehensiveincomeforeigncurrencytransactionandtranslationadjustmentnetoftaxperiodincreasedecrease": 18000000,
        "othercomprehensiveincomedefinedbenefitplansadjustmentnetoftaxperiodincreasedecrease": 5000000,
        "othercomprehensiveincomeavailableforsalesecuritiesadjustmentnetoftaxperiodincreasedecrease": 1000000,
        "comprehensiveincomenetoftaxincludingportionattributabletononcontrollinginterest": 151000000,
        "comprehensiveincomenetoftaxattributabletononcontrollinginterest": 7000000,
        "comprehensiveincomenetoftax": 144000000,
        "othercomprehensiveincomeforeigncurrencytranslationadjustmenttax": 1000000,
        "othercomprehensiveincomedefinedbenefitplanstax": 3000000
    },
    {
        "date": "2011-12-30",
        "symbol": "SPGI",
        "period": "Q4",
        "salesrevenuegoodsnet": 513600000,
        "salesrevenueservicesnet": 1006000000,
        "revenues": -3625400000,
        "costofgoodssold": 222100000,
        "costofservices": 370400000,
        "costofrevenue": 592500000,
        "sellinggeneralandadministrativeexpense": 645900000,
        "depreciation": 24500000,
        "amortizationofintangibleassets": 14600000,
        "operatingexpenses": 1277500000,
        "operatingincomeloss": -1499400000,
        "interestexpense": 18200000,
        "incometaxexpensebenefit": 81200000,
        "profitloss": 197200000,
        "netincomelossattributabletononcontrollinginterest": 5800000,
        "netincomeloss": 214400000,
        "earningspersharebasic": 0.7399999999999997,
        "earningspersharediluted": 0.7300000000000001,
        "weightedaveragenumberofsharesoutstandingbasic": -4200000,
        "weightedaveragenumberofdilutedsharesoutstanding": -3400000,
        "commonstockdividendspersharedeclared": 0.25
    },
    {
        "date": "2011-09-29",
        "symbol": "SPGI",
        "period": "Q3",
        "salesrevenuegoodsnet": 940600000,
        "salesrevenueservicesnet": 923100000,
        "revenues": 3460000000,
        "costofgoodssold": 374500000,
        "costofservices": 309700000,
        "costofrevenue": 684200000,
        "sellinggeneralandadministrativeexpense": 538800000,
        "depreciation": 20100000,
        "amortizationofintangibleassets": 13700000,
        "operatingexpenses": 1256800000,
        "operatingincomeloss": 1129200000,
        "interestexpense": 18200000,
        "incometaxexpensebenefit": 213200000,
        "profitloss": 373800000,
        "netincomelossattributabletononcontrollinginterest": 8300000,
        "netincomeloss": 365500000,
        "earningspersharebasic": 1.2200000000000002,
        "earningspersharediluted": 1.1999999999999997,
        "weightedaveragenumberofsharesoutstandingbasic": -306600000,
        "weightedaveragenumberofdilutedsharesoutstanding": -311400000,
        "commonstockdividendspersharedeclared": 0.25
    },
    {
        "date": "2011-06-29",
        "symbol": "SPGI",
        "period": "Q2",
        "salesrevenuegoodsnet": 523100000,
        "salesrevenueservicesnet": 1057700000,
        "revenues": -15500000,
        "costofgoodssold": 238900000,
        "costofservices": 368000000,
        "costofrevenue": 606900000,
        "sellinggeneralandadministrativeexpense": 586900000,
        "depreciation": 26500000,
        "amortizationofintangibleassets": 14900000,
        "operatingexpenses": 1235200000,
        "gainlossonsaleofotherassets": 13200000,
        "operatingincomeloss": -44200000,
        "interestexpense": 19500000,
        "incomelossfromcontinuingoperationsbeforeincometaxesextraordinaryitemsnoncontrollinginterest": 339300000,
        "incometaxexpensebenefit": 123500000,
        "profitloss": 215800000,
        "netincomelossattributabletononcontrollinginterest": 4700000,
        "netincomeloss": 211100000,
        "earningspersharebasic": 0.7,
        "earningspersharediluted": 0.68,
        "weightedaveragenumberofsharesoutstandingbasic": 303600000,
        "weightedaveragenumberofdilutedsharesoutstanding": 309200000,
        "commonstockdividendspersharedeclared": 0.25
    },
    {
        "date": "2011-03-30",
        "symbol": "SPGI",
        "period": "Q1",
        "salesrevenuegoodsnet": 297700000,
        "salesrevenueservicesnet": 984200000,
        "revenues": 1281900000,
        "costofgoodssold": 172500000,
        "costofservices": 343900000,
        "costofrevenue": 516400000,
        "sellinggeneralandadministrativeexpense": 509400000,
        "depreciation": 26900000,
        "amortizationofintangibleassets": 14800000,
        "operatingexpenses": 1067500000,
        "operatingincomeloss": 214400000,
        "interestexpense": 19100000,
        "incomelossfromcontinuingoperationsbeforeincometaxesminorityinterestandincomelossfromequitymethodinvestments": 195300000,
        "incometaxexpensebenefit": 71100000,
        "profitloss": 124200000,
        "netincomelossattributabletononcontrollinginterest": 4200000,
        "netincomeloss": 120000000,
        "earningspersharebasic": 0.39,
        "earningspersharediluted": 0.39,
        "weightedaveragenumberofsharesoutstandingbasic": 305200000,
        "weightedaveragenumberofdilutedsharesoutstanding": 309600000,
        "commonstockdividendspersharedeclared": 0.25
    },
    {
        "date": "2010-09-29",
        "symbol": "SPGI",
        "period": "Q3",
        "salesrevenuegoodsnet": 1058388000,
        "salesrevenueservicesnet": 921418000,
        "revenues": 1979806000,
        "costofgoodssold": 408345000,
        "costofservices": 312346000,
        "costofrevenue": 720691000,
        "sellinggeneralandadministrativeexpense": 604282000,
        "depreciation": 24832000,
        "amortizationofintangibleassets": 9013000,
        "operatingexpenses": 1358818000,
        "operatingincomeloss": 620988000,
        "disposalgroupnotdiscontinuedoperationgainlossondisposal": 11058000,
        "interestexpense": 19319000,
        "incomelossfromcontinuingoperationsbeforeincometaxesminorityinterestandincomelossfromequitymethodinvestments": 612727000,
        "incometaxexpensebenefit": 223033000,
        "profitloss": 389694000,
        "netincomelossattributabletononcontrollinginterest": 9844000,
        "netincomeloss": 379850000,
        "earningspersharebasic": 1.24,
        "earningspersharediluted": 1.23,
        "weightedaveragenumberofsharesoutstandingbasic": 307246000,
        "weightedaveragenumberofdilutedsharesoutstanding": 309292000,
        "commonstockdividendspersharedeclared": 0.235
    },
    {
        "date": "2010-06-29",
        "symbol": "SPGI",
        "period": "Q2",
        "salesrevenuegoodsnet": 545025000,
        "salesrevenueservicesnet": 929031000,
        "revenues": 1474056000,
        "costofgoodssold": 259075000,
        "costofservices": 301820000,
        "costofrevenue": 560895000,
        "sellinggeneralandadministrativeexpense": 547719000,
        "depreciation": 26177000,
        "amortizationofintangibleassets": 13007000,
        "operatingexpenses": 1147798000,
        "operatingincomeloss": 326258000,
        "interestexpense": 20840000,
        "incomelossfromcontinuingoperationsbeforeincometaxesminorityinterestandincomelossfromequitymethodinvestments": 305418000,
        "incometaxexpensebenefit": 111172000,
        "profitloss": 194246000,
        "netincomelossattributabletononcontrollinginterest": 3162000,
        "netincomeloss": 191084000,
        "earningspersharebasic": 0.61,
        "earningspersharediluted": 0.61,
        "weightedaveragenumberofsharesoutstandingbasic": 311167000,
        "weightedaveragenumberofdilutedsharesoutstanding": 313167000,
        "commonstockdividendspersharedeclared": 0.235
    },
    {
        "date": "2010-03-30",
        "symbol": "SPGI",
        "period": "Q1",
        "salesrevenuegoodsnet": 310822000,
        "salesrevenueservicesnet": 879568000,
        "revenues": 1190390000,
        "costofgoodssold": 172983000,
        "costofservices": 303243000,
        "costofrevenue": 476226000,
        "sellingandgeneralexpensesproduct": 186686000,
        "sellingandgeneralexpensesservice": 301285000,
        "sellinggeneralandadministrativeexpense": 487971000,
        "depreciation": 25948000,
        "amortizationofintangibleassets": 9981000,
        "operatingexpenses": 1000126000,
        "operatingincomeloss": 190264000,
        "interestexpense": 22039000,
        "incomelossfromcontinuingoperationsbeforeincometaxesminorityinterestandincomelossfromequitymethodinvestments": 168225000,
        "incometaxexpensebenefit": 61234000,
        "profitloss": 106991000,
        "netincomelossattributabletononcontrollinginterest": 3705000,
        "netincomeloss": 103286000,
        "earningspersharebasic": 0.33,
        "earningspersharediluted": 0.33,
        "weightedaveragenumberofsharesoutstandingbasic": 313372000,
        "weightedaveragenumberofdilutedsharesoutstanding": 316264000,
        "commonstockdividendspersharedeclared": 0.235
    }
]