[
    {
        "date": "2024-09-29",
        "symbol": "RTX",
        "period": "Q3",
        "revenues": 20089000000,
        "costofgoodsandservicessold": 3719000000,
        "researchanddevelopmentexpense": 751000000,
        "sellinggeneralandadministrativeexpense": 1389000000,
        "costsandexpenses": 18195000000,
        "otheroperatingincome": 134000000,
        "operatingincomeloss": 2028000000,
        "netperiodicdefinedbenefitsexpensereversalofexpenseexcludingservicecostcomponent": -1000000,
        "interestexpense": 496000000,
        "nonoperatingincomeexpense": 122000000,
        "incomelossfromcontinuingoperationsbeforeincometaxesextraordinaryitemsnoncontrollinginterest": 1906000000,
        "incometaxexpensebenefit": 371000000,
        "incomelossfromcontinuingoperationsincludingportionattributabletononcontrollinginterest": 1535000000,
        "incomelossfromcontinuingoperationsattributabletononcontrollingentity": 63000000,
        "netincomeloss": 1472000000,
        "earningspersharebasic": 1.1,
        "earningspersharediluted": 1.09,
        "profitloss": 1535000000,
        "othercomprehensiveincomelossforeigncurrencytransactionandtranslationadjustmentbeforetax": 749000000,
        "othercomprehensiveincomelosspensionandotherpostretirementbenefitplansadjustmentbeforetax": 116000000,
        "othercomprehensiveincomelosscashflowhedgegainlossafterreclassificationbeforetax": 139000000,
        "othercomprehensiveincomelossbeforetax": 772000000,
        "othercomprehensiveincomelosstax": 23000000,
        "othercomprehensiveincomelossnetoftax": 749000000,
        "comprehensiveincomenetoftaxincludingportionattributabletononcontrollinginterest": 2284000000,
        "comprehensiveincomenetoftaxattributabletononcontrollinginterest": 63000000,
        "comprehensiveincomenetoftax": 2221000000
    },
    {
        "date": "2024-06-29",
        "symbol": "RTX",
        "period": "Q2",
        "revenues": 14562000000,
        "costofgoodsandservicessold": 12625000000,
        "researchanddevelopmentexpense": 706000000,
        "sellinggeneralandadministrativeexpense": 1449000000,
        "costsandexpenses": 18296000000,
        "otheroperatingincome": -896000000,
        "operatingincomeloss": 529000000,
        "netperiodicdefinedbenefitsexpensereversalofexpenseexcludingservicecostcomponent": -374000000,
        "interestexpense": 475000000,
        "nonoperatingincomeexpense": 101000000,
        "incomelossfromcontinuingoperationsbeforeincometaxesextraordinaryitemsnoncontrollinginterest": 428000000,
        "incometaxexpensebenefit": 253000000,
        "incomelossfromcontinuingoperationsincludingportionattributabletononcontrollinginterest": 175000000,
        "incomelossfromcontinuingoperationsattributabletononcontrollingentity": 64000000,
        "netincomeloss": 111000000,
        "earningspersharebasic": 0.08,
        "earningspersharediluted": 0.08,
        "profitloss": 175000000,
        "othercomprehensiveincomelossforeigncurrencytransactionandtranslationadjustmentbeforetax": -68000000,
        "othercomprehensiveincomelosspensionandotherpostretirementbenefitplansadjustmentbeforetax": 46000000,
        "othercomprehensiveincomelosscashflowhedgegainlossafterreclassificationbeforetax": 21000000,
        "othercomprehensiveincomelossbeforetax": -93000000,
        "othercomprehensiveincomelosstax": -10000000,
        "othercomprehensiveincomelossnetoftax": -83000000,
        "comprehensiveincomenetoftaxincludingportionattributabletononcontrollinginterest": 92000000,
        "comprehensiveincomenetoftaxattributabletononcontrollinginterest": 64000000,
        "comprehensiveincomenetoftax": 28000000
    },
    {
        "date": "2024-03-30",
        "symbol": "RTX",
        "period": "Q1",
        "revenues": 14303000000,
        "costofgoodsandservicessold": 12216000000,
        "researchanddevelopmentexpense": 669000000,
        "sellinggeneralandadministrativeexpense": 1394000000,
        "costsandexpenses": 17807000000,
        "otheroperatingincome": 372000000,
        "operatingincomeloss": 1870000000,
        "netperiodicdefinedbenefitsexpensereversalofexpenseexcludingservicecostcomponent": -386000000,
        "interestexpense": 405000000,
        "nonoperatingincomeexpense": 19000000,
        "incomelossfromcontinuingoperationsbeforeincometaxesextraordinaryitemsnoncontrollinginterest": 1851000000,
        "incometaxexpensebenefit": 108000000,
        "incomelossfromcontinuingoperationsincludingportionattributabletononcontrollinginterest": 1743000000,
        "incomelossfromcontinuingoperationsattributabletononcontrollingentity": 34000000,
        "netincomeloss": 1709000000,
        "earningspersharebasic": 1.29,
        "earningspersharediluted": 1.28,
        "profitloss": 1743000000,
        "othercomprehensiveincomelossforeigncurrencytransactionandtranslationadjustmentbeforetax": -121000000,
        "othercomprehensiveincomelosspensionandotherpostretirementbenefitplansadjustmentbeforetax": 51000000,
        "othercomprehensiveincomelosscashflowhedgegainlossafterreclassificationbeforetax": -73000000,
        "othercomprehensiveincomelossbeforetax": -245000000,
        "othercomprehensiveincomelosstax": -29000000,
        "othercomprehensiveincomelossnetoftax": -216000000,
        "comprehensiveincomenetoftaxincludingportionattributabletononcontrollinginterest": 1527000000,
        "comprehensiveincomenetoftaxattributabletononcontrollinginterest": 34000000,
        "comprehensiveincomenetoftax": 1493000000
    },
    {
        "date": "2023-12-30",
        "symbol": "RTX",
        "period": "Q4",
        "revenues": 37731000000,
        "costofgoodsandservicessold": 27762000000,
        "researchanddevelopmentexpense": 757000000,
        "sellinggeneralandadministrativeexpense": 1375000000,
        "costsandexpenses": 18050000000,
        "otheroperatingincome": -30000000,
        "operatingincomeloss": 5939000000,
        "netperiodicdefinedbenefitsexpensereversalofexpenseexcludingservicecostcomponent": -1335000000,
        "interestexpense": 488000000,
        "nonoperatingincomeexpense": 42000000,
        "incomelossfromcontinuingoperationsbeforeincometaxesextraordinaryitemsnoncontrollinginterest": 1805000000,
        "incometaxexpensebenefit": 332000000,
        "incomelossfromcontinuingoperationsincludingportionattributabletononcontrollinginterest": 1473000000,
        "incomelossfromcontinuingoperationsattributabletononcontrollingentity": 47000000,
        "incomelossfromcontinuingoperations": 4301000000,
        "netincomeloss": 1426000000,
        "incomelossfromcontinuingoperationsperbasicshare": 1.0300000000000002,
        "earningspersharebasic": 1.0300000000000002,
        "incomelossfromcontinuingoperationsperdilutedshare": 3,
        "earningspersharediluted": 1.0400000000000003,
        "profitloss": 1473000000,
        "othercomprehensiveincomelosscashflowhedgegainlossafterreclassificationbeforetax": 184000000,
        "othercomprehensiveincomelossforeigncurrencytransactionandtranslationadjustmentbeforetax": 477000000,
        "othercomprehensiveincomelossbeforetax": -515000000,
        "othercomprehensiveincomelosstax": -212000000,
        "othercomprehensiveincomelossnetoftax": -303000000,
        "comprehensiveincomenetoftaxincludingportionattributabletononcontrollinginterest": 1170000000,
        "comprehensiveincomenetoftaxattributabletononcontrollinginterest": 47000000,
        "comprehensiveincomenetoftax": 1123000000
    },
    {
        "date": "2023-09-29",
        "symbol": "RTX",
        "period": "Q3",
        "revenues": 8615000000,
        "costofgoodsandservicessold": 9289000000,
        "researchanddevelopmentexpense": 712000000,
        "sellinggeneralandadministrativeexpense": 1401000000,
        "costsandexpenses": 14863000000,
        "otheroperatingincome": 3000000,
        "operatingincomeloss": -1396000000,
        "netperiodicdefinedbenefitsexpensereversalofexpenseexcludingservicecostcomponent": -443000000,
        "interestexpense": 369000000,
        "nonoperatingincomeexpense": -74000000,
        "incomelossfromcontinuingoperationsbeforeincometaxesextraordinaryitemsnoncontrollinginterest": -1322000000,
        "incometaxexpensebenefit": -389000000,
        "incomelossfromcontinuingoperationsincludingportionattributabletononcontrollinginterest": -933000000,
        "incomelossfromcontinuingoperationsattributabletononcontrollingentity": 51000000,
        "incomelossfromcontinuingoperations": -984000000,
        "netincomeloss": -984000000,
        "incomelossfromcontinuingoperationsperbasicshare": -0.68,
        "earningspersharebasic": -0.68,
        "incomelossfromcontinuingoperationsperdilutedshare": -0.68,
        "earningspersharediluted": -0.68,
        "profitloss": -933000000,
        "othercomprehensiveincomelossforeigncurrencytransactionandtranslationadjustmentbeforetax": -441000000,
        "othercomprehensiveincomelosspensionandotherpostretirementbenefitplansadjustmentbeforetax": 104000000,
        "othercomprehensiveincomelosscashflowhedgegainlossafterreclassificationbeforetax": -123000000,
        "othercomprehensiveincomelossbeforetax": -668000000,
        "othercomprehensiveincomelosstax": -54000000,
        "othercomprehensiveincomelossnetoftax": -614000000,
        "comprehensiveincomenetoftaxincludingportionattributabletononcontrollinginterest": -1547000000,
        "comprehensiveincomenetoftaxattributabletononcontrollinginterest": 51000000,
        "comprehensiveincomenetoftax": -1598000000
    },
    {
        "date": "2023-06-29",
        "symbol": "RTX",
        "period": "Q2",
        "revenues": 1696000000,
        "costofgoodsandservicessold": 3429000000,
        "researchanddevelopmentexpense": 729000000,
        "sellinggeneralandadministrativeexpense": 1635000000,
        "costsandexpenses": 16882000000,
        "otheroperatingincome": 25000000,
        "operatingincomeloss": -489000000,
        "netperiodicdefinedbenefitsexpensereversalofexpenseexcludingservicecostcomponent": -1000000,
        "interestexpense": 333000000,
        "nonoperatingincomeexpense": -114000000,
        "incomelossfromcontinuingoperationsbeforeincometaxesextraordinaryitemsnoncontrollinginterest": 1572000000,
        "incometaxexpensebenefit": 213000000,
        "incomelossfromcontinuingoperationsincludingportionattributabletononcontrollinginterest": 1359000000,
        "incomelossfromcontinuingoperationsattributabletononcontrollingentity": 32000000,
        "incomelossfromcontinuingoperations": -24000000,
        "netincomeloss": 1327000000,
        "incomelossfromcontinuingoperationsperbasicshare": 0.91,
        "earningspersharebasic": 0.91,
        "incomelossfromcontinuingoperationsperdilutedshare": -0.02,
        "earningspersharediluted": 0.9,
        "profitloss": 1359000000,
        "othercomprehensiveincomelossforeigncurrencytransactionandtranslationadjustmentbeforetax": 404000000,
        "othercomprehensiveincomelosspensionandotherpostretirementbenefitplansadjustmentbeforetax": 183000000,
        "othercomprehensiveincomelosscashflowhedgegainlossafterreclassificationbeforetax": 285000000,
        "othercomprehensiveincomelossbeforetax": 506000000,
        "othercomprehensiveincomelosstax": 19000000,
        "othercomprehensiveincomelossnetoftax": 487000000,
        "comprehensiveincomenetoftaxincludingportionattributabletononcontrollinginterest": 1846000000,
        "comprehensiveincomenetoftaxattributabletononcontrollinginterest": 32000000,
        "comprehensiveincomenetoftax": 1814000000
    },
    {
        "date": "2023-03-30",
        "symbol": "RTX",
        "period": "Q1",
        "revenues": 1529000000,
        "costofgoodsandservicessold": 2945000000,
        "researchanddevelopmentexpense": 607000000,
        "sellinggeneralandadministrativeexpense": 1398000000,
        "costsandexpenses": 15650000000,
        "otheroperatingincome": 88000000,
        "operatingincomeloss": -493000000,
        "netperiodicdefinedbenefitsexpensereversalofexpenseexcludingservicecostcomponent": -1000000,
        "interestexpense": 315000000,
        "nonoperatingincomeexpense": -129000000,
        "incomelossfromcontinuingoperationsbeforeincometaxesextraordinaryitemsnoncontrollinginterest": 1781000000,
        "incometaxexpensebenefit": 300000000,
        "incomelossfromcontinuingoperationsincludingportionattributabletononcontrollinginterest": 1481000000,
        "incomelossfromcontinuingoperationsattributabletononcontrollingentity": 55000000,
        "incomelossfromcontinuingoperations": -98000000,
        "netincomeloss": 1426000000,
        "incomelossfromcontinuingoperationsperbasicshare": 0.98,
        "earningspersharebasic": 0.98,
        "incomelossfromcontinuingoperationsperdilutedshare": -0.07,
        "earningspersharediluted": 0.97,
        "profitloss": 1481000000,
        "othercomprehensiveincomelossforeigncurrencytransactionandtranslationadjustmentbeforetax": 122000000,
        "othercomprehensiveincomelosspensionandotherpostretirementbenefitplansadjustmentbeforetax": 146000000,
        "othercomprehensiveincomelosscashflowhedgegainlossafterreclassificationbeforetax": 12000000,
        "othercomprehensiveincomelossbeforetax": -12000000,
        "othercomprehensiveincomelosstax": -41000000,
        "othercomprehensiveincomelossnetoftax": 29000000,
        "comprehensiveincomenetoftaxincludingportionattributabletononcontrollinginterest": 1510000000,
        "comprehensiveincomenetoftaxattributabletononcontrollinginterest": 55000000,
        "comprehensiveincomenetoftax": 1455000000
    },
    {
        "date": "2022-12-30",
        "symbol": "RTX",
        "period": "Q4",
        "revenues": 46442000000,
        "costofgoodsandservicessold": 33400000000,
        "researchanddevelopmentexpense": 716000000,
        "sellinggeneralandadministrativeexpense": 1379000000,
        "costsandexpenses": 16621000000,
        "operatingincomeloss": 6828000000,
        "netperiodicdefinedbenefitsexpensereversalofexpenseexcludingservicecostcomponent": -1885000000,
        "interestexpense": 318000000,
        "nonoperatingincomeexpense": -149000000,
        "incomelossfromcontinuingoperationsbeforeincometaxesextraordinaryitemsnoncontrollinginterest": 1650000000,
        "incometaxexpensebenefit": 182000000,
        "incomelossfromcontinuingoperationsincludingportionattributabletononcontrollinginterest": 1468000000,
        "incomelossfromcontinuingoperationsattributabletononcontrollingentity": 46000000,
        "incomelossfromcontinuingoperations": 5214000000,
        "netincomeloss": 1422000000,
        "incomelossfromcontinuingoperationsperbasicshare": 0.9700000000000002,
        "earningspersharebasic": 0.97,
        "incomelossfromcontinuingoperationsperdilutedshare": 0.9600000000000002,
        "earningspersharediluted": 0.96,
        "profitloss": 1468000000,
        "othercomprehensiveincomelosscashflowhedgegainlossafterreclassificationbeforetax": 253000000,
        "othercomprehensiveincomelossforeigncurrencytransactionandtranslationadjustmentbeforetax": 950000000,
        "othercomprehensiveincomelossbeforetax": 2441000000,
        "othercomprehensiveincomelosstax": 337000000,
        "othercomprehensiveincomelossnetoftax": 2104000000,
        "comprehensiveincomenetoftaxincludingportionattributabletononcontrollinginterest": 3572000000,
        "comprehensiveincomenetoftaxattributabletononcontrollinginterest": 46000000,
        "comprehensiveincomenetoftax": 3526000000
    },
    {
        "date": "2022-09-29",
        "symbol": "RTX",
        "period": "Q3",
        "revenues": 1491000000,
        "costofgoodsandservicessold": 2971000000,
        "researchanddevelopmentexpense": 662000000,
        "sellinggeneralandadministrativeexpense": 1391000000,
        "costsandexpenses": 15517000000,
        "otheroperatingincome": 46000000,
        "operatingincomeloss": -482000000,
        "netperiodicdefinedbenefitsexpensereversalofexpenseexcludingservicecostcomponent": -1000000,
        "interestexpense": 311000000,
        "nonoperatingincomeexpense": -157000000,
        "incomelossfromcontinuingoperationsbeforeincometaxesextraordinaryitemsnoncontrollinginterest": 1637000000,
        "incometaxexpensebenefit": 242000000,
        "incomelossfromcontinuingoperationsincludingportionattributabletononcontrollinginterest": 1395000000,
        "incomelossfromcontinuingoperationsattributabletononcontrollingentity": 8000000,
        "incomelossfromcontinuingoperations": 6000000,
        "netincomeloss": 1387000000,
        "incomelossfromcontinuingoperationsperbasicshare": 0.9499999999999997,
        "earningspersharebasic": 0.9399999999999997,
        "incomelossfromcontinuingoperationsperdilutedshare": 0.9399999999999997,
        "discontinuedoperationincomelossfromdiscontinuedoperationnetoftaxperdilutedshare": 0,
        "earningspersharediluted": 0.94,
        "profitloss": 1395000000,
        "othercomprehensiveincomelossforeigncurrencytransactionandtranslationadjustmentbeforetax": -1050000000,
        "othercomprehensiveincomelosspensionandotherpostretirementbenefitplansadjustmentbeforetax": -48000000,
        "othercomprehensiveincomelosscashflowhedgegainlossafterreclassificationbeforetax": -251000000,
        "othercomprehensiveincomelossbeforetax": -1253000000,
        "othercomprehensiveincomelosstax": -62000000,
        "othercomprehensiveincomelossnetoftax": -1191000000,
        "comprehensiveincomenetoftaxincludingportionattributabletononcontrollinginterest": 204000000,
        "comprehensiveincomenetoftaxattributabletononcontrollinginterest": 8000000,
        "comprehensiveincomenetoftax": 196000000
    },
    {
        "date": "2022-06-29",
        "symbol": "RTX",
        "period": "Q2",
        "revenues": 1450000000,
        "costofgoodsandservicessold": 2816000000,
        "researchanddevelopmentexpense": 698000000,
        "sellinggeneralandadministrativeexpense": 1424000000,
        "costsandexpenses": 14978000000,
        "otheroperatingincome": 17000000,
        "operatingincomeloss": -448000000,
        "netperiodicdefinedbenefitsexpensereversalofexpenseexcludingservicecostcomponent": -2000000,
        "interestexpense": 329000000,
        "nonoperatingincomeexpense": -145000000,
        "incomelossfromcontinuingoperationsbeforeincometaxesextraordinaryitemsnoncontrollinginterest": 1498000000,
        "incometaxexpensebenefit": 160000000,
        "incomelossfromcontinuingoperationsincludingportionattributabletononcontrollinginterest": 1338000000,
        "incomelossfromcontinuingoperationsattributabletononcontrollingentity": 34000000,
        "incomelossfromcontinuingoperations": -32000000,
        "incomelossfromdiscontinuedoperationsnetoftaxattributabletoreportingentity": 0,
        "netincomeloss": 1304000000,
        "incomelossfromcontinuingoperationsperbasicshare": 0.8800000000000001,
        "discontinuedoperationincomelossfromdiscontinuedoperationnetoftaxperbasicshare": 0,
        "earningspersharebasic": 0.8800000000000001,
        "incomelossfromcontinuingoperationsperdilutedshare": 1.59,
        "discontinuedoperationincomelossfromdiscontinuedoperationnetoftaxperdilutedshare": 0.01,
        "earningspersharediluted": 0.8800000000000001,
        "profitloss": 1338000000,
        "othercomprehensiveincomelossforeigncurrencytransactionandtranslationadjustmentbeforetax": -708000000,
        "othercomprehensiveincomelosspensionandotherpostretirementbenefitplansadjustmentbeforetax": -47000000,
        "othercomprehensiveincomelosscashflowhedgegainlossafterreclassificationbeforetax": -182000000,
        "othercomprehensiveincomelossbeforetax": -843000000,
        "othercomprehensiveincomelosstax": -27000000,
        "othercomprehensiveincomelossnetoftax": -816000000,
        "comprehensiveincomenetoftaxincludingportionattributabletononcontrollinginterest": 522000000,
        "comprehensiveincomenetoftaxattributabletononcontrollinginterest": 34000000,
        "comprehensiveincomenetoftax": 488000000
    },
    {
        "date": "2022-03-30",
        "symbol": "RTX",
        "period": "Q1",
        "revenues": 1390000000,
        "costofgoodsandservicessold": 2740000000,
        "researchanddevelopmentexpense": 635000000,
        "sellinggeneralandadministrativeexpense": 1469000000,
        "costsandexpenses": 14664000000,
        "otheroperatingincome": 28000000,
        "operatingincomeloss": -484000000,
        "netperiodicdefinedbenefitsexpensereversalofexpenseexcludingservicecostcomponent": -1000000,
        "interestexpense": 318000000,
        "nonoperatingincomeexpense": -162000000,
        "incomelossfromcontinuingoperationsbeforeincometaxesextraordinaryitemsnoncontrollinginterest": 1242000000,
        "incometaxexpensebenefit": 116000000,
        "incomelossfromcontinuingoperationsincludingportionattributabletononcontrollinginterest": 1126000000,
        "incomelossfromcontinuingoperationsattributabletononcontrollingentity": 23000000,
        "incomelossfromcontinuingoperations": 28000000,
        "incomelossfromdiscontinuedoperationsnetoftaxattributabletoreportingentity": -19000000,
        "netincomeloss": 1084000000,
        "incomelossfromcontinuingoperationsperbasicshare": 0.74,
        "discontinuedoperationincomelossfromdiscontinuedoperationnetoftaxperbasicshare": -0.01,
        "earningspersharebasic": 0.73,
        "incomelossfromcontinuingoperationsperdilutedshare": 0.02,
        "discontinuedoperationincomelossfromdiscontinuedoperationnetoftaxperdilutedshare": -0.02,
        "earningspersharediluted": 0.72,
        "profitloss": 1107000000,
        "othercomprehensiveincomelossforeigncurrencytransactionandtranslationadjustmentbeforetax": -240000000,
        "othercomprehensiveincomelosspensionandotherpostretirementbenefitplansadjustmentbeforetax": -21000000,
        "othercomprehensiveincomelosscashflowhedgegainlossafterreclassificationbeforetax": 37000000,
        "othercomprehensiveincomelossbeforetax": -182000000,
        "othercomprehensiveincomelosstax": 18000000,
        "othercomprehensiveincomelossnetoftax": -200000000,
        "comprehensiveincomenetoftaxincludingportionattributabletononcontrollinginterest": 907000000,
        "comprehensiveincomenetoftaxattributabletononcontrollinginterest": 23000000,
        "comprehensiveincomenetoftax": 884000000
    },
    {
        "date": "2021-12-30",
        "symbol": "RTX",
        "period": "Q4",
        "revenues": 23993000000,
        "costofgoodsandservicessold": 18331000000,
        "researchanddevelopmentexpense": 810000000,
        "sellinggeneralandadministrativeexpense": 1407000000,
        "costsandexpenses": 15833000000,
        "operatingincomeloss": 3249000000,
        "netperiodicdefinedbenefitsexpensereversalofexpenseexcludingservicecostcomponent": -961000000,
        "interestexpense": 276000000,
        "nonoperatingincomeexpense": 453000000,
        "incomelossfromcontinuingoperationsbeforeincometaxesextraordinaryitemsnoncontrollinginterest": 867000000,
        "incometaxexpensebenefit": 96000000,
        "incomelossfromcontinuingoperationsincludingportionattributabletononcontrollinginterest": 771000000,
        "incomelossfromcontinuingoperationsattributabletononcontrollingentity": 86000000,
        "incomelossfromcontinuingoperations": 2065000000,
        "discontinuedoperationincomelossfromdiscontinuedoperationbeforeincometax": 21000000,
        "discontinuedoperationtaxeffectofdiscontinuedoperation": 20000000,
        "incomelossfromdiscontinuedoperationsnetoftax": 1000000,
        "incomelossfromdiscontinuedoperationsnetoftaxattributabletoreportingentity": 1000000,
        "netincomeloss": 686000000,
        "incomelossfromcontinuingoperationsperbasicshare": 0.4700000000000002,
        "earningspersharebasic": 0.45999999999999996,
        "incomelossfromcontinuingoperationsperdilutedshare": 1.3700000000000003,
        "earningspersharediluted": 0.45999999999999996,
        "profitloss": 772000000,
        "othercomprehensiveincomelosscashflowhedgegainlossafterreclassificationbeforetax": -115000000,
        "othercomprehensiveincomelossforeigncurrencytransactionandtranslationadjustmentbeforetax": -408000000,
        "othercomprehensiveincomelossbeforetax": 2755000000,
        "othercomprehensiveincomelosstax": 731000000,
        "othercomprehensiveincomelossnetoftax": 2024000000,
        "comprehensiveincomenetoftaxincludingportionattributabletononcontrollinginterest": 2796000000,
        "comprehensiveincomenetoftaxattributabletononcontrollinginterest": 86000000,
        "comprehensiveincomenetoftax": 2710000000
    },
    {
        "date": "2021-09-29",
        "symbol": "RTX",
        "period": "Q3",
        "revenues": 1434000000,
        "costofgoodsandservicessold": 2793000000,
        "researchanddevelopmentexpense": 676000000,
        "sellinggeneralandadministrativeexpense": 1229000000,
        "costsandexpenses": 14994000000,
        "otheroperatingincome": 124000000,
        "operatingincomeloss": -586000000,
        "netperiodicdefinedbenefitsexpensereversalofexpenseexcludingservicecostcomponent": -2000000,
        "interestexpense": 358000000,
        "nonoperatingincomeexpense": -133000000,
        "incomelossfromcontinuingoperationsbeforeincometaxesextraordinaryitemsnoncontrollinginterest": 1476000000,
        "incometaxexpensebenefit": 3000000,
        "incomelossfromcontinuingoperationsincludingportionattributabletononcontrollinginterest": 1473000000,
        "incomelossfromcontinuingoperationsattributabletononcontrollingentity": 73000000,
        "incomelossfromcontinuingoperations": 20000000,
        "discontinuedoperationincomelossfromdiscontinuedoperationbeforeincometax": -1000000,
        "discontinuedoperationtaxeffectofdiscontinuedoperation": 6000000,
        "incomelossfromdiscontinuedoperationsnetoftax": -7000000,
        "incomelossfromdiscontinuedoperationsnetoftaxattributabletoreportingentity": -7000000,
        "netincomeloss": 1393000000,
        "incomelossfromcontinuingoperationsperbasicshare": 0.9299999999999999,
        "discontinuedoperationincomelossfromdiscontinuedoperationnetoftaxperbasicshare": 0,
        "earningspersharebasic": 0.9299999999999999,
        "incomelossfromcontinuingoperationsperdilutedshare": 0.009999999999999997,
        "discontinuedoperationincomelossfromdiscontinuedoperationnetoftaxperdilutedshare": -0.009999999999999997,
        "earningspersharediluted": 0.9200000000000002,
        "profitloss": 1466000000,
        "othercomprehensiveincomelossforeigncurrencytransactionandtranslationadjustmentbeforetax": -321000000,
        "othercomprehensiveincomelosspensionandotherpostretirementbenefitplansadjustmentbeforetax": -86000000,
        "othercomprehensiveincomelosscashflowhedgegainlossafterreclassificationbeforetax": -167000000,
        "othercomprehensiveincomelossbeforetax": -402000000,
        "othercomprehensiveincomelosstax": -18000000,
        "othercomprehensiveincomelossnetoftax": -384000000,
        "comprehensiveincomenetoftaxincludingportionattributabletononcontrollinginterest": 1082000000,
        "comprehensiveincomenetoftaxattributabletononcontrollinginterest": 73000000,
        "comprehensiveincomenetoftax": 1009000000
    },
    {
        "date": "2021-06-29",
        "symbol": "RTX",
        "period": "Q2",
        "revenues": 12179000000,
        "costofgoodsandservicessold": 9997000000,
        "researchanddevelopmentexpense": 657000000,
        "sellinggeneralandadministrativeexpense": 1368000000,
        "costsandexpenses": 14680000000,
        "otheroperatingincome": 82000000,
        "operatingincomeloss": 1282000000,
        "netperiodicdefinedbenefitsexpensereversalofexpenseexcludingservicecostcomponent": -490000000,
        "interestexpense": 342000000,
        "nonoperatingincomeexpense": -148000000,
        "incomelossfromcontinuingoperationsbeforeincometaxesextraordinaryitemsnoncontrollinginterest": 1430000000,
        "incometaxexpensebenefit": 342000000,
        "incomelossfromcontinuingoperationsincludingportionattributabletononcontrollinginterest": 1088000000,
        "incomelossfromcontinuingoperationsattributabletononcontrollingentity": 48000000,
        "incomelossfromcontinuingoperations": 1040000000,
        "discontinuedoperationincomelossfromdiscontinuedoperationbeforeincometax": -10000000,
        "discontinuedoperationtaxeffectofdiscontinuedoperation": -2000000,
        "incomelossfromdiscontinuedoperationsnetoftax": -8000000,
        "incomelossfromdiscontinuedoperationsnetoftaxattributabletoreportingentity": -8000000,
        "netincomeloss": 1032000000,
        "incomelossfromcontinuingoperationsperbasicshare": 0.69,
        "discontinuedoperationincomelossfromdiscontinuedoperationnetoftaxperbasicshare": -0.01,
        "earningspersharebasic": 0.6799999999999999,
        "incomelossfromcontinuingoperationsperdilutedshare": 0.69,
        "discontinuedoperationincomelossfromdiscontinuedoperationnetoftaxperdilutedshare": -0.01,
        "earningspersharediluted": 0.6799999999999999,
        "profitloss": 1080000000,
        "othercomprehensiveincomelossforeigncurrencytransactionandtranslationadjustmentbeforetax": 258000000,
        "othercomprehensiveincomelosspensionandotherpostretirementbenefitplansadjustmentbeforetax": -50000000,
        "othercomprehensiveincomelosscashflowhedgegainlossafterreclassificationbeforetax": 88000000,
        "othercomprehensiveincomelossbeforetax": 396000000,
        "othercomprehensiveincomelosstax": 30000000,
        "othercomprehensiveincomelossnetoftax": 366000000,
        "comprehensiveincomenetoftaxincludingportionattributabletononcontrollinginterest": 1446000000,
        "comprehensiveincomenetoftaxattributabletononcontrollinginterest": 48000000,
        "comprehensiveincomenetoftax": 1398000000
    },
    {
        "date": "2021-03-30",
        "symbol": "RTX",
        "period": "Q1",
        "revenues": 11664000000,
        "costofgoodsandservicessold": 9974000000,
        "researchanddevelopmentexpense": 589000000,
        "sellinggeneralandadministrativeexpense": 1220000000,
        "costsandexpenses": 14346000000,
        "otheroperatingincome": 108000000,
        "operatingincomeloss": 1013000000,
        "netperiodicdefinedbenefitsexpensereversalofexpenseexcludingservicecostcomponent": -491000000,
        "interestexpense": 346000000,
        "nonoperatingincomeexpense": -145000000,
        "incomelossfromcontinuingoperationsbeforeincometaxesextraordinaryitemsnoncontrollinginterest": 1158000000,
        "incometaxexpensebenefit": 345000000,
        "incomelossfromcontinuingoperationsincludingportionattributabletononcontrollinginterest": 813000000,
        "incomelossfromcontinuingoperationsattributabletononcontrollingentity": 41000000,
        "incomelossfromcontinuingoperations": 772000000,
        "discontinuedoperationincomelossfromdiscontinuedoperationbeforeincometax": -20000000,
        "discontinuedoperationtaxeffectofdiscontinuedoperation": -1000000,
        "incomelossfromdiscontinuedoperationsnetoftax": -19000000,
        "incomelossfromdiscontinuedoperationsnetoftaxattributabletoreportingentity": -19000000,
        "netincomeloss": 753000000,
        "incomelossfromcontinuingoperationsperbasicshare": 0.51,
        "discontinuedoperationincomelossfromdiscontinuedoperationnetoftaxperbasicshare": -0.01,
        "earningspersharebasic": 0.5,
        "incomelossfromcontinuingoperationsperdilutedshare": 0.51,
        "discontinuedoperationincomelossfromdiscontinuedoperationnetoftaxperdilutedshare": -0.01,
        "earningspersharediluted": 0.5,
        "profitloss": 794000000,
        "othercomprehensiveincomelossforeigncurrencytransactionandtranslationadjustmentbeforetax": -176000000,
        "othercomprehensiveincomelosspensionandotherpostretirementbenefitplansadjustmentbeforetax": -54000000,
        "othercomprehensiveincomelosscashflowhedgegainlossafterreclassificationbeforetax": -60000000,
        "othercomprehensiveincomelossbeforetax": -182000000,
        "othercomprehensiveincomelosstax": 5000000,
        "othercomprehensiveincomelossnetoftax": -187000000,
        "comprehensiveincomenetoftaxincludingportionattributabletononcontrollinginterest": 607000000,
        "comprehensiveincomenetoftaxattributabletononcontrollinginterest": 41000000,
        "comprehensiveincomenetoftax": 566000000
    },
    {
        "date": "2020-03-30",
        "symbol": "RTX",
        "period": "Q1",
        "revenues": 12432000000,
        "costofgoodsandservicessold": 9781000000,
        "researchanddevelopmentexpense": 671000000,
        "sellinggeneralandadministrativeexpense": 2248000000,
        "costsandexpenses": 16327000000,
        "otheroperatingincome": -76000000,
        "operatingincomeloss": 1807000000,
        "netperiodicdefinedbenefitsexpensereversalofexpenseexcludingservicecostcomponent": -188000000,
        "interestexpense": 380000000,
        "incomelossfromcontinuingoperationsbeforeincometaxesextraordinaryitemsnoncontrollinginterest": 955000000,
        "incometaxexpensebenefit": 941000000,
        "incomelossfromcontinuingoperationsincludingportionattributabletononcontrollinginterest": 14000000,
        "incomelossfromcontinuingoperationsattributabletononcontrollingentity": 97000000,
        "netincomeloss": -83000000,
        "earningspersharebasic": -0.1,
        "earningspersharediluted": -0.1,
        "extinguishmentofdebtamount": 660000000,
        "othercomprehensiveincomelossforeigncurrencytransactionandtranslationadjustmentnetoftax": -1444000000,
        "othercomprehensiveincomelosspensionandotherpostretirementbenefitplansadjustmentnetoftax": -79000000,
        "othercomprehensiveincomederivativesqualifyingashedgesnetoftaxportionattributabletoparent": -282000000,
        "othercomprehensiveincomelossnetoftax": -1647000000,
        "comprehensiveincomenetoftaxincludingportionattributabletononcontrollinginterest": -1633000000,
        "comprehensiveincomenetoftaxattributabletononcontrollinginterest": 91000000,
        "comprehensiveincomenetoftax": -1724000000
    },
    {
        "date": "2019-09-29",
        "symbol": "RTX",
        "period": "Q3",
        "incomelossfromcontinuingoperationsincludingportionattributabletononcontrollinginterest": 1257000000,
        "othercomprehensiveincomelossforeigncurrencytransactionandtranslationadjustmentnetoftax": -489000000,
        "othercomprehensiveincomelosspensionandotherpostretirementbenefitplansadjustmentnetoftax": 347000000,
        "othercomprehensiveincomederivativesqualifyingashedgesnetoftaxportionattributabletoparent": -107000000,
        "othercomprehensiveincomelossnetoftax": -943000000,
        "comprehensiveincomenetoftaxincludingportionattributabletononcontrollinginterest": 314000000,
        "comprehensiveincomenetoftaxattributabletononcontrollinginterest": 91000000,
        "comprehensiveincomenetoftax": 223000000,
        "revenues": 13651000000,
        "costofgoodsandservicessold": 10461000000,
        "researchanddevelopmentexpense": 732000000,
        "sellinggeneralandadministrativeexpense": 2104000000,
        "costsandexpenses": 17047000000,
        "otheroperatingincome": 37000000,
        "operatingincomeloss": 2486000000,
        "netperiodicdefinedbenefitsexpensereversalofexpenseexcludingservicecostcomponent": -303000000,
        "interestexpense": 401000000,
        "incomelossfromcontinuingoperationsbeforeincometaxesextraordinaryitemsnoncontrollinginterest": 2388000000,
        "incometaxexpensebenefit": 1131000000,
        "incomelossfromcontinuingoperationsattributabletononcontrollingentity": 109000000,
        "netincomeloss": 1148000000,
        "earningspersharebasic": 1.34,
        "earningspersharediluted": 1.33
    },
    {
        "date": "2019-06-29",
        "symbol": "RTX",
        "period": "Q2",
        "incomelossfromcontinuingoperationsincludingportionattributabletononcontrollinginterest": 1999000000,
        "othercomprehensiveincomelossforeigncurrencytransactionandtranslationadjustmentnetoftax": -423000000,
        "othercomprehensiveincomelosspensionandotherpostretirementbenefitplansadjustmentnetoftax": -24000000,
        "othercomprehensiveincomederivativesqualifyingashedgesnetoftaxportionattributabletoparent": 25000000,
        "othercomprehensiveincomelossnetoftax": -374000000,
        "comprehensiveincomenetoftaxincludingportionattributabletononcontrollinginterest": 1625000000,
        "comprehensiveincomenetoftaxattributabletononcontrollinginterest": 100000000,
        "comprehensiveincomenetoftax": 1525000000,
        "revenues": 14033000000,
        "costofgoodsandservicessold": 10863000000,
        "researchanddevelopmentexpense": 743000000,
        "sellinggeneralandadministrativeexpense": 2106000000,
        "costsandexpenses": 17262000000,
        "otheroperatingincome": 212000000,
        "operatingincomeloss": 2584000000,
        "netperiodicdefinedbenefitsexpensereversalofexpenseexcludingservicecostcomponent": -216000000,
        "interestexpense": 360000000,
        "incomelossfromcontinuingoperationsbeforeincometaxesextraordinaryitemsnoncontrollinginterest": 2440000000,
        "incometaxexpensebenefit": 441000000,
        "incomelossfromcontinuingoperationsattributabletononcontrollingentity": 99000000,
        "netincomeloss": 1900000000,
        "earningspersharebasic": 2.22,
        "earningspersharediluted": 2.2
    },
    {
        "date": "2019-03-30",
        "symbol": "RTX",
        "period": "Q1",
        "incomelossfromcontinuingoperationsincludingportionattributabletononcontrollinginterest": 1425000000,
        "othercomprehensiveincomelossforeigncurrencytransactionandtranslationadjustmentnetoftax": 521000000,
        "othercomprehensiveincomelosspensionandotherpostretirementbenefitplansadjustmentnetoftax": -33000000,
        "othercomprehensiveincomederivativesqualifyingashedgesnetoftaxportionattributabletoparent": 8000000,
        "othercomprehensiveincomelossnetoftax": 562000000,
        "comprehensiveincomenetoftaxincludingportionattributabletononcontrollinginterest": 1987000000,
        "comprehensiveincomenetoftaxattributabletononcontrollinginterest": 82000000,
        "comprehensiveincomenetoftax": 1905000000,
        "revenues": 18749000000,
        "costofgoodsandservicessold": 3421000000,
        "researchanddevelopmentexpense": 728000000,
        "sellinggeneralandadministrativeexpense": 1997000000,
        "costsandexpenses": 16432000000,
        "otheroperatingincome": 112000000,
        "operatingincomeloss": 2244000000,
        "netperiodicdefinedbenefitsexpensereversalofexpenseexcludingservicecostcomponent": -208000000,
        "interestexpense": 431000000,
        "incomelossfromcontinuingoperationsbeforeincometaxesextraordinaryitemsnoncontrollinginterest": 1822000000,
        "incometaxexpensebenefit": 397000000,
        "incomelossfromcontinuingoperationsattributabletononcontrollingentity": 79000000,
        "netincomeloss": 1346000000,
        "earningspersharebasic": 1.58,
        "earningspersharediluted": 1.56
    },
    {
        "date": "2018-12-30",
        "symbol": "RTX",
        "period": "Q4",
        "incomelossfromcontinuingoperationsincludingportionattributabletononcontrollinginterest": 74000000,
        "othercomprehensiveincomeforeigncurrencytransactionandtranslationgainlossbeforereclassificationandtax": -132000000,
        "othercomprehensiveincomelossforeigncurrencytransactionandtranslationadjustmentbeforetax": -137000000,
        "othercomprehensiveincomelossforeigncurrencytranslationadjustmenttax": 64000000,
        "othercomprehensiveincomelossamortizationadjustmentfromaocipensionandotherpostretirementbenefitplansfornetpriorservicecostcreditbeforetax": -303000000,
        "othercomprehensiveincomedefinedbenefitplansadjustmentbeforetaxportionattributabletoparent": 1663000000,
        "othercomprehensiveincomelosspensionandotherpostretirementbenefitplanstax": 390000000,
        "othercomprehensiveincomelosspensionandotherpostretirementbenefitplansadjustmentnetoftax": 1273000000,
        "othercomprehensiveincomeunrealizedgainlossonderivativesarisingduringperiodbeforetax": -202000000,
        "othercomprehensiveincomelossreclassificationadjustmentfromaocionderivativesbeforetax": -10000000,
        "othercomprehensiveincomederivativesqualifyingashedgesbeforetaxportionattributabletoparent": -192000000,
        "othercomprehensiveincomederivativesqualifyingashedgestaxportionattributabletoparent": -50000000,
        "othercomprehensiveincomederivativesqualifyingashedgesnetoftaxportionattributabletoparent": -142000000,
        "othercomprehensiveincomelossnetoftax": -1616000000,
        "comprehensiveincomenetoftaxincludingportionattributabletononcontrollinginterest": -818000000,
        "comprehensiveincomenetoftaxattributabletononcontrollinginterest": 106000000,
        "comprehensiveincomenetoftax": -924000000,
        "researchanddevelopmentexpense": -22000000,
        "sellinggeneralandadministrativeexpense": 1915000000,
        "costsandexpenses": -6000000,
        "operatingincomeloss": 6183000000,
        "interestexpense": 317000000,
        "incomelossfromcontinuingoperationsbeforeincometaxesextraordinaryitemsnoncontrollinginterest": 99000000,
        "incometaxexpensebenefit": 25000000,
        "incomelossfromcontinuingoperationsattributabletononcontrollingentity": 1000000,
        "incomelossfromcontinuingoperations": 686000000,
        "netincomeloss": 5201000000,
        "incomelossfromcontinuingoperationsperbasicshare": 0.78,
        "earningspersharebasic": 0.78,
        "incomelossfromcontinuingoperationsperdilutedshare": 0.7800000000000002,
        "earningspersharediluted": 0.7800000000000002
    },
    {
        "date": "2018-09-29",
        "symbol": "RTX",
        "period": "Q3",
        "incomelossfromcontinuingoperationsincludingportionattributabletononcontrollinginterest": 76000000,
        "othercomprehensiveincomeforeigncurrencytransactionandtranslationgainlossbeforereclassificationandtax": -166000000,
        "othercomprehensiveincomelossforeigncurrencytransactionandtranslationadjustmentbeforetax": -185000000,
        "othercomprehensiveincomelossforeigncurrencytranslationadjustmenttax": -4000000,
        "othercomprehensiveincomelosspensionandotherpostretirementbenefitplansnetunamortizedgainlossarisingduringperiodbeforetax": -17000000,
        "othercomprehensiveincomelossamortizationadjustmentfromaocipensionandotherpostretirementbenefitplansfornetpriorservicecostcreditbeforetax": 86000000,
        "othercomprehensiveincomedefinedbenefitplansadjustmentbeforetaxportionattributabletoparent": -69000000,
        "othercomprehensiveincomelosspensionandotherpostretirementbenefitplanstax": -15000000,
        "othercomprehensiveincomelosspensionandotherpostretirementbenefitplansadjustmentnetoftax": -54000000,
        "othercomprehensiveincomeunrealizedgainlossonderivativesarisingduringperiodbeforetax": 95000000,
        "othercomprehensiveincomelossreclassificationadjustmentfromaocionderivativesbeforetax": -2000000,
        "othercomprehensiveincomederivativesqualifyingashedgesbeforetaxportionattributabletoparent": 97000000,
        "othercomprehensiveincomederivativesqualifyingashedgestaxportionattributabletoparent": 28000000,
        "othercomprehensiveincomederivativesqualifyingashedgesnetoftaxportionattributabletoparent": 69000000,
        "othercomprehensiveincomelossnetoftax": -58000000,
        "comprehensiveincomenetoftaxincludingportionattributabletononcontrollinginterest": 1291000000,
        "comprehensiveincomenetoftaxattributabletononcontrollinginterest": 92000000,
        "comprehensiveincomenetoftax": 1199000000,
        "researchanddevelopmentexpense": -28000000,
        "sellinggeneralandadministrativeexpense": 1681000000,
        "costsandexpenses": -53000000,
        "otheroperatingincome": -1000000,
        "operatingincomeloss": 844000000,
        "interestexpense": 258000000,
        "incomelossfromcontinuingoperationsbeforeincometaxesextraordinaryitemsnoncontrollinginterest": 101000000,
        "incometaxexpensebenefit": 25000000,
        "incomelossfromcontinuingoperationsattributabletononcontrollingentity": -2000000,
        "incomelossfromcontinuingoperations": 1238000000,
        "netincomeloss": 78000000,
        "incomelossfromcontinuingoperationsperbasicshare": 1.5699999999999992,
        "earningspersharebasic": 1.5699999999999992,
        "incomelossfromcontinuingoperationsperdilutedshare": 1.54,
        "earningspersharediluted": 1.54
    },
    {
        "date": "2018-06-29",
        "symbol": "RTX",
        "period": "Q2",
        "incomelossfromcontinuingoperationsincludingportionattributabletononcontrollinginterest": -1372000000,
        "othercomprehensiveincomeforeigncurrencytransactionandtranslationgainlossbeforereclassificationandtax": -597000000,
        "othercomprehensiveincomelossforeigncurrencytransactionandtranslationadjustmentbeforetax": -735000000,
        "othercomprehensiveincomelossforeigncurrencytranslationadjustmenttax": 74000000,
        "othercomprehensiveincomelosspensionandotherpostretirementbenefitplansnetunamortizedgainlossarisingduringperiodbeforetax": 18000000,
        "othercomprehensiveincomelossamortizationadjustmentfromaocipensionandotherpostretirementbenefitplansfornetpriorservicecostcreditbeforetax": 88000000,
        "othercomprehensiveincomedefinedbenefitplansadjustmentbeforetaxportionattributabletoparent": -106000000,
        "othercomprehensiveincomelosspensionandotherpostretirementbenefitplanstax": -26000000,
        "othercomprehensiveincomelosspensionandotherpostretirementbenefitplansadjustmentnetoftax": -80000000,
        "othercomprehensiveincomelossasu201601adoptionimpactonsecuritiesarisingduringperiod": 0,
        "othercomprehensiveincomeavailableforsalesecuritiesadjustmentbeforetaxportionattributabletoparent": 0,
        "othercomprehensiveincomeavailableforsalesecuritiesadjustmentnetoftaxportionattributabletoparent": 0,
        "othercomprehensiveincomeunrealizedgainlossonderivativesarisingduringperiodbeforetax": -245000000,
        "othercomprehensiveincomelossreclassificationadjustmentfromaocionderivativesbeforetax": 1000000,
        "othercomprehensiveincomederivativesqualifyingashedgesbeforetaxportionattributabletoparent": -246000000,
        "othercomprehensiveincomederivativesqualifyingashedgestaxportionattributabletoparent": -60000000,
        "othercomprehensiveincomederivativesqualifyingashedgesnetoftaxportionattributabletoparent": -186000000,
        "othercomprehensiveincomelossnetoftax": -785000000,
        "comprehensiveincomenetoftaxincludingportionattributabletononcontrollinginterest": 1354000000,
        "comprehensiveincomenetoftaxattributabletononcontrollinginterest": 53000000,
        "comprehensiveincomenetoftax": 1301000000,
        "researchanddevelopmentexpense": -591000000,
        "sellinggeneralandadministrativeexpense": 1759000000,
        "costsandexpenses": -13137000000,
        "otheroperatingincome": -234000000,
        "operatingincomeloss": 1645000000,
        "interestexpense": 234000000,
        "incomelossfromcontinuingoperationsbeforeincometaxesextraordinaryitemsnoncontrollinginterest": -1895000000,
        "incometaxexpensebenefit": -523000000,
        "incomelossfromcontinuingoperationsattributabletononcontrollingentity": -65000000,
        "incomelossfromcontinuingoperations": 2048000000,
        "netincomeloss": -1307000000,
        "incomelossfromcontinuingoperationsperbasicshare": 2.5900000000000007,
        "earningspersharebasic": 2.5900000000000007,
        "incomelossfromcontinuingoperationsperdilutedshare": 2.5599999999999996,
        "earningspersharediluted": 2.5599999999999996
    },
    {
        "date": "2018-03-30",
        "symbol": "RTX",
        "period": "Q1",
        "incomelossfromcontinuingoperationsincludingportionattributabletononcontrollinginterest": 1368000000,
        "othercomprehensiveincomeforeigncurrencytransactionandtranslationgainlossbeforereclassificationandtax": 409000000,
        "othercomprehensiveincomelossforeigncurrencytranslationadjustmenttax": -130000000,
        "othercomprehensiveincomelossforeigncurrencytransactionandtranslationadjustmentbeforetax": 539000000,
        "othercomprehensiveincomelosspensionandotherpostretirementbenefitplansnetunamortizedgainlossarisingduringperiodbeforetax": 8000000,
        "othercomprehensiveincomelossamortizationadjustmentfromaocipensionandotherpostretirementbenefitplansfornetpriorservicecostcreditbeforetax": 88000000,
        "othercomprehensiveincomedefinedbenefitplansadjustmentbeforetaxportionattributabletoparent": -96000000,
        "othercomprehensiveincomelosspensionandotherpostretirementbenefitplanstax": -23000000,
        "othercomprehensiveincomelosspensionandotherpostretirementbenefitplansadjustmentnetoftax": -73000000,
        "othercomprehensiveincomelossasu201601adoptionimpactonsecuritiesarisingduringperiod": -5000000,
        "othercomprehensiveincomeavailableforsalesecuritiesadjustmentbeforetaxportionattributabletoparent": -5000000,
        "othercomprehensiveincomeavailableforsalesecuritiesadjustmentnetoftaxportionattributabletoparent": -5000000,
        "othercomprehensiveincomeunrealizedgainlossonderivativesarisingduringperiodbeforetax": 45000000,
        "othercomprehensiveincomelossreclassificationadjustmentfromaocionderivativesbeforetax": 27000000,
        "othercomprehensiveincomederivativesqualifyingashedgesbeforetaxportionattributabletoparent": 18000000,
        "othercomprehensiveincomederivativesqualifyingashedgestaxportionattributabletoparent": 4000000,
        "othercomprehensiveincomederivativesqualifyingashedgesnetoftaxportionattributabletoparent": 14000000,
        "othercomprehensiveincomelossnetoftax": 621000000,
        "comprehensiveincomenetoftaxincludingportionattributabletononcontrollinginterest": 1989000000,
        "comprehensiveincomenetoftaxattributabletononcontrollinginterest": 104000000,
        "comprehensiveincomenetoftax": 1885000000,
        "salesrevenuegoodsnet": 10258000000,
        "salesrevenueservicesnet": 4984000000,
        "salesrevenuenet": 4376000000,
        "costofgoodssold": 8016000000,
        "costofservices": 3264000000,
        "researchanddevelopmentexpense": 554000000,
        "sellinggeneralandadministrativeexpense": 1711000000,
        "costsandexpenses": 13545000000,
        "otheroperatingincome": 231000000,
        "operatingincomeloss": 592000000,
        "nonservicepensioncostbenefit": -191000000,
        "interestexpense": 229000000,
        "incomelossfromcontinuingoperationsbeforeincometaxesextraordinaryitemsnoncontrollinginterest": 1890000000,
        "incometaxexpensebenefit": 522000000,
        "incomelossfromcontinuingoperationsattributabletononcontrollingentity": 71000000,
        "incomelossfromcontinuingoperations": 1297000000,
        "netincomeloss": 1297000000,
        "incomelossfromcontinuingoperationsperbasicshare": 1.64,
        "earningspersharebasic": 1.64,
        "incomelossfromcontinuingoperationsperdilutedshare": 1.62,
        "earningspersharediluted": 1.62
    },
    {
        "date": "2017-09-29",
        "symbol": "RTX",
        "period": "Q3",
        "incomelossfromcontinuingoperationsincludingportionattributabletononcontrollinginterest": 1434000000,
        "profitloss": 1434000000,
        "othercomprehensiveincomeforeigncurrencytransactionandtranslationgainlossbeforereclassificationandtax": 474000000,
        "othercomprehensiveincomelossforeigncurrencytransactionandtranslationreclassificationadjustmentfromaocirealizeduponsaleorliquidationbeforetax": 3000000,
        "othercomprehensiveincomelossforeigncurrencytransactionandtranslationadjustmentbeforetax": 511000000,
        "othercomprehensiveincomelosspensionandotherpostretirementbenefitplansnetunamortizedgainlossarisingduringperiodbeforetax": -50000000,
        "othercomprehensiveincomelossamortizationadjustmentfromaocipensionandotherpostretirementbenefitplansfornetpriorservicecostcreditbeforetax": 132000000,
        "othercomprehensiveincomedefinedbenefitplansadjustmentbeforetaxportionattributabletoparent": -82000000,
        "othercomprehensiveincomelosspensionandotherpostretirementbenefitplanstax": -53000000,
        "othercomprehensiveincomelosspensionandotherpostretirementbenefitplansadjustmentnetoftax": -29000000,
        "othercomprehensiveincomeunrealizedholdinggainlossonsecuritiesarisingduringperiodbeforetax": 19000000,
        "othercomprehensiveincomelossreclassificationadjustmentfromaociforsaleofsecuritiesbeforetax": 138000000,
        "othercomprehensiveincomeavailableforsalesecuritiesadjustmentbeforetaxportionattributabletoparent": -119000000,
        "othercomprehensiveincomeavailableforsalesecuritiestaxportionattributabletoparent": -43000000,
        "othercomprehensiveincomeavailableforsalesecuritiesadjustmentnetoftaxportionattributabletoparent": -76000000,
        "othercomprehensiveincomeunrealizedgainlossonderivativesarisingduringperiodbeforetax": 310000000,
        "othercomprehensiveincomelossreclassificationadjustmentfromaocionderivativesbeforetax": 24000000,
        "othercomprehensiveincomederivativesqualifyingashedgesbeforetaxportionattributabletoparent": 286000000,
        "othercomprehensiveincomederivativesqualifyingashedgestaxportionattributabletoparent": 73000000,
        "othercomprehensiveincomederivativesqualifyingashedgesnetoftaxportionattributabletoparent": 213000000,
        "othercomprehensiveincomelossnetoftax": 677000000,
        "comprehensiveincomenetoftaxincludingportionattributabletononcontrollinginterest": 2111000000,
        "comprehensiveincomenetoftaxattributabletononcontrollinginterest": 144000000,
        "comprehensiveincomenetoftax": 1967000000,
        "salesrevenuegoodsnet": 10378000000,
        "salesrevenueservicesnet": 4684000000,
        "salesrevenuenet": 4688000000,
        "costofgoodssold": 7750000000,
        "costofservices": 3293000000,
        "researchanddevelopmentexpense": 582000000,
        "sellinggeneralandadministrativeexpense": 1524000000,
        "costsandexpenses": 13149000000,
        "otheroperatingincome": 250000000,
        "operatingincomeloss": 828000000,
        "interestexpense": 223000000,
        "incomelossfromcontinuingoperationsbeforeincometaxesextraordinaryitemsnoncontrollinginterest": 1940000000,
        "incometaxexpensebenefit": 506000000,
        "incomelossfromcontinuingoperationsattributabletononcontrollingentity": 104000000,
        "incomelossfromcontinuingoperations": 1330000000,
        "netincomeloss": 1330000000,
        "incomelossfromcontinuingoperationsperbasicshare": 1.69,
        "earningspersharebasic": 1.69,
        "incomelossfromcontinuingoperationsperdilutedshare": 1.67,
        "earningspersharediluted": 1.67
    },
    {
        "date": "2017-06-29",
        "symbol": "RTX",
        "period": "Q2",
        "incomelossfromcontinuingoperationsincludingportionattributabletononcontrollinginterest": 1532000000,
        "profitloss": 1532000000,
        "othercomprehensiveincomeforeigncurrencytransactionandtranslationgainlossbeforereclassificationandtax": 231000000,
        "othercomprehensiveincomelossforeigncurrencytransactionandtranslationadjustmentbeforetax": 249000000,
        "othercomprehensiveincomelosspensionandotherpostretirementbenefitplansnetunamortizedgainlossarisingduringperiodbeforetax": -5000000,
        "othercomprehensiveincomelossamortizationadjustmentfromaocipensionandotherpostretirementbenefitplansfornetpriorservicecostcreditbeforetax": 132000000,
        "othercomprehensiveincomedefinedbenefitplansadjustmentbeforetaxportionattributabletoparent": -127000000,
        "othercomprehensiveincomelosspensionandotherpostretirementbenefitplanstax": -47000000,
        "othercomprehensiveincomelosspensionandotherpostretirementbenefitplansadjustmentnetoftax": -80000000,
        "othercomprehensiveincomeunrealizedholdinggainlossonsecuritiesarisingduringperiodbeforetax": 30000000,
        "othercomprehensiveincomelossreclassificationadjustmentfromaociforsaleofsecuritiesbeforetax": 24000000,
        "othercomprehensiveincomeavailableforsalesecuritiesadjustmentbeforetaxportionattributabletoparent": 6000000,
        "othercomprehensiveincomeavailableforsalesecuritiestaxportionattributabletoparent": 2000000,
        "othercomprehensiveincomeavailableforsalesecuritiesadjustmentnetoftaxportionattributabletoparent": 4000000,
        "othercomprehensiveincomeunrealizedgainlossonderivativesarisingduringperiodbeforetax": 66000000,
        "othercomprehensiveincomelossreclassificationadjustmentfromaocionderivativesbeforetax": -5000000,
        "othercomprehensiveincomederivativesqualifyingashedgesbeforetaxportionattributabletoparent": 71000000,
        "othercomprehensiveincomederivativesqualifyingashedgestaxportionattributabletoparent": 17000000,
        "othercomprehensiveincomederivativesqualifyingashedgesnetoftaxportionattributabletoparent": 54000000,
        "othercomprehensiveincomelossnetoftax": 387000000,
        "comprehensiveincomenetoftaxincludingportionattributabletononcontrollinginterest": 1919000000,
        "comprehensiveincomenetoftaxattributabletononcontrollinginterest": 111000000,
        "comprehensiveincomenetoftax": 1808000000,
        "salesrevenuegoodsnet": 10661000000,
        "salesrevenueservicesnet": 4619000000,
        "salesrevenuenet": 4712000000,
        "costofgoodssold": 7907000000,
        "costofservices": 3193000000,
        "researchanddevelopmentexpense": 609000000,
        "sellinggeneralandadministrativeexpense": 1538000000,
        "costsandexpenses": 13247000000,
        "otheroperatingincome": 257000000,
        "operatingincomeloss": 873000000,
        "interestexpense": 226000000,
        "incomelossfromcontinuingoperationsbeforeincometaxesextraordinaryitemsnoncontrollinginterest": 2064000000,
        "incometaxexpensebenefit": 532000000,
        "incomelossfromcontinuingoperationsattributabletononcontrollingentity": 93000000,
        "incomelossfromcontinuingoperations": 1439000000,
        "netincomeloss": 1439000000,
        "incomelossfromcontinuingoperationsperbasicshare": 1.83,
        "earningspersharebasic": 1.83,
        "incomelossfromcontinuingoperationsperdilutedshare": 1.8,
        "earningspersharediluted": 1.8
    },
    {
        "date": "2017-03-30",
        "symbol": "RTX",
        "period": "Q1",
        "incomelossfromcontinuingoperationsincludingportionattributabletononcontrollinginterest": 1468000000,
        "profitloss": 1468000000,
        "othercomprehensiveincomeforeigncurrencytransactionandtranslationgainlossbeforereclassificationandtax": 146000000,
        "othercomprehensiveincomelossforeigncurrencytransactionandtranslationadjustmentbeforetax": 146000000,
        "othercomprehensiveincomelosspensionandotherpostretirementbenefitplansnetunamortizedgainlossarisingduringperiodbeforetax": 1000000,
        "othercomprehensiveincomelossamortizationadjustmentfromaocipensionandotherpostretirementbenefitplansfornetpriorservicecostcreditbeforetax": 131000000,
        "othercomprehensiveincomedefinedbenefitplansadjustmentbeforetaxportionattributabletoparent": -132000000,
        "othercomprehensiveincomelosspensionandotherpostretirementbenefitplanstax": -49000000,
        "othercomprehensiveincomelosspensionandotherpostretirementbenefitplansadjustmentnetoftax": -83000000,
        "othercomprehensiveincomeunrealizedholdinggainlossonsecuritiesarisingduringperiodbeforetax": -32000000,
        "othercomprehensiveincomelossreclassificationadjustmentfromaociforsaleofsecuritiesbeforetax": 383000000,
        "othercomprehensiveincomeavailableforsalesecuritiesadjustmentbeforetaxportionattributabletoparent": -415000000,
        "othercomprehensiveincomeavailableforsalesecuritiestaxportionattributabletoparent": -158000000,
        "othercomprehensiveincomeavailableforsalesecuritiesadjustmentnetoftaxportionattributabletoparent": -257000000,
        "othercomprehensiveincomeunrealizedgainlossonderivativesarisingduringperiodbeforetax": 64000000,
        "othercomprehensiveincomelossreclassificationadjustmentfromaocionderivativesbeforetax": -5000000,
        "othercomprehensiveincomederivativesqualifyingashedgesbeforetaxportionattributabletoparent": 69000000,
        "othercomprehensiveincomederivativesqualifyingashedgestaxportionattributabletoparent": 15000000,
        "othercomprehensiveincomederivativesqualifyingashedgesnetoftaxportionattributabletoparent": 54000000,
        "othercomprehensiveincomelossnetoftax": 26000000,
        "comprehensiveincomenetoftaxincludingportionattributabletononcontrollinginterest": 1494000000,
        "comprehensiveincomenetoftaxattributabletononcontrollinginterest": 107000000,
        "comprehensiveincomenetoftax": 1387000000,
        "salesrevenuegoodsnet": 9637000000,
        "salesrevenueservicesnet": 4178000000,
        "salesrevenuenet": 3892000000,
        "costofgoodssold": 7263000000,
        "costofservices": 2814000000,
        "researchanddevelopmentexpense": 577000000,
        "sellinggeneralandadministrativeexpense": 1482000000,
        "costsandexpenses": 12136000000,
        "otheroperatingincome": 588000000,
        "operatingincomeloss": 963000000,
        "interestexpense": 213000000,
        "incomelossfromcontinuingoperationsbeforeincometaxesextraordinaryitemsnoncontrollinginterest": 2054000000,
        "incometaxexpensebenefit": 586000000,
        "incomelossfromcontinuingoperationsattributabletononcontrollingentity": 82000000,
        "incomelossfromcontinuingoperations": 1386000000,
        "netincomeloss": 1386000000,
        "incomelossfromcontinuingoperationsperbasicshare": 1.75,
        "earningspersharebasic": 1.75,
        "incomelossfromcontinuingoperationsperdilutedshare": 1.73,
        "earningspersharediluted": 1.73
    },
    {
        "date": "2016-12-30",
        "symbol": "RTX",
        "period": "Q4",
        "incomelossfromcontinuingoperationsincludingportionattributabletononcontrollinginterest": 1122000000,
        "incomelossfromdiscontinuedoperationsnetoftax": -11000000,
        "profitloss": 1111000000,
        "othercomprehensiveincomelossforeigncurrencytransactionandtranslationadjustmentbeforetax": -493000000,
        "othercomprehensiveincomelossamortizationadjustmentfromaocipensionandotherpostretirementbenefitplansfornetpriorservicecostcreditbeforetax": -414000000,
        "othercomprehensiveincomedefinedbenefitplansadjustmentbeforetaxportionattributabletoparent": 72000000,
        "othercomprehensiveincomelosspensionandotherpostretirementbenefitplanstax": -58000000,
        "othercomprehensiveincomelosspensionandotherpostretirementbenefitplansadjustmentnetoftax": 130000000,
        "othercomprehensiveincomeunrealizedholdinggainlossonsecuritiesarisingduringperiodbeforetax": 51000000,
        "othercomprehensiveincomelossreclassificationadjustmentfromaociforsaleofsecuritiesbeforetax": 22000000,
        "othercomprehensiveincomeavailableforsalesecuritiesadjustmentbeforetaxportionattributabletoparent": 29000000,
        "othercomprehensiveincomeavailableforsalesecuritiestaxportionattributabletoparent": 11000000,
        "othercomprehensiveincomeavailableforsalesecuritiesadjustmentnetoftaxportionattributabletoparent": 18000000,
        "othercomprehensiveincomeunrealizedgainlossonderivativesarisingduringperiodbeforetax": -113000000,
        "othercomprehensiveincomelossreclassificationadjustmentfromaocionderivativesbeforetax": -32000000,
        "othercomprehensiveincomederivativesqualifyingashedgesbeforetaxportionattributabletoparent": -81000000,
        "othercomprehensiveincomederivativesqualifyingashedgestaxportionattributabletoparent": -18000000,
        "othercomprehensiveincomederivativesqualifyingashedgesnetoftaxportionattributabletoparent": -63000000,
        "othercomprehensiveincomelossnetoftax": -648000000,
        "comprehensiveincomenetoftaxincludingportionattributabletononcontrollinginterest": 443000000,
        "comprehensiveincomenetoftaxattributabletononcontrollinginterest": 37000000,
        "comprehensiveincomenetoftax": 406000000,
        "salesrevenuegoodsnet": 10488000000,
        "salesrevenueservicesnet": 4171000000,
        "salesrevenuenet": 4249000000,
        "costofgoodssold": 7783000000,
        "costofservices": 2940000000,
        "researchanddevelopmentexpense": 626000000,
        "sellinggeneralandadministrativeexpense": 1856000000,
        "costsandexpenses": 13205000000,
        "operatingincomeloss": -1316000000,
        "interestexpense": 366000000,
        "incomelossfromcontinuingoperationsbeforeincometaxesextraordinaryitemsnoncontrollinginterest": 1273000000,
        "incometaxexpensebenefit": 656000000,
        "incomelossfromcontinuingoperationsattributabletononcontrollingentity": 100000000,
        "incomelossfromcontinuingoperations": 1022000000,
        "discontinuedoperationgainlossfromdisposalofdiscontinuedoperationbeforeincometax": 2000000,
        "discontinuedoperationtaxeffectofdiscontinuedoperation": 12000000,
        "incomelossfromdiscontinuedoperationsnetoftaxattributabletoreportingentity": -11000000,
        "netincomeloss": 1011000000,
        "incomelossfromcontinuingoperationsperbasicshare": 1.280000000000001,
        "earningspersharebasic": 1.27,
        "incomelossfromcontinuingoperationsperdilutedshare": 1.2599999999999998,
        "earningspersharediluted": 1.2599999999999996
    },
    {
        "date": "2016-09-29",
        "symbol": "RTX",
        "period": "Q3",
        "incomelossfromcontinuingoperationsincludingportionattributabletononcontrollinginterest": 1534000000,
        "incomelossfromdiscontinuedoperationsnetoftax": 37000000,
        "profitloss": 1571000000,
        "othercomprehensiveincomeforeigncurrencytransactionandtranslationgainlossbeforereclassificationandtax": -364000000,
        "othercomprehensiveincomelossforeigncurrencytransactionandtranslationreclassificationadjustmentfromaocirealizeduponsaleorliquidationbeforetax": 1000000,
        "othercomprehensiveincomelossforeigncurrencytransactionandtranslationadjustmentbeforetax": -360000000,
        "othercomprehensiveincomelosspensionandotherpostretirementbenefitplansnetunamortizedgainlossarisingduringperiodbeforetax": 7000000,
        "othercomprehensiveincomelossamortizationadjustmentfromaocipensionandotherpostretirementbenefitplansfornetpriorservicecostcreditbeforetax": 127000000,
        "othercomprehensiveincomedefinedbenefitplansadjustmentbeforetaxportionattributabletoparent": -134000000,
        "othercomprehensiveincomelosspensionandotherpostretirementbenefitplanstax": -50000000,
        "othercomprehensiveincomelosspensionandotherpostretirementbenefitplansadjustmentnetoftax": -84000000,
        "othercomprehensiveincomeunrealizedholdinggainlossonsecuritiesarisingduringperiodbeforetax": 49000000,
        "othercomprehensiveincomelossreclassificationadjustmentfromaociforsaleofsecuritiesbeforetax": 20000000,
        "othercomprehensiveincomeavailableforsalesecuritiesadjustmentbeforetaxportionattributabletoparent": 29000000,
        "othercomprehensiveincomeavailableforsalesecuritiestaxportionattributabletoparent": 11000000,
        "othercomprehensiveincomeavailableforsalesecuritiesadjustmentnetoftaxportionattributabletoparent": 18000000,
        "othercomprehensiveincomeunrealizedgainlossonderivativesarisingduringperiodbeforetax": -7000000,
        "othercomprehensiveincomelossreclassificationadjustmentfromaocionderivativesbeforetax": -32000000,
        "othercomprehensiveincomederivativesqualifyingashedgesbeforetaxportionattributabletoparent": 25000000,
        "othercomprehensiveincomederivativesqualifyingashedgestaxportionattributabletoparent": 7000000,
        "othercomprehensiveincomederivativesqualifyingashedgesnetoftaxportionattributabletoparent": 18000000,
        "othercomprehensiveincomelossnetoftax": -240000000,
        "comprehensiveincomenetoftaxincludingportionattributabletononcontrollinginterest": 1331000000,
        "comprehensiveincomenetoftaxattributabletononcontrollinginterest": 96000000,
        "comprehensiveincomenetoftax": 1235000000,
        "salesrevenuegoodsnet": 10194000000,
        "salesrevenueservicesnet": 4160000000,
        "salesrevenuenet": 4415000000,
        "costofgoodssold": 7522000000,
        "costofservices": 2820000000,
        "researchanddevelopmentexpense": 582000000,
        "sellinggeneralandadministrativeexpense": 1390000000,
        "costsandexpenses": 12314000000,
        "otheroperatingincome": 211000000,
        "operatingincomeloss": 801000000,
        "interestexpense": 225000000,
        "incomelossfromcontinuingoperationsbeforeincometaxesextraordinaryitemsnoncontrollinginterest": 2026000000,
        "incometaxexpensebenefit": -13000000,
        "incomelossfromcontinuingoperationsattributabletononcontrollingentity": 91000000,
        "incomelossfromcontinuingoperations": 1443000000,
        "disposalgroupincludingdiscontinuedoperationoperatingincomeloss": 1000000,
        "discontinuedoperationgainlossfromdisposalofdiscontinuedoperationbeforeincometax": -4000000,
        "discontinuedoperationtaxeffectofdiscontinuedoperation": -40000000,
        "incomelossfromdiscontinuedoperationsnetoftaxattributabletoreportingentity": 37000000,
        "netincomeloss": 1480000000,
        "incomelossfromcontinuingoperationsperbasicshare": 1.76,
        "earningspersharebasic": 1.8,
        "incomelossfromcontinuingoperationsperdilutedshare": 1.74,
        "earningspersharediluted": 1.78
    },
    {
        "date": "2016-06-29",
        "symbol": "RTX",
        "period": "Q2",
        "incomelossfromcontinuingoperationsincludingportionattributabletononcontrollinginterest": 1519000000,
        "incomelossfromdiscontinuedoperationsnetoftax": -47000000,
        "profitloss": 1472000000,
        "othercomprehensiveincomelossforeigncurrencytransactionandtranslationreclassificationadjustmentfromaocirealizeduponsaleorliquidationbeforetax": 0,
        "othercomprehensiveincomelossforeigncurrencytransactionandtranslationadjustmentbeforetax": -275000000,
        "othercomprehensiveincomelosspensionandotherpostretirementbenefitplansnetunamortizedgainlossarisingduringperiodbeforetax": -12000000,
        "othercomprehensiveincomelossamortizationadjustmentfromaocipensionandotherpostretirementbenefitplansfornetpriorservicecostcreditbeforetax": 128000000,
        "othercomprehensiveincomedefinedbenefitplansadjustmentbeforetaxportionattributabletoparent": -116000000,
        "othercomprehensiveincomelosspensionandotherpostretirementbenefitplanstax": -43000000,
        "othercomprehensiveincomelosspensionandotherpostretirementbenefitplansadjustmentnetoftax": -73000000,
        "othercomprehensiveincomeunrealizedholdinggainlossonsecuritiesarisingduringperiodbeforetax": 21000000,
        "othercomprehensiveincomelossreclassificationadjustmentfromaociforsaleofsecuritiesbeforetax": 25000000,
        "othercomprehensiveincomeavailableforsalesecuritiesadjustmentbeforetaxportionattributabletoparent": -4000000,
        "othercomprehensiveincomeavailableforsalesecuritiestaxportionattributabletoparent": -5000000,
        "othercomprehensiveincomeavailableforsalesecuritiesadjustmentnetoftaxportionattributabletoparent": 1000000,
        "othercomprehensiveincomeunrealizedgainlossonderivativesarisingduringperiodbeforetax": 36000000,
        "othercomprehensiveincomelossreclassificationadjustmentfromaocionderivativesbeforetax": -45000000,
        "othercomprehensiveincomederivativesqualifyingashedgesbeforetaxportionattributabletoparent": 81000000,
        "othercomprehensiveincomederivativesqualifyingashedgestaxportionattributabletoparent": 21000000,
        "othercomprehensiveincomederivativesqualifyingashedgesnetoftaxportionattributabletoparent": 60000000,
        "othercomprehensiveincomelossnetoftax": -142000000,
        "comprehensiveincomenetoftaxincludingportionattributabletononcontrollinginterest": 1330000000,
        "comprehensiveincomenetoftaxattributabletononcontrollinginterest": 97000000,
        "comprehensiveincomenetoftax": 1233000000,
        "salesrevenuegoodsnet": 10634000000,
        "salesrevenueservicesnet": 4240000000,
        "salesrevenuenet": 4459000000,
        "costofgoodssold": 7933000000,
        "costofservices": 2808000000,
        "researchanddevelopmentexpense": 588000000,
        "sellinggeneralandadministrativeexpense": 1451000000,
        "costsandexpenses": 12780000000,
        "otheroperatingincome": 243000000,
        "operatingincomeloss": 872000000,
        "interestexpense": 225000000,
        "incomelossfromcontinuingoperationsbeforeincometaxesextraordinaryitemsnoncontrollinginterest": 2112000000,
        "incometaxexpensebenefit": 593000000,
        "incomelossfromcontinuingoperationsattributabletononcontrollingentity": 99000000,
        "incomelossfromcontinuingoperations": 1420000000,
        "discontinuedoperationgainlossfromdisposalofdiscontinuedoperationbeforeincometax": -3000000,
        "discontinuedoperationtaxeffectofdiscontinuedoperation": 45000000,
        "incomelossfromdiscontinuedoperationsnetoftaxattributabletoreportingentity": -47000000,
        "netincomeloss": 1373000000,
        "incomelossfromcontinuingoperationsperbasicshare": 1.72,
        "earningspersharebasic": 1.67,
        "incomelossfromcontinuingoperationsperdilutedshare": 1.71,
        "earningspersharediluted": 1.6500000000000001
    },
    {
        "date": "2016-03-30",
        "symbol": "RTX",
        "period": "Q1",
        "incomelossfromcontinuingoperationsincludingportionattributabletononcontrollinginterest": 1261000000,
        "incomelossfromdiscontinuedoperationsnetoftax": 11000000,
        "profitloss": 1272000000,
        "othercomprehensiveincomelossforeigncurrencytransactionandtranslationadjustmentbeforetax": 39000000,
        "othercomprehensiveincomelossforeigncurrencytransactionandtranslationreclassificationadjustmentfromaocirealizeduponsaleorliquidationbeforetax": -1000000,
        "othercomprehensiveincomeforeigncurrencytransactionandtranslationadjustmentbeforetaxportionattributabletoparent": 40000000,
        "othercomprehensiveincomelosspensionandotherpostretirementbenefitplansnetunamortizedgainlossarisingduringperiodbeforetax": -25000000,
        "othercomprehensiveincomelossamortizationadjustmentfromaocipensionandotherpostretirementbenefitplansfornetpriorservicecostcreditbeforetax": 126000000,
        "othercomprehensiveincomedefinedbenefitplansadjustmentbeforetaxportionattributabletoparent": -101000000,
        "othercomprehensiveincomelosspensionandotherpostretirementbenefitplanstax": -38000000,
        "othercomprehensiveincomelosspensionandotherpostretirementbenefitplansadjustmentnetoftax": -63000000,
        "othercomprehensiveincomeunrealizedholdinggainlossonsecuritiesarisingduringperiodbeforetax": 69000000,
        "othercomprehensiveincomelossreclassificationadjustmentfromaociforsaleofsecuritiesbeforetax": 27000000,
        "othercomprehensiveincomeavailableforsalesecuritiesadjustmentbeforetaxportionattributabletoparent": 42000000,
        "othercomprehensiveincomeavailableforsalesecuritiestaxportionattributabletoparent": 19000000,
        "othercomprehensiveincomeavailableforsalesecuritiesadjustmentnetoftaxportionattributabletoparent": 23000000,
        "othercomprehensiveincomeunrealizedgainlossonderivativesarisingduringperiodbeforetax": 159000000,
        "othercomprehensiveincomelossreclassificationadjustmentfromaocionderivativesbeforetax": -62000000,
        "othercomprehensiveincomederivativesqualifyingashedgesbeforetaxportionattributabletoparent": 221000000,
        "othercomprehensiveincomederivativesqualifyingashedgestaxportionattributabletoparent": 59000000,
        "othercomprehensiveincomederivativesqualifyingashedgesnetoftaxportionattributabletoparent": 162000000,
        "othercomprehensiveincomelossnetoftax": 288000000,
        "comprehensiveincomenetoftaxincludingportionattributabletononcontrollinginterest": 1560000000,
        "comprehensiveincomenetoftaxattributabletononcontrollinginterest": 94000000,
        "comprehensiveincomenetoftax": 1466000000,
        "salesrevenuegoodsnet": 9419000000,
        "salesrevenueservicesnet": 3938000000,
        "salesrevenuenet": 3728000000,
        "costofgoodssold": 7087000000,
        "costofservices": 2567000000,
        "researchanddevelopmentexpense": 541000000,
        "sellinggeneralandadministrativeexpense": 1363000000,
        "costsandexpenses": 11558000000,
        "otheroperatingincome": 146000000,
        "operatingincomeloss": 606000000,
        "interestexpense": 223000000,
        "incomelossfromcontinuingoperationsbeforeincometaxesextraordinaryitemsnoncontrollinginterest": 1722000000,
        "incometaxexpensebenefit": 461000000,
        "incomelossfromcontinuingoperationsattributabletononcontrollingentity": 81000000,
        "incomelossfromcontinuingoperations": 1180000000,
        "discontinuedoperationgainlossfromdisposalofdiscontinuedoperationbeforeincometax": 18000000,
        "discontinuedoperationtaxeffectofdiscontinuedoperation": 7000000,
        "incomelossfromdiscontinuedoperationsnetoftaxattributabletoreportingentity": 11000000,
        "netincomeloss": 1191000000,
        "incomelossfromcontinuingoperationsperbasicshare": 1.43,
        "earningspersharebasic": 1.44,
        "incomelossfromcontinuingoperationsperdilutedshare": 1.42,
        "earningspersharediluted": 1.43
    },
    {
        "date": "2015-12-30",
        "symbol": "RTX",
        "period": "Q4",
        "incomelossfromcontinuingoperationsincludingportionattributabletononcontrollinginterest": -320000000,
        "othercomprehensiveincomelossforeigncurrencytransactionandtranslationadjustmentbeforetax": -300000000,
        "othercomprehensiveincomeforeigncurrencytransactionandtranslationadjustmentbeforetaxportionattributabletoparent": -257000000,
        "othercomprehensiveincomelosspensionandotherpostretirementbenefitplansnetunamortizedgainlossarisingduringperiodbeforetax": -440000000,
        "othercomprehensiveincomedefinedbenefitplansadjustmentbeforetaxportionattributabletoparent": -64000000,
        "othercomprehensiveincomelosspensionandotherpostretirementbenefitplanstax": -2000000,
        "othercomprehensiveincomeunrealizedholdinggainlossonsecuritiesarisingduringperiodbeforetax": 10000000,
        "othercomprehensiveincomelossreclassificationadjustmentfromaociforsaleofsecuritiesbeforetax": -2000000,
        "othercomprehensiveincomeavailableforsalesecuritiesadjustmentbeforetaxportionattributabletoparent": 12000000,
        "othercomprehensiveincomeavailableforsalesecuritiestaxportionattributabletoparent": 6000000,
        "othercomprehensiveincomeavailableforsalesecuritiesadjustmentnetoftaxportionattributabletoparent": 6000000,
        "othercomprehensiveincomeunrealizedgainlossonderivativesarisingduringperiodbeforetax": -141000000,
        "othercomprehensiveincomelossreclassificationadjustmentfromaocionderivativesbeforetax": -70000000,
        "othercomprehensiveincomederivativesqualifyingashedgesbeforetaxportionattributabletoparent": -71000000,
        "othercomprehensiveincomederivativesqualifyingashedgestaxportionattributabletoparent": -19000000,
        "othercomprehensiveincomederivativesqualifyingashedgesnetoftaxportionattributabletoparent": -52000000,
        "comprehensiveincomenetoftaxincludingportionattributabletononcontrollinginterest": 3114000000,
        "comprehensiveincomenetoftaxattributabletononcontrollinginterest": 67000000,
        "comprehensiveincomenetoftax": 3047000000,
        "salesrevenuegoodsnet": 7740000000,
        "salesrevenueservicesnet": 3696000000,
        "salesrevenuenet": 4122000000,
        "costofgoodssold": 5807000000,
        "costofservices": 2476000000,
        "researchanddevelopmentexpense": 525000000,
        "sellinggeneralandadministrativeexpense": 1421000000,
        "costsandexpenses": 10229000000,
        "operatingincomeloss": -2214000000,
        "incometaxexpensebenefit": -1106000000,
        "netincomeloss": 3278000000,
        "earningspersharebasic": 3.810000000000001,
        "earningspersharediluted": 3.76
    },
    {
        "date": "2015-09-29",
        "symbol": "RTX",
        "period": "Q3",
        "incomelossfromcontinuingoperationsincludingportionattributabletononcontrollinginterest": 1526000000,
        "incomelossfromdiscontinuedoperationsnetoftax": -65000000,
        "profitloss": 1461000000,
        "othercomprehensiveincomelossforeigncurrencytransactionandtranslationadjustmentbeforetax": -936000000,
        "othercomprehensiveincomeforeigncurrencytransactionandtranslationadjustmentbeforetaxportionattributabletoparent": -936000000,
        "othercomprehensiveincomelosspensionandotherpostretirementbenefitplansnetunamortizedgainlossarisingduringperiodbeforetax": 112000000,
        "othercomprehensiveincomelossamortizationadjustmentfromaocipensionandotherpostretirementbenefitplansfornetpriorservicecostcreditbeforetax": 216000000,
        "othercomprehensiveincomedefinedbenefitplansadjustmentbeforetaxportionattributabletoparent": -328000000,
        "othercomprehensiveincomelosspensionandotherpostretirementbenefitplanstax": -120000000,
        "othercomprehensiveincomelosspensionandotherpostretirementbenefitplansadjustmentnetoftax": -208000000,
        "othercomprehensiveincomeunrealizedholdinggainlossonsecuritiesarisingduringperiodbeforetax": -69000000,
        "othercomprehensiveincomelossreclassificationadjustmentfromaociforsaleofsecuritiesbeforetax": 2000000,
        "othercomprehensiveincomeavailableforsalesecuritiesadjustmentbeforetaxportionattributabletoparent": -71000000,
        "othercomprehensiveincomeavailableforsalesecuritiestaxportionattributabletoparent": -28000000,
        "othercomprehensiveincomeavailableforsalesecuritiesadjustmentnetoftaxportionattributabletoparent": -43000000,
        "othercomprehensiveincomeunrealizedgainlossonderivativesarisingduringperiodbeforetax": -152000000,
        "othercomprehensiveincomelossreclassificationadjustmentfromaocionderivativesbeforetax": -64000000,
        "othercomprehensiveincomederivativesqualifyingashedgesbeforetaxportionattributabletoparent": -88000000,
        "othercomprehensiveincomederivativesqualifyingashedgestaxportionattributabletoparent": -25000000,
        "othercomprehensiveincomederivativesqualifyingashedgesnetoftaxportionattributabletoparent": -63000000,
        "othercomprehensiveincomelossnetoftax": -834000000,
        "comprehensiveincomenetoftaxincludingportionattributabletononcontrollinginterest": 627000000,
        "comprehensiveincomenetoftaxattributabletononcontrollinginterest": 76000000,
        "comprehensiveincomenetoftax": 551000000,
        "salesrevenuegoodsnet": 9642000000,
        "salesrevenueservicesnet": 4146000000,
        "salesrevenuenet": 4279000000,
        "costofgoodssold": 7114000000,
        "costofservices": 2686000000,
        "researchanddevelopmentexpense": 546000000,
        "sellinggeneralandadministrativeexpense": 1359000000,
        "costsandexpenses": 11705000000,
        "otheroperatingincome": 219000000,
        "operatingincomeloss": 771000000,
        "interestexpense": 184000000,
        "incomelossfromcontinuingoperationsbeforeincometaxesextraordinaryitemsnoncontrollinginterest": 2118000000,
        "incometaxexpensebenefit": 90000000,
        "incomelossfromcontinuingoperationsattributabletononcontrollingentity": 100000000,
        "incomelossfromcontinuingoperations": 1426000000,
        "discontinuedoperationincomelossfromdiscontinuedoperationduringphaseoutperiodbeforeincometax": 27000000,
        "discontinuedoperationgainlossfromdisposalofdiscontinuedoperationbeforeincometax": -38000000,
        "discontinuedoperationtaxeffectofdiscontinuedoperation": 54000000,
        "incomelossfromdiscontinuedoperationsnetoftaxattributabletononcontrollinginterest": -1000000,
        "incomelossfromdiscontinuedoperationsnetoftaxattributabletoreportingentity": -64000000,
        "netincomeloss": 1362000000,
        "incomelossfromcontinuingoperationsperbasicshare": 1.63,
        "earningspersharebasic": 1.55,
        "incomelossfromcontinuingoperationsperdilutedshare": 1.61,
        "earningspersharediluted": 1.54
    },
    {
        "date": "2015-06-29",
        "symbol": "RTX",
        "period": "Q2",
        "incomelossfromcontinuingoperationsincludingportionattributabletononcontrollinginterest": 1652000000,
        "othercomprehensiveincomelossnetoftax": 634000000,
        "othercomprehensiveincomelosspensionandotherpostretirementbenefitplansnetunamortizedgainlossarisingduringperiodbeforetax": -7000000,
        "othercomprehensiveincomelossamortizationadjustmentfromaocipensionandotherpostretirementbenefitplansfornetpriorservicecostcreditbeforetax": 218000000,
        "othercomprehensiveincomedefinedbenefitplansadjustmentbeforetaxportionattributabletoparent": -211000000,
        "othercomprehensiveincomelosspensionandotherpostretirementbenefitplanstax": -79000000,
        "othercomprehensiveincomelosspensionandotherpostretirementbenefitplansadjustmentnetoftax": -132000000,
        "othercomprehensiveincomeunrealizedholdinggainlossonsecuritiesarisingduringperiodbeforetax": 1000000,
        "othercomprehensiveincomelossreclassificationadjustmentfromaociforsaleofsecuritiesbeforetax": 26000000,
        "othercomprehensiveincomeavailableforsalesecuritiesadjustmentbeforetaxportionattributabletoparent": -25000000,
        "othercomprehensiveincomeavailableforsalesecuritiestaxportionattributabletoparent": -11000000,
        "othercomprehensiveincomeavailableforsalesecuritiesadjustmentnetoftaxportionattributabletoparent": -14000000,
        "othercomprehensiveincomeunrealizedgainlossonderivativesarisingduringperiodbeforetax": 62000000,
        "othercomprehensiveincomelossreclassificationadjustmentfromaocionderivativesbeforetax": -43000000,
        "othercomprehensiveincomederivativesqualifyingashedgesbeforetaxportionattributabletoparent": 105000000,
        "othercomprehensiveincomederivativesqualifyingashedgestaxportionattributabletoparent": 29000000,
        "othercomprehensiveincomederivativesqualifyingashedgesnetoftaxportionattributabletoparent": 76000000,
        "othercomprehensiveincomelossforeigncurrencytransactionandtranslationadjustmentbeforetax": 439000000,
        "othercomprehensiveincomelossforeigncurrencytransactionandtranslationreclassificationadjustmentfromaocirealizeduponsaleorliquidationbeforetax": -1000000,
        "othercomprehensiveincomeforeigncurrencytransactionandtranslationadjustmentbeforetaxportionattributabletoparent": 440000000,
        "comprehensiveincomenetoftaxincludingportionattributabletononcontrollinginterest": 2286000000,
        "comprehensiveincomenetoftaxattributabletononcontrollinginterest": 110000000,
        "comprehensiveincomenetoftax": 2176000000,
        "salesrevenuegoodsnet": 12046000000,
        "salesrevenueservicesnet": 4287000000,
        "salesrevenuenet": 4454000000,
        "costofgoodssold": 9020000000,
        "costofservices": 2805000000,
        "researchanddevelopmentexpense": 606000000,
        "sellinggeneralandadministrativeexpense": 1543000000,
        "costsandexpenses": 13974000000,
        "otheroperatingincome": 193000000,
        "operatingincomeloss": 823000000,
        "interestexpense": 216000000,
        "incomelossfromcontinuingoperationsbeforeincometaxesextraordinaryitemsnoncontrollinginterest": 2336000000,
        "incometaxexpensebenefit": 90000000,
        "netincomelossattributabletononcontrollinginterest": 110000000,
        "netincomeloss": 1542000000,
        "earningspersharebasic": 1.76,
        "earningspersharediluted": 1.73
    },
    {
        "date": "2015-03-30",
        "symbol": "RTX",
        "period": "Q1",
        "othercomprehensiveincomelossforeigncurrencytransactionandtranslationadjustmentbeforetax": -705000000,
        "othercomprehensiveincomelossforeigncurrencytransactionandtranslationreclassificationadjustmentfromaocirealizeduponsaleorliquidationbeforetax": 2000000,
        "othercomprehensiveincomeforeigncurrencytransactionandtranslationadjustmentbeforetaxportionattributabletoparent": -707000000,
        "incomelossfromcontinuingoperationsincludingportionattributabletononcontrollinginterest": 1498000000,
        "othercomprehensiveincomelosspensionandotherpostretirementbenefitplansnetunamortizedgainlossarisingduringperiodbeforetax": 52000000,
        "othercomprehensiveincomelossamortizationadjustmentfromaocipensionandotherpostretirementbenefitplansfornetpriorservicecostcreditbeforetax": 217000000,
        "othercomprehensiveincomedefinedbenefitplansadjustmentbeforetaxportionattributabletoparent": -269000000,
        "othercomprehensiveincomelosspensionandotherpostretirementbenefitplanstax": -97000000,
        "othercomprehensiveincomelosspensionandotherpostretirementbenefitplansadjustmentnetoftax": -172000000,
        "othercomprehensiveincomeunrealizedholdinggainlossonsecuritiesarisingduringperiodbeforetax": 86000000,
        "othercomprehensiveincomelossreclassificationadjustmentfromaociforsaleofsecuritiesbeforetax": 28000000,
        "othercomprehensiveincomeavailableforsalesecuritiesadjustmentbeforetaxportionattributabletoparent": 58000000,
        "othercomprehensiveincomeavailableforsalesecuritiestaxportionattributabletoparent": 22000000,
        "othercomprehensiveincomeavailableforsalesecuritiesadjustmentnetoftaxportionattributabletoparent": 36000000,
        "othercomprehensiveincomeunrealizedgainlossonderivativesarisingduringperiodbeforetax": -184000000,
        "othercomprehensiveincomelossreclassificationadjustmentfromaocionderivativesbeforetax": -57000000,
        "othercomprehensiveincomederivativesqualifyingashedgesbeforetaxportionattributabletoparent": -127000000,
        "othercomprehensiveincomederivativesqualifyingashedgestaxportionattributabletoparent": -36000000,
        "othercomprehensiveincomederivativesqualifyingashedgesnetoftaxportionattributabletoparent": -91000000,
        "othercomprehensiveincomelosstax": -590000000,
        "comprehensiveincomenetoftaxincludingportionattributabletononcontrollinginterest": 908000000,
        "comprehensiveincomenetoftaxattributabletononcontrollinginterest": 32000000,
        "comprehensiveincomenetoftax": 876000000,
        "salesrevenuegoodsnet": 10373000000,
        "salesrevenueservicesnet": 4168000000,
        "salesrevenuenet": 3852000000,
        "costofgoodssold": 7830000000,
        "costofservices": 2693000000,
        "researchanddevelopmentexpense": 602000000,
        "sellinggeneralandadministrativeexpense": 1563000000,
        "costsandexpenses": 12688000000,
        "otheroperatingincome": 421000000,
        "operatingincomeloss": 729000000,
        "interestexpense": 218000000,
        "incomelossfromcontinuingoperationsbeforeincometaxesextraordinaryitemsnoncontrollinginterest": 2056000000,
        "incometaxexpensebenefit": 558000000,
        "netincomelossattributabletononcontrollinginterest": 72000000,
        "netincomeloss": 1426000000,
        "earningspersharebasic": 1.6,
        "earningspersharediluted": 1.58
    },
    {
        "date": "2014-12-30",
        "symbol": "RTX",
        "period": "Q4",
        "incomelossfromcontinuingoperationsincludingportionattributabletononcontrollinginterest": 1575000000,
        "comprehensiveincomenetoftaxincludingportionattributabletononcontrollinginterest": -3035000000,
        "comprehensiveincomenetoftaxattributabletononcontrollinginterest": -596000000,
        "comprehensiveincomenetoftax": -6897000000,
        "salesrevenuegoodsnet": 12416000000,
        "salesrevenueservicesnet": 4580000000,
        "salesrevenuenet": -31925000000,
        "costofgoodssold": 9337000000,
        "costofservices": 3023000000,
        "researchanddevelopmentexpense": 668000000,
        "sellinggeneralandadministrativeexpense": 1701000000,
        "costsandexpenses": 14729000000,
        "otherincome": 303000000,
        "interestincomeexpensenet": -265000000,
        "incomelossfromcontinuingoperationsbeforeincometaxesminorityinterestandincomelossfromequitymethodinvestments": 2305000000,
        "incometaxexpensebenefit": 2276000000,
        "incomelossfromcontinuingoperationsattributabletononcontrollingentity": 102000000,
        "incomelossfromcontinuingoperations": 1473000000,
        "netincomeloss": 1473000000,
        "incomelossfromcontinuingoperationsperbasicshare": 1.6399999999999997,
        "earningspersharebasic": 1.6399999999999997,
        "incomelossfromcontinuingoperationsperdilutedshare": 1.6200000000000003,
        "earningspersharediluted": 1.6200000000000003
    },
    {
        "date": "2014-09-29",
        "symbol": "RTX",
        "period": "Q3",
        "incomelossfromcontinuingoperationsincludingportionattributabletononcontrollinginterest": 1952000000,
        "comprehensiveincomenetoftaxincludingportionattributabletononcontrollinginterest": -3103000000,
        "comprehensiveincomenetoftaxattributabletononcontrollinginterest": 71000000,
        "comprehensiveincomenetoftax": 1088000000,
        "salesrevenuegoodsnet": 11507000000,
        "salesrevenueservicesnet": 4661000000,
        "salesrevenuenet": 16396000000,
        "costofgoodssold": 8444000000,
        "costofservices": 3022000000,
        "researchanddevelopmentexpense": 677000000,
        "sellinggeneralandadministrativeexpense": 1580000000,
        "costsandexpenses": 13723000000,
        "otherincome": 301000000,
        "operatingincomeloss": 0,
        "interestincomeexpensenet": -186000000,
        "incomelossfromcontinuingoperationsbeforeincometaxesminorityinterestandincomelossfromequitymethodinvestments": 2560000000,
        "incometaxexpensebenefit": -81000000,
        "incomelossfromcontinuingoperationsattributabletononcontrollingentity": 98000000,
        "incomelossfromcontinuingoperations": 1854000000,
        "netincomeloss": 1854000000,
        "incomelossfromcontinuingoperationsperbasicshare": 2.0700000000000003,
        "earningspersharebasic": 2.0700000000000003,
        "incomelossfromcontinuingoperationsperdilutedshare": 2.04,
        "earningspersharediluted": 2.04
    },
    {
        "date": "2014-06-29",
        "symbol": "RTX",
        "period": "Q2",
        "incomelossfromcontinuingoperationsincludingportionattributabletononcontrollinginterest": 3200000000,
        "comprehensiveincomenetoftaxincludingportionattributabletononcontrollinginterest": 3284000000,
        "comprehensiveincomenetoftaxattributabletononcontrollinginterest": 110000000,
        "comprehensiveincomenetoftax": 2218000000,
        "salesrevenuegoodsnet": 23727000000,
        "salesrevenueservicesnet": 4174000000,
        "salesrevenuenet": 28902000000,
        "costofgoodssold": 10182000000,
        "costofservices": 2749000000,
        "researchanddevelopmentexpense": 666000000,
        "sellinggeneralandadministrativeexpense": 1623000000,
        "costsandexpenses": 15220000000,
        "otherincome": 650000000,
        "operatingincomeloss": -282000000,
        "interestincomeexpensenet": -206000000,
        "incomelossfromcontinuingoperationsbeforeincometaxesminorityinterestandincomelossfromequitymethodinvestments": 2149000000,
        "incometaxexpensebenefit": 35000000,
        "incomelossfromcontinuingoperationsattributabletononcontrollingentity": 110000000,
        "incomelossfromcontinuingoperations": 1680000000,
        "netincomeloss": 1680000000,
        "incomelossfromcontinuingoperationsperbasicshare": 1.8599999999999999,
        "earningspersharebasic": 1.8599999999999999,
        "incomelossfromcontinuingoperationsperdilutedshare": 1.84,
        "earningspersharediluted": 1.84
    },
    {
        "date": "2014-03-30",
        "symbol": "RTX",
        "period": "Q1",
        "salesrevenuegoodsnet": -18000000,
        "salesrevenueservicesnet": 4053000000,
        "salesrevenuenet": 3450000000,
        "costofgoodssold": 8081000000,
        "costofservices": 2609000000,
        "researchanddevelopmentexpense": 624000000,
        "sellinggeneralandadministrativeexpense": 1596000000,
        "costsandexpenses": 12910000000,
        "otherincome": -3000000,
        "operatingincomeloss": 570000000,
        "interestincomeexpensenet": -225000000,
        "incomelossfromcontinuingoperationsbeforeincometaxesminorityinterestandincomelossfromequitymethodinvestments": 1873000000,
        "incometaxexpensebenefit": 34000000,
        "incomelossfromcontinuingoperationsincludingportionattributabletononcontrollinginterest": -104000000,
        "incomelossfromcontinuingoperationsattributabletononcontrollingentity": 93000000,
        "incomelossfromcontinuingoperations": 1213000000,
        "netincomeloss": 1213000000,
        "comprehensiveincomenetoftaxincludingportionattributabletononcontrollinginterest": 86000000,
        "comprehensiveincomenetoftaxattributabletononcontrollinginterest": 86000000,
        "comprehensiveincomenetoftax": 1152000000,
        "incomelossfromcontinuingoperationsperbasicshare": 1.35,
        "earningspersharebasic": 1.35,
        "incomelossfromcontinuingoperationsperdilutedshare": 1.32,
        "earningspersharediluted": 1.32
    },
    {
        "date": "2013-12-30",
        "symbol": "RTX",
        "period": "Q4",
        "incomelossfromcontinuingoperationsincludingportionattributabletononcontrollinginterest": -226000000,
        "incomelossfromdiscontinuedoperationsnetoftax": 14000000,
        "comprehensiveincomenetoftaxincludingportionattributabletononcontrollinginterest": 4282000000,
        "comprehensiveincomenetoftaxattributabletononcontrollinginterest": -651000000,
        "comprehensiveincomenetoftax": 3908000000,
        "salesrevenuegoodsnet": -3000000,
        "salesrevenueservicesnet": 4665000000,
        "salesrevenuenet": -6364000000,
        "costofgoodssold": 9187000000,
        "costofservices": 3097000000,
        "researchanddevelopmentexpense": 658000000,
        "sellinggeneralandadministrativeexpense": 1721000000,
        "costsandexpenses": 14663000000,
        "otherincome": 33000000,
        "operatingincomeloss": 2387000000,
        "interestincomeexpensenet": -218000000,
        "incomelossfromcontinuingoperationsbeforeincometaxesminorityinterestandincomelossfromequitymethodinvestments": 2112000000,
        "incometaxexpensebenefit": 329000000,
        "incomelossfromcontinuingoperationsattributabletononcontrollingentity": 102000000,
        "incomelossfromcontinuingoperations": 1449000000,
        "discontinuedoperationtaxeffectofdiscontinuedoperation": -17000000,
        "incomelossfromdiscontinuedoperationsnetoftaxattributabletoreportingentity": 14000000,
        "netincomeloss": 1463000000,
        "incomelossfromcontinuingoperationsperbasicshare": 1.6099999999999997,
        "earningspersharebasic": 1.6199999999999992,
        "incomelossfromcontinuingoperationsperdilutedshare": 1.57,
        "earningspersharediluted": 1.5899999999999996
    },
    {
        "date": "2013-09-29",
        "symbol": "RTX",
        "period": "Q3",
        "salesrevenuegoodsnet": 1000000,
        "salesrevenueservicesnet": 4219000000,
        "salesrevenuenet": 5642000000,
        "costofgoodssold": 8316000000,
        "costofservices": 2704000000,
        "researchanddevelopmentexpense": 630000000,
        "sellinggeneralandadministrativeexpense": 1633000000,
        "costsandexpenses": 13283000000,
        "otherincome": -60000000,
        "operatingincomeloss": -2064000000,
        "interestincomeexpensenet": -226000000,
        "incomelossfromcontinuingoperationsbeforeincometaxesminorityinterestandincomelossfromequitymethodinvestments": 2140000000,
        "incometaxexpensebenefit": -70000000,
        "incomelossfromcontinuingoperationsincludingportionattributabletononcontrollinginterest": -447000000,
        "incomelossfromcontinuingoperationsattributabletononcontrollingentity": 111000000,
        "incomelossfromcontinuingoperations": 1415000000,
        "discontinuedoperationincomelossfromdiscontinuedoperationduringphaseoutperiodbeforeincometax": 0,
        "discontinuedoperationgainlossfromdisposalofdiscontinuedoperationbeforeincometax": 33000000,
        "discontinuedoperationtaxeffectofdiscontinuedoperation": -7000000,
        "incomelossfromdiscontinuedoperationsnetoftax": 17000000,
        "incomelossfromdiscontinuedoperationsnetoftaxattributabletoreportingentity": 17000000,
        "netincomeloss": 1432000000,
        "comprehensiveincomenetoftaxincludingportionattributabletononcontrollinginterest": 2893000000,
        "comprehensiveincomenetoftaxattributabletononcontrollinginterest": 128000000,
        "comprehensiveincomenetoftax": 2107000000,
        "incomelossfromcontinuingoperationsperbasicshare": 1.5700000000000005,
        "earningspersharebasic": 1.6000000000000005,
        "incomelossfromcontinuingoperationsperdilutedshare": 1.5499999999999996,
        "earningspersharediluted": 1.5600000000000003
    },
    {
        "date": "2013-06-29",
        "symbol": "RTX",
        "period": "Q2",
        "salesrevenuegoodsnet": -15000000,
        "salesrevenueservicesnet": 4345000000,
        "salesrevenuenet": 3138000000,
        "costofgoodssold": 8712000000,
        "costofservices": 2840000000,
        "researchanddevelopmentexpense": 631000000,
        "sellinggeneralandadministrativeexpense": 1737000000,
        "costsandexpenses": 13920000000,
        "otherincome": 27000000,
        "operatingincomeloss": 4000000,
        "interestincomeexpensenet": -217000000,
        "incomelossfromcontinuingoperationsbeforeincometaxesminorityinterestandincomelossfromequitymethodinvestments": 2290000000,
        "incometaxexpensebenefit": 83000000,
        "incomelossfromcontinuingoperationsincludingportionattributabletononcontrollinginterest": -227000000,
        "incomelossfromcontinuingoperationsattributabletononcontrollingentity": 93000000,
        "incomelossfromcontinuingoperations": 1552000000,
        "discontinuedoperationincomelossfromdiscontinuedoperationduringphaseoutperiodbeforeincometax": 43000000,
        "discontinuedoperationgainlossfromdisposalofdiscontinuedoperationbeforeincometax": -25000000,
        "discontinuedoperationtaxeffectofdiscontinuedoperation": 10000000,
        "incomelossfromdiscontinuedoperationsnetoftax": 8000000,
        "incomelossfromdiscontinuedoperationsnetoftaxattributabletoreportingentity": 8000000,
        "netincomeloss": 1560000000,
        "comprehensiveincomenetoftaxincludingportionattributabletononcontrollinginterest": 1427000000,
        "comprehensiveincomenetoftaxattributabletononcontrollinginterest": 88000000,
        "comprehensiveincomenetoftax": 1427000000,
        "incomelossfromcontinuingoperationsperbasicshare": 1.72,
        "earningspersharebasic": 1.73,
        "incomelossfromcontinuingoperationsperdilutedshare": 1.7,
        "earningspersharediluted": 1.71
    },
    {
        "date": "2013-03-30",
        "symbol": "RTX",
        "period": "Q1",
        "salesrevenuegoodsnet": -8000000,
        "salesrevenueservicesnet": 4144000000,
        "salesrevenuenet": 3837000000,
        "costofgoodssold": 7848000000,
        "costofservices": 2617000000,
        "researchanddevelopmentexpense": 610000000,
        "sellinggeneralandadministrativeexpense": 1627000000,
        "costsandexpenses": 12702000000,
        "otherincome": 2000000,
        "operatingincomeloss": 2092000000,
        "interestincomeexpensenet": -236000000,
        "incomelossfromcontinuingoperationsbeforeincometaxesminorityinterestandincomelossfromequitymethodinvestments": 1770000000,
        "incometaxexpensebenefit": -10000000,
        "incomelossfromcontinuingoperationsincludingportionattributabletononcontrollinginterest": -6000000,
        "incomelossfromcontinuingoperationsattributabletononcontrollingentity": 82000000,
        "incomelossfromcontinuingoperations": 1270000000,
        "discontinuedoperationincomelossfromdiscontinuedoperationduringphaseoutperiodbeforeincometax": 20000000,
        "discontinuedoperationgainlossfromdisposalofdiscontinuedoperationbeforeincometax": -15000000,
        "discontinuedoperationtaxeffectofdiscontinuedoperation": 9000000,
        "incomelossfromdiscontinuedoperationsnetoftax": -4000000,
        "incomelossfromdiscontinuedoperationsnetoftaxattributabletoreportingentity": -4000000,
        "netincomeloss": 1266000000,
        "comprehensiveincomenetoftaxincludingportionattributabletononcontrollinginterest": 61000000,
        "comprehensiveincomenetoftaxattributabletononcontrollinginterest": 61000000,
        "comprehensiveincomenetoftax": 847000000,
        "incomelossfromcontinuingoperationsperbasicshare": 1.41,
        "earningspersharebasic": 1.4,
        "incomelossfromcontinuingoperationsperdilutedshare": 1.39,
        "earningspersharediluted": 1.39
    },
    {
        "date": "2012-12-30",
        "symbol": "RTX",
        "period": "Q4",
        "incomelossfromcontinuingoperationsperbasicshare": 1.0500000000000007,
        "earningspersharebasic": 2.29,
        "salesrevenuegoodsnet": 11884000000,
        "salesrevenueservicesnet": 4551000000,
        "salesrevenuenet": -12245000000,
        "costofgoodssold": 9364000000,
        "costofservices": 2911000000,
        "researchanddevelopmentexpense": 709000000,
        "sellinggeneralandadministrativeexpense": 1789000000,
        "costsandexpenses": 14773000000,
        "otherincome": 100000000,
        "operatingincomeloss": -1729000000,
        "interestincomeexpensenet": -260000000,
        "incomelossfromcontinuingoperationsbeforeincometaxesminorityinterestandincomelossfromequitymethodinvestments": 1502000000,
        "incometaxexpensebenefit": 459000000,
        "incomelossfromcontinuingoperationsincludingportionattributabletononcontrollinginterest": 1043000000,
        "discontinuedoperationincomelossfromdiscontinuedoperationduringphaseoutperiodbeforeincometax": 42000000,
        "discontinuedoperationprovisionforlossgainondisposalbeforeincometax": -2058000000,
        "discontinuedoperationtaxeffectofdiscontinuedoperation": 993000000,
        "incomelossfromdiscontinuedoperationsnetoftax": 1107000000,
        "profitloss": 338000000,
        "netincomelossattributabletononcontrollinginterest": 93000000,
        "netincomeloss": 2057000000,
        "incomelossfromcontinuingoperations": 951000000,
        "incomelossfromdiscontinuedoperationsnetoftaxattributabletoreportingentity": 1106000000,
        "incomelossfromcontinuingoperationsperdilutedshare": 1.0499999999999994,
        "earningspersharediluted": 2.27,
        "comprehensiveincomenetoftaxincludingportionattributabletononcontrollinginterest": 4450000000,
        "comprehensiveincomenetoftaxattributabletononcontrollinginterest": -639000000,
        "comprehensiveincomenetoftax": 1272000000
    },
    {
        "date": "2012-09-29",
        "symbol": "RTX",
        "period": "Q3",
        "salesrevenuegoodsnet": 10839000000,
        "salesrevenueservicesnet": 4203000000,
        "salesrevenuenet": 3574000000,
        "costofgoodssold": 8278000000,
        "costofservices": 2725000000,
        "researchanddevelopmentexpense": 590000000,
        "sellinggeneralandadministrativeexpense": 1619000000,
        "costsandexpenses": 13212000000,
        "otherincome": 211000000,
        "operatingincomeloss": -103000000,
        "interestincomeexpensenet": -216000000,
        "incomelossfromcontinuingoperationsbeforeincometaxesminorityinterestandincomelossfromequitymethodinvestments": 1825000000,
        "incometaxexpensebenefit": 484000000,
        "incomelossfromcontinuingoperationsincludingportionattributabletononcontrollinginterest": 1341000000,
        "discontinuedoperationincomelossfromdiscontinuedoperationduringphaseoutperiodbeforeincometax": 91000000,
        "discontinuedoperationprovisionforlossgainondisposalbeforeincometax": 26000000,
        "discontinuedoperationtaxeffectofdiscontinuedoperation": -105000000,
        "incomelossfromdiscontinuedoperationsnetoftax": 170000000,
        "profitloss": 11000000,
        "netincomelossattributabletononcontrollinginterest": 96000000,
        "netincomeloss": 1415000000,
        "comprehensiveincomenetoftaxincludingportionattributabletononcontrollinginterest": 119000000,
        "comprehensiveincomenetoftaxattributabletononcontrollinginterest": 119000000,
        "comprehensiveincomenetoftax": 2427000000,
        "incomelossfromcontinuingoperations": 1247000000,
        "incomelossfromdiscontinuedoperationsnetoftaxattributabletoreportingentity": 168000000,
        "incomelossfromcontinuingoperationsperbasicshare": 1.39,
        "earningspersharebasic": 1.58,
        "incomelossfromcontinuingoperationsperdilutedshare": 1.37,
        "earningspersharediluted": 1.56
    },
    {
        "date": "2012-06-29",
        "symbol": "RTX",
        "period": "Q2",
        "salesrevenuegoodsnet": 9585000000,
        "salesrevenueservicesnet": 4222000000,
        "salesrevenuenet": 4572000000,
        "costofgoodssold": 7123000000,
        "costofservices": 2811000000,
        "researchanddevelopmentexpense": 525000000,
        "sellinggeneralandadministrativeexpense": 1509000000,
        "costsandexpenses": 11968000000,
        "otherincome": 340000000,
        "operatingincomeloss": 789000000,
        "interestincomeexpensenet": -168000000,
        "incomelossfromcontinuingoperationsbeforeincometaxesminorityinterestandincomelossfromequitymethodinvestments": 2011000000,
        "incometaxexpensebenefit": 453000000,
        "incomelossfromcontinuingoperationsincludingportionattributabletononcontrollinginterest": 1558000000,
        "discontinuedoperationincomelossfromdiscontinuedoperationduringphaseoutperiodbeforeincometax": -3000000,
        "discontinuedoperationprovisionforlossgainondisposalbeforeincometax": 210000000,
        "discontinuedoperationtaxeffectofdiscontinuedoperation": -77000000,
        "incomelossfromdiscontinuedoperationsnetoftax": -136000000,
        "profitloss": 7000000,
        "netincomelossattributabletononcontrollinginterest": 94000000,
        "netincomeloss": 1328000000,
        "comprehensiveincomenetoftaxincludingportionattributabletononcontrollinginterest": 67000000,
        "comprehensiveincomenetoftaxattributabletononcontrollinginterest": 67000000,
        "comprehensiveincomenetoftax": 654000000,
        "incomelossfromcontinuingoperations": 1466000000,
        "incomelossfromdiscontinuedoperationsnetoftaxattributabletoreportingentity": -138000000,
        "incomelossfromcontinuingoperationsperbasicshare": 1.64,
        "earningspersharebasic": 1.49,
        "incomelossfromcontinuingoperationsperdilutedshare": 1.62,
        "earningspersharediluted": 1.47
    },
    {
        "date": "2012-03-30",
        "symbol": "RTX",
        "period": "Q1",
        "salesrevenuegoodsnet": 8421000000,
        "salesrevenueservicesnet": 4003000000,
        "salesrevenuenet": 4112000000,
        "costofgoodssold": 6329000000,
        "costofservices": 2612000000,
        "researchanddevelopmentexpense": 547000000,
        "sellinggeneralandadministrativeexpense": 1535000000,
        "costsandexpenses": 11023000000,
        "otherincome": 301000000,
        "operatingincomeloss": 544000000,
        "interestincomeexpensenet": -129000000,
        "incomelossfromcontinuingoperationsbeforeincometaxesminorityinterestandincomelossfromequitymethodinvestments": 1573000000,
        "incometaxexpensebenefit": 315000000,
        "incomelossfromcontinuingoperationsincludingportionattributabletononcontrollinginterest": 1258000000,
        "discontinuedoperationincomelossfromdiscontinuedoperationduringphaseoutperiodbeforeincometax": 41000000,
        "discontinuedoperationprovisionforlossgainondisposalbeforeincometax": 961000000,
        "discontinuedoperationtaxeffectofdiscontinuedoperation": -69000000,
        "incomelossfromdiscontinuedoperationsnetoftax": -851000000,
        "profitloss": 4000000,
        "netincomelossattributabletononcontrollinginterest": 77000000,
        "netincomeloss": 330000000,
        "comprehensiveincomenetoftaxincludingportionattributabletononcontrollinginterest": 904000000,
        "comprehensiveincomenetoftaxattributabletononcontrollinginterest": 85000000,
        "comprehensiveincomenetoftax": 819000000,
        "incomelossfromcontinuingoperations": 1183000000,
        "incomelossfromdiscontinuedoperationsnetoftaxattributabletoreportingentity": -853000000,
        "incomelossfromcontinuingoperationsperbasicshare": 1.33,
        "earningspersharebasic": 0.37,
        "incomelossfromcontinuingoperationsperdilutedshare": 1.31,
        "earningspersharediluted": 0.36
    },
    {
        "date": "2011-12-30",
        "symbol": "RTX",
        "period": "Q4",
        "salesrevenuegoodsnet": 10566000000,
        "salesrevenueservicesnet": 4400000000,
        "salesrevenuenet": 30440000000,
        "costofgoodssold": 8040000000,
        "costofservices": 2811000000,
        "researchanddevelopmentexpense": 552000000,
        "sellinggeneralandadministrativeexpense": 1699000000,
        "otherincome": 34000000,
        "operatingincomeloss": -124000000,
        "interestincomeexpensenet": -66000000,
        "incomelossfromcontinuingoperationsbeforeincometaxesminorityinterestandincomelossfromequitymethodinvestments": 1832000000,
        "incometaxexpensebenefit": 410000000,
        "profitloss": 380000000,
        "netincomelossattributabletononcontrollinginterest": 97000000,
        "netincomeloss": 1325000000,
        "earningspersharebasic": 1.48,
        "earningspersharediluted": 1.4600000000000002,
        "commonstockdividendspersharedeclared": 0.48000000000000004,
        "weightedaveragenumberofsharesoutstandingbasic": -1788100000,
        "weightedaveragenumberofdilutedsharesoutstanding": -1819800000
    },
    {
        "date": "2011-09-29",
        "symbol": "RTX",
        "period": "Q3",
        "salesrevenuegoodsnet": 10555000000,
        "salesrevenueservicesnet": 4249000000,
        "salesrevenuenet": -38000000,
        "costofgoodssold": 7935000000,
        "costofservices": 2821000000,
        "researchanddevelopmentexpense": 495000000,
        "sellinggeneralandadministrativeexpense": 1578000000,
        "costsandexpenses": 12829000000,
        "otherincome": 227000000,
        "operatingincomeloss": -102000000,
        "interestincomeexpensenet": -138000000,
        "incomelossfromcontinuingoperationsbeforeincometaxesminorityinterestandincomelossfromequitymethodinvestments": 2064000000,
        "incometaxexpensebenefit": 643000000,
        "profitloss": 4000000,
        "netincomelossattributabletononcontrollinginterest": 97000000,
        "netincomeloss": 1324000000,
        "earningspersharebasic": 1.49,
        "earningspersharediluted": 1.47,
        "commonstockdividendspersharedeclared": 0.48,
        "weightedaveragenumberofsharesoutstandingbasic": 888800000,
        "weightedaveragenumberofdilutedsharesoutstanding": 901900000
    },
    {
        "date": "2011-06-29",
        "symbol": "RTX",
        "period": "Q2",
        "salesrevenuegoodsnet": 10823000000,
        "salesrevenueservicesnet": 4253000000,
        "salesrevenuenet": -17000000,
        "costofgoodssold": 8099000000,
        "costofservices": 2806000000,
        "researchanddevelopmentexpense": 526000000,
        "sellinggeneralandadministrativeexpense": 1644000000,
        "otherincome": 219000000,
        "operatingincomeloss": -104000000,
        "interestincomeexpensenet": -141000000,
        "incomelossfromcontinuingoperationsbeforeincometaxesminorityinterestandincomelossfromequitymethodinvestments": 2079000000,
        "incometaxexpensebenefit": 649000000,
        "profitloss": 6000000,
        "netincomelossattributabletononcontrollinginterest": 112000000,
        "netincomeloss": 1318000000,
        "earningspersharebasic": 1.48,
        "earningspersharediluted": 1.45,
        "commonstockdividendspersharedeclared": 0.48,
        "weightedaveragenumberofsharesoutstandingbasic": 892900000,
        "weightedaveragenumberofdilutedsharesoutstanding": 909800000
    },
    {
        "date": "2011-03-30",
        "symbol": "RTX",
        "period": "Q1",
        "salesrevenuegoodsnet": 9345000000,
        "salesrevenueservicesnet": 3999000000,
        "salesrevenuenet": 53000000,
        "costofgoodssold": 6952000000,
        "costofservices": 2689000000,
        "researchanddevelopmentexpense": 485000000,
        "sellinggeneralandadministrativeexpense": 1543000000,
        "otherincome": 104000000,
        "operatingincomeloss": -89000000,
        "interestincomeexpensenet": -149000000,
        "incomelossfromcontinuingoperationsbeforeincometaxesminorityinterestandincomelossfromequitymethodinvestments": 1630000000,
        "incometaxexpensebenefit": 529000000,
        "profitloss": 5000000,
        "netincomelossattributabletononcontrollinginterest": 89000000,
        "netincomeloss": 1012000000,
        "earningspersharebasic": 1.13,
        "earningspersharediluted": 1.11,
        "commonstockdividendspersharedeclared": 0.425,
        "weightedaveragenumberofsharesoutstandingbasic": 898700000,
        "weightedaveragenumberofdilutedsharesoutstanding": 914900000
    },
    {
        "date": "2010-12-30",
        "symbol": "RTX",
        "period": "Q4",
        "salesrevenuegoodsnet": 10519000000,
        "salesrevenueservicesnet": 4345000000,
        "costofgoodssold": 8007000000,
        "costofservices": 2993000000,
        "researchanddevelopmentexpense": 457000000,
        "sellinggeneralandadministrativeexpense": 1631000000,
        "otherincome": -2000000,
        "operatingincomeloss": 1774000000,
        "incomelossfromcontinuingoperationsbeforeincometaxesminorityinterestandincomelossfromequitymethodinvestments": 1686000000,
        "incometaxexpensebenefit": 433000000,
        "profitloss": -625000000,
        "netincomelossattributabletononcontrollinginterest": 54000000,
        "netincomeloss": 1199000000,
        "earningspersharebasic": 1.3300000000000003,
        "earningspersharediluted": 1.31,
        "commonstockdividendspersharedeclared": 0.4100000000000001,
        "weightedaveragenumberofsharesoutstandingbasic": -1822100000
    },
    {
        "date": "2010-09-29",
        "symbol": "RTX",
        "period": "Q3",
        "salesrevenuegoodsnet": 9771000000,
        "salesrevenueservicesnet": 3849000000,
        "otherincome": -93000000,
        "revenues": 13527000000,
        "costofgoodssold": 7124000000,
        "costofservices": 2543000000,
        "researchanddevelopmentexpense": 433000000,
        "sellinggeneralandadministrativeexpense": 1478000000,
        "operatingincomeloss": 1949000000,
        "interestexpense": 182000000,
        "incomelossfromcontinuingoperationsbeforeincometaxesminorityinterestandincomelossfromequitymethodinvestments": 1767000000,
        "incometaxexpensebenefit": 468000000,
        "profitloss": 6000000,
        "netincomelossattributabletononcontrollinginterest": 101000000,
        "netincomeloss": 1198000000,
        "earningspersharebasic": 1.32,
        "earningspersharediluted": 1.3,
        "commonstockdividendspersharedeclared": 0.43,
        "weightedaveragenumberofsharesoutstandingbasic": 906000000,
        "weightedaveragenumberofdilutedsharesoutstanding": 919000000
    },
    {
        "date": "2010-06-29",
        "symbol": "RTX",
        "period": "Q2",
        "salesrevenuegoodsnet": 9967000000,
        "salesrevenueservicesnet": 3835000000,
        "otherincome": 88000000,
        "revenues": 13890000000,
        "costofgoodssold": 7466000000,
        "costofservices": 2549000000,
        "researchanddevelopmentexpense": 459000000,
        "sellinggeneralandadministrativeexpense": 1491000000,
        "operatingincomeloss": 1925000000,
        "interestexpense": 192000000,
        "incomelossfromcontinuingoperationsbeforeincometaxesminorityinterestandincomelossfromequitymethodinvestments": 1733000000,
        "incometaxexpensebenefit": 521000000,
        "profitloss": 10000000,
        "netincomelossattributabletononcontrollinginterest": 102000000,
        "netincomeloss": 1110000000,
        "earningspersharebasic": 1.22,
        "earningspersharediluted": 1.2,
        "commonstockdividendspersharedeclared": 0.43,
        "weightedaveragenumberofsharesoutstandingbasic": 910000000
    },
    {
        "date": "2010-03-30",
        "symbol": "RTX",
        "period": "Q1",
        "salesrevenuegoodsnet": 8384000000,
        "salesrevenueservicesnet": 3656000000,
        "otherincome": 51000000,
        "revenues": 12091000000,
        "costofgoodssold": 6359000000,
        "costofservices": 2373000000,
        "researchanddevelopmentexpense": 397000000,
        "sellinggeneralandadministrativeexpense": 1424000000,
        "operatingincomeloss": 1538000000,
        "interestexpense": 186000000,
        "incomelossfromcontinuingoperationsbeforeincometaxesminorityinterestandincomelossfromequitymethodinvestments": 1352000000,
        "incometaxexpensebenefit": 405000000,
        "profitloss": 947000000,
        "netincomelossattributabletononcontrollinginterest": 81000000,
        "netincomeloss": 866000000,
        "earningspersharebasic": 0.95,
        "earningspersharediluted": 0.93,
        "commonstockdividendspersharedeclared": 0.43,
        "weightedaveragenumberofsharesoutstandingbasic": 914000000,
        "weightedaveragenumberofdilutedsharesoutstanding": 929000000
    },
    {
        "date": "2009-09-29",
        "symbol": "RTX",
        "period": "Q3",
        "salesrevenuegoodsnet": 9398000000,
        "salesrevenueservicesnet": 3789000000,
        "otherincome": 188000000,
        "revenues": 13375000000,
        "costofgoodssold": 7353000000,
        "costofservices": 2483000000,
        "researchanddevelopmentexpense": 344000000,
        "sellinggeneralandadministrativeexpense": 1424000000,
        "operatingincomeloss": 1771000000,
        "interestexpense": 170000000,
        "incomelossfromcontinuingoperationsbeforeincometaxesminorityinterestandincomelossfromequitymethodinvestments": 1601000000,
        "incometaxexpensebenefit": 456000000,
        "profitloss": 1145000000,
        "netincomelossattributabletononcontrollinginterest": 87000000,
        "netincomeloss": 1058000000,
        "earningspersharebasic": 1.15,
        "earningspersharediluted": 1.14,
        "commonstockdividendspersharedeclared": 0.39,
        "weightedaveragenumberofsharesoutstandingbasic": 917000000,
        "weightedaveragenumberofdilutedsharesoutstanding": 929000000
    }
]