[
    {
        "date": "2024-10-30",
        "symbol": "WDAY",
        "period": "Q3",
        "revenuefromcontractwithcustomerexcludingassessedtax": 2160000000,
        "costofgoodsandservicessold": 201000000,
        "researchanddevelopmentexpense": 647000000,
        "sellingandmarketingexpense": 620000000,
        "generalandadministrativeexpense": 198000000,
        "operatingexpenses": 1995000000,
        "operatingincomeloss": 165000000,
        "nonoperatingincomeexpense": 62000000,
        "incomelossfromcontinuingoperationsbeforeincometaxesextraordinaryitemsnoncontrollinginterest": 227000000,
        "incometaxexpensebenefit": 34000000,
        "netincomeloss": 38000000,
        "earningspersharebasic": 0.73,
        "earningspersharediluted": 0.72,
        "weightedaveragenumberofsharesoutstandingbasic": 52364000,
        "weightedaveragenumberofdilutedsharesoutstanding": 52364000,
        "allocatedsharebasedcompensationexpense": 368000000,
        "othercomprehensiveincomeforeigncurrencytransactionandtranslationadjustmentnetoftaxportionattributabletoparent": 1000000,
        "othercomprehensiveincomeunrealizedholdinggainlossonsecuritiesarisingduringperiodnetoftax": 5000000,
        "othercomprehensiveincomelosscashflowhedgegainlossafterreclassificationandtax": -9000000,
        "othercomprehensiveincomelossnetoftaxportionattributabletoparent": -3000000,
        "comprehensiveincomenetoftax": 190000000,
        "othercomprehensiveincomeunrealizedholdinggainlossonsecuritiesarisingduringperiodtax": 2000000,
        "othercomprehensiveincomelosscashflowhedgegainlossafterreclassificationtax": -1000000
    },
    {
        "date": "2024-07-30",
        "symbol": "WDAY",
        "period": "Q2",
        "revenuefromcontractwithcustomerexcludingassessedtax": 2085000000,
        "costofgoodsandservicessold": 207000000,
        "researchanddevelopmentexpense": 649000000,
        "sellingandmarketingexpense": 611000000,
        "generalandadministrativeexpense": 203000000,
        "operatingexpenses": 1974000000,
        "operatingincomeloss": 111000000,
        "nonoperatingincomeexpense": 57000000,
        "incomelossfromcontinuingoperationsbeforeincometaxesextraordinaryitemsnoncontrollinginterest": 168000000,
        "incometaxexpensebenefit": 36000000,
        "netincomeloss": 26000000,
        "earningspersharebasic": 0.5,
        "earningspersharediluted": 0.49,
        "weightedaveragenumberofsharesoutstandingbasic": 52705000,
        "weightedaveragenumberofdilutedsharesoutstanding": 52705000,
        "allocatedsharebasedcompensationexpense": 370000000,
        "othercomprehensiveincomeforeigncurrencytransactionandtranslationadjustmentnetoftaxportionattributabletoparent": -1000000,
        "othercomprehensiveincomeunrealizedholdinggainlossonsecuritiesarisingduringperiodnetoftax": 27000000,
        "othercomprehensiveincomelosscashflowhedgegainlossafterreclassificationandtax": -24000000,
        "othercomprehensiveincomelossnetoftaxportionattributabletoparent": 2000000,
        "comprehensiveincomenetoftax": 134000000,
        "othercomprehensiveincomeunrealizedholdinggainlossonsecuritiesarisingduringperiodtax": 10000000,
        "othercomprehensiveincomelosscashflowhedgegainlossafterreclassificationtax": -1000000
    },
    {
        "date": "2024-04-29",
        "symbol": "WDAY",
        "period": "Q1",
        "revenuefromcontractwithcustomerexcludingassessedtax": 1815000000,
        "costofgoodsandservicessold": 290000000,
        "researchanddevelopmentexpense": 656000000,
        "sellingandmarketingexpense": 573000000,
        "generalandadministrativeexpense": 208000000,
        "operatingexpenses": 1926000000,
        "operatingincomeloss": 64000000,
        "nonoperatingincomeexpense": 59000000,
        "incomelossfromcontinuingoperationsbeforeincometaxesextraordinaryitemsnoncontrollinginterest": 123000000,
        "incometaxexpensebenefit": 16000000,
        "netincomeloss": 107000000,
        "earningspersharebasic": 0.4,
        "earningspersharediluted": 0.4,
        "weightedaveragenumberofsharesoutstandingbasic": 264444000,
        "weightedaveragenumberofdilutedsharesoutstanding": 270298000,
        "allocatedsharebasedcompensationexpense": 38000000,
        "othercomprehensiveincomeforeigncurrencytransactionandtranslationadjustmentnetoftaxportionattributabletoparent": -2000000,
        "othercomprehensiveincomeunrealizedholdinggainlossonsecuritiesarisingduringperiodnetoftax": -25000000,
        "othercomprehensiveincomelosscashflowhedgegainlossafterreclassificationandtax": 23000000,
        "othercomprehensiveincomelossnetoftaxportionattributabletoparent": -4000000,
        "comprehensiveincomenetoftax": 103000000,
        "othercomprehensiveincomeunrealizedholdinggainlossonsecuritiesarisingduringperiodtax": -9000000,
        "othercomprehensiveincomelosscashflowhedgegainlossafterreclassificationtax": 1000000
    },
    {
        "date": "2024-01-30",
        "symbol": "WDAY",
        "period": "Q4",
        "revenuefromcontractwithcustomerexcludingassessedtax": 2867598000,
        "costofgoodsandservicessold": 333059000,
        "researchanddevelopmentexpense": 635130000,
        "sellingandmarketingexpense": 558361000,
        "generalandadministrativeexpense": 189852000,
        "operatingexpenses": 1843559000,
        "operatingincomeloss": 78688000,
        "nonoperatingincomeexpense": 59348000,
        "incomelossfromcontinuingoperationsbeforeincometaxesextraordinaryitemsnoncontrollinginterest": 138036000,
        "incometaxexpensebenefit": -1050459000,
        "netincomeloss": 1188602000,
        "weightedaveragenumberofsharesoutstandingbasic": 261344000,
        "weightedaveragenumberofdilutedsharesoutstanding": 265285000,
        "allocatedsharebasedcompensationexpense": -309991000,
        "othercomprehensiveincomeforeigncurrencytransactionandtranslationadjustmentnetoftaxportionattributabletoparent": 2317000,
        "othercomprehensiveincomeunrealizedholdinggainlossonsecuritiesarisingduringperiodnetoftax": 34204000,
        "othercomprehensiveincomelosscashflowhedgegainlossafterreclassificationandtax": -48677000,
        "othercomprehensiveincomelossnetoftaxportionattributabletoparent": -12156000,
        "comprehensiveincomenetoftax": 1176339000,
        "othercomprehensiveincomelosscashflowhedgegainlossafterreclassificationtax": -1942000
    },
    {
        "date": "2023-10-30",
        "symbol": "WDAY",
        "period": "Q3",
        "revenuefromcontractwithcustomerexcludingassessedtax": 1691116000,
        "costofgoodsandservicessold": 263840000,
        "researchanddevelopmentexpense": 618736000,
        "sellingandmarketingexpense": 537816000,
        "generalandadministrativeexpense": 176028000,
        "operatingexpenses": 1777820000,
        "operatingincomeloss": 87855000,
        "nonoperatingincomeexpense": 41388000,
        "incomelossfromcontinuingoperationsbeforeincometaxesextraordinaryitemsnoncontrollinginterest": 129243000,
        "incometaxexpensebenefit": 15534000,
        "netincomeloss": 113709000,
        "earningspersharebasic": 0.43,
        "earningspersharediluted": 0.43,
        "weightedaveragenumberofsharesoutstandingbasic": 262153000,
        "weightedaveragenumberofdilutedsharesoutstanding": 266377000,
        "allocatedsharebasedcompensationexpense": 30543000,
        "othercomprehensiveincomeforeigncurrencytransactionandtranslationadjustmentnetoftaxportionattributabletoparent": -3851000,
        "othercomprehensiveincomeunrealizedholdinggainlossonsecuritiesarisingduringperiodnetoftax": -4634000,
        "othercomprehensiveincomelosscashflowhedgegainlossafterreclassificationandtax": 48472000,
        "othercomprehensiveincomelossnetoftaxportionattributabletoparent": 39987000,
        "comprehensiveincomenetoftax": 153696000,
        "othercomprehensiveincomelosscashflowhedgegainlossafterreclassificationtax": 2388000
    },
    {
        "date": "2023-07-31",
        "symbol": "WDAY",
        "period": "Q2",
        "revenuefromcontractwithcustomerexcludingassessedtax": 1623939000,
        "costofgoodsandservicessold": 255684000,
        "researchanddevelopmentexpense": 609677000,
        "sellingandmarketingexpense": 524186000,
        "generalandadministrativeexpense": 168546000,
        "operatingexpenses": 1750509000,
        "operatingincomeloss": 36257000,
        "nonoperatingincomeexpense": 45555000,
        "incomelossfromcontinuingoperationsbeforeincometaxesextraordinaryitemsnoncontrollinginterest": 81812000,
        "incometaxexpensebenefit": 3152000,
        "netincomeloss": 78660000,
        "earningspersharebasic": 0.3,
        "earningspersharediluted": 0.3,
        "weightedaveragenumberofsharesoutstandingbasic": 261191000,
        "weightedaveragenumberofdilutedsharesoutstanding": 264435000,
        "allocatedsharebasedcompensationexpense": 29988000,
        "othercomprehensiveincomeforeigncurrencytransactionandtranslationadjustmentnetoftaxportionattributabletoparent": 1292000,
        "othercomprehensiveincomeunrealizedholdinggainlossonsecuritiesarisingduringperiodnetoftax": -17636000,
        "othercomprehensiveincomelosscashflowhedgegainlossafterreclassificationandtax": -33086000,
        "othercomprehensiveincomelossnetoftaxportionattributabletoparent": -49430000,
        "comprehensiveincomenetoftax": 29230000,
        "othercomprehensiveincomelosscashflowhedgegainlossafterreclassificationtax": -523000
    },
    {
        "date": "2023-04-29",
        "symbol": "WDAY",
        "period": "Q1",
        "revenuefromcontractwithcustomerexcludingassessedtax": 420347000,
        "costofgoodsandservicessold": 178417000,
        "researchanddevelopmentexpense": 600457000,
        "sellingandmarketingexpense": 518637000,
        "generalandadministrativeexpense": 167574000,
        "operatingexpenses": 1704112000,
        "operatingincomeloss": -19800000,
        "nonoperatingincomeexpense": 26709000,
        "incomelossfromcontinuingoperationsbeforeincometaxesextraordinaryitemsnoncontrollinginterest": 6909000,
        "incometaxexpensebenefit": 6773000,
        "netincomeloss": 29000,
        "weightedaveragenumberofsharesoutstandingbasic": 54633000,
        "weightedaveragenumberofdilutedsharesoutstanding": 54633000,
        "allocatedsharebasedcompensationexpense": 369460000,
        "othercomprehensiveincomeforeigncurrencytransactionandtranslationadjustmentnetoftaxportionattributabletoparent": -758000,
        "othercomprehensiveincomeunrealizedholdinggainlossonsecuritiesarisingduringperiodnetoftax": 6066000,
        "othercomprehensiveincomelosscashflowhedgegainlossafterreclassificationandtax": -15709000,
        "othercomprehensiveincomelossnetoftaxportionattributabletoparent": -10401000,
        "comprehensiveincomenetoftax": -10265000,
        "othercomprehensiveincomelosscashflowhedgegainlossafterreclassificationtax": 2077000
    },
    {
        "date": "2023-01-30",
        "symbol": "WDAY",
        "period": "Q4",
        "revenuefromcontractwithcustomerexcludingassessedtax": 396224000,
        "costofgoodsandservicessold": 179333000,
        "researchanddevelopmentexpense": 615589000,
        "sellingandmarketingexpense": 489895000,
        "generalandadministrativeexpense": 176255000,
        "operatingexpenses": 1735218000,
        "operatingincomeloss": -88958000,
        "nonoperatingincomeexpense": 11039000,
        "incomelossfromcontinuingoperationsbeforeincometaxesextraordinaryitemsnoncontrollinginterest": -77919000,
        "incometaxexpensebenefit": 47778000,
        "netincomeloss": -26795000,
        "earningspersharebasic": -0.48999999999999994,
        "earningspersharediluted": -0.48999999999999994,
        "weightedaveragenumberofsharesoutstandingbasic": -110289000,
        "weightedaveragenumberofdilutedsharesoutstanding": -306755000,
        "allocatedsharebasedcompensationexpense": 656419000,
        "othercomprehensiveincomeforeigncurrencytransactionandtranslationadjustmentnetoftaxportionattributabletoparent": 4223000,
        "othercomprehensiveincomeunrealizedholdinggainlossonsecuritiesarisingduringperiodnetoftax": 12546000,
        "othercomprehensiveincomelosscashflowhedgegainlossafterreclassificationandtax": -67832000,
        "othercomprehensiveincomelossnetoftaxportionattributabletoparent": -51063000,
        "comprehensiveincomenetoftax": -176760000
    },
    {
        "date": "2022-10-30",
        "symbol": "WDAY",
        "period": "Q3",
        "revenuefromcontractwithcustomerexcludingassessedtax": 394261000,
        "costofgoodsandservicessold": 176396000,
        "researchanddevelopmentexpense": 565727000,
        "sellingandmarketingexpense": 470196000,
        "generalandadministrativeexpense": 153708000,
        "operatingexpenses": 1625424000,
        "operatingincomeloss": -26321000,
        "nonoperatingincomeexpense": 4163000,
        "incomelossfromcontinuingoperationsbeforeincometaxesextraordinaryitemsnoncontrollinginterest": -22158000,
        "incometaxexpensebenefit": 52563000,
        "netincomeloss": -16073000,
        "earningspersharebasic": -0.29,
        "earningspersharediluted": -0.29,
        "weightedaveragenumberofsharesoutstandingbasic": 55013000,
        "weightedaveragenumberofdilutedsharesoutstanding": 55013000,
        "allocatedsharebasedcompensationexpense": 314196000,
        "othercomprehensiveincomeforeigncurrencytransactionandtranslationadjustmentnetoftaxportionattributabletoparent": -3098000,
        "othercomprehensiveincomeunrealizedholdinggainlossonsecuritiesarisingduringperiodnetoftax": -13232000,
        "othercomprehensiveincomelosscashflowhedgegainlossafterreclassificationandtax": 57483000,
        "othercomprehensiveincomelossnetoftaxportionattributabletoparent": 41153000,
        "comprehensiveincomenetoftax": -33568000
    },
    {
        "date": "2022-07-30",
        "symbol": "WDAY",
        "period": "Q2",
        "revenuefromcontractwithcustomerexcludingassessedtax": 383436000,
        "costofgoodsandservicessold": 178103000,
        "researchanddevelopmentexpense": 547835000,
        "sellingandmarketingexpense": 458701000,
        "generalandadministrativeexpense": 140255000,
        "operatingexpenses": 1569876000,
        "operatingincomeloss": -34078000,
        "nonoperatingincomeexpense": -32789000,
        "incomelossfromcontinuingoperationsbeforeincometaxesextraordinaryitemsnoncontrollinginterest": -66867000,
        "incometaxexpensebenefit": -2709000,
        "netincomeloss": -13876000,
        "earningspersharebasic": -0.25,
        "earningspersharediluted": -0.25,
        "weightedaveragenumberofsharesoutstandingbasic": 55013000,
        "weightedaveragenumberofdilutedsharesoutstanding": 55013000,
        "allocatedsharebasedcompensationexpense": 308007000,
        "othercomprehensiveincomeforeigncurrencytransactionandtranslationadjustmentnetoftaxportionattributabletoparent": -985000,
        "othercomprehensiveincomeunrealizedholdinggainlossonsecuritiesarisingduringperiodnetoftax": -1357000,
        "othercomprehensiveincomelosscashflowhedgegainlossafterreclassificationandtax": 22194000,
        "othercomprehensiveincomelossnetoftaxportionattributabletoparent": 19852000,
        "comprehensiveincomenetoftax": -44306000
    },
    {
        "date": "2022-04-29",
        "symbol": "WDAY",
        "period": "Q1",
        "revenuefromcontractwithcustomerexcludingassessedtax": 359612000,
        "costofgoodsandservicessold": 169899000,
        "researchanddevelopmentexpense": 541509000,
        "sellingandmarketingexpense": 429301000,
        "generalandadministrativeexpense": 133869000,
        "operatingexpenses": 1507500000,
        "operatingincomeloss": -72843000,
        "nonoperatingincomeexpense": -20163000,
        "incomelossfromcontinuingoperationsbeforeincometaxesextraordinaryitemsnoncontrollinginterest": -93006000,
        "incometaxexpensebenefit": 9167000,
        "netincomeloss": -22435000,
        "earningspersharebasic": -0.41,
        "earningspersharediluted": -0.41,
        "weightedaveragenumberofsharesoutstandingbasic": 55277000,
        "weightedaveragenumberofdilutedsharesoutstanding": 251743000,
        "allocatedsharebasedcompensationexpense": 16000000,
        "othercomprehensiveincomeforeigncurrencytransactionandtranslationadjustmentnetoftaxportionattributabletoparent": -1922000,
        "othercomprehensiveincomeunrealizedholdinggainlossonsecuritiesarisingduringperiodnetoftax": -8924000,
        "othercomprehensiveincomelosscashflowhedgegainlossafterreclassificationandtax": 46246000,
        "othercomprehensiveincomelossnetoftaxportionattributabletoparent": 35400000,
        "comprehensiveincomenetoftax": -66773000
    },
    {
        "date": "2022-01-30",
        "symbol": "WDAY",
        "period": "Q4",
        "revenuefromcontractwithcustomerexcludingassessedtax": 348478000,
        "costofgoodsandservicessold": 169589000,
        "researchanddevelopmentexpense": 537738000,
        "sellingandmarketingexpense": 410947000,
        "generalandadministrativeexpense": 138621000,
        "operatingexpenses": 2690449000,
        "operatingincomeloss": -100962000,
        "nonoperatingincomeexpense": 17141000,
        "incometaxexpensebenefit": -10568000,
        "netincomeloss": -16822000,
        "earningspersharebasic": -0.29,
        "earningspersharediluted": -0.26999999999999996,
        "weightedaveragenumberofsharesoutstandingbasic": -116040000,
        "weightedaveragenumberofdilutedsharesoutstanding": -116040000,
        "allocatedsharebasedcompensationexpense": -35000000,
        "othercomprehensiveincomeforeigncurrencytransactionandtranslationadjustmentnetoftaxportionattributabletoparent": -1933000,
        "othercomprehensiveincomeunrealizedholdinggainlossonsecuritiesarisingduringperiodnetoftax": -3668000,
        "othercomprehensiveincomelosscashflowhedgegainlossafterreclassificationandtax": 33937000,
        "othercomprehensiveincomelossnetoftaxportionattributabletoparent": 28336000,
        "comprehensiveincomenetoftax": -44917000
    },
    {
        "date": "2021-10-30",
        "symbol": "WDAY",
        "period": "Q3",
        "revenuefromcontractwithcustomerexcludingassessedtax": 335516000,
        "costofgoodsandservicessold": 159024000,
        "researchanddevelopmentexpense": 455615000,
        "sellingandmarketingexpense": 366323000,
        "generalandadministrativeexpense": 121656000,
        "operatingexpenses": 1303318000,
        "operatingincomeloss": 23945000,
        "nonoperatingincomeexpense": 21557000,
        "incomelossfromcontinuingoperationsbeforeincometaxesextraordinaryitemsnoncontrollinginterest": 45502000,
        "incometaxexpensebenefit": 2090000,
        "netincomeloss": 9995000,
        "earningspersharebasic": 0.17,
        "earningspersharediluted": 0.17,
        "weightedaveragenumberofsharesoutstandingbasic": 57209000,
        "weightedaveragenumberofdilutedsharesoutstanding": 57209000,
        "allocatedsharebasedcompensationexpense": 24000000,
        "othercomprehensiveincomeforeigncurrencytransactionandtranslationadjustmentnetoftaxportionattributabletoparent": -361000,
        "othercomprehensiveincomeunrealizedholdinggainlossonsecuritiesarisingduringperiodnetoftax": -1505000,
        "othercomprehensiveincomelosscashflowhedgegainlossafterreclassificationandtax": 25389000,
        "othercomprehensiveincomelossnetoftaxportionattributabletoparent": 23523000,
        "comprehensiveincomenetoftax": 66935000
    },
    {
        "date": "2021-07-30",
        "symbol": "WDAY",
        "period": "Q2",
        "revenuefromcontractwithcustomerexcludingassessedtax": 317800000,
        "costofgoodsandservicessold": 152783000,
        "researchanddevelopmentexpense": 444251000,
        "sellingandmarketingexpense": 358157000,
        "generalandadministrativeexpense": 113552000,
        "operatingexpenses": 1261481000,
        "operatingincomeloss": -1120000,
        "nonoperatingincomeexpense": 102985000,
        "incomelossfromcontinuingoperationsbeforeincometaxesminorityinterestandincomelossfromequitymethodinvestments": 101865000,
        "incometaxexpensebenefit": -3871000,
        "netincomeloss": 24781000,
        "earningspersharebasic": 0.43,
        "earningspersharediluted": 0.41,
        "weightedaveragenumberofsharesoutstandingbasic": 57874000,
        "weightedaveragenumberofdilutedsharesoutstanding": 57874000,
        "allocatedsharebasedcompensationexpense": 11000000,
        "othercomprehensiveincomeforeigncurrencytransactionandtranslationadjustmentnetoftaxportionattributabletoparent": -1219000,
        "othercomprehensiveincomeunrealizedholdinggainlossonsecuritiesarisingduringperiodnetoftax": -208000,
        "othercomprehensiveincomelosscashflowhedgegainlossafterreclassificationandtax": 17698000,
        "othercomprehensiveincomelossnetoftaxportionattributabletoparent": 16271000,
        "comprehensiveincomenetoftax": 122007000
    },
    {
        "date": "2021-04-30",
        "symbol": "WDAY",
        "period": "Q1",
        "revenuefromcontractwithcustomerexcludingassessedtax": 1032169000,
        "costofgoodsandservicessold": 182208000,
        "researchanddevelopmentexpense": 441616000,
        "sellingandmarketingexpense": 326494000,
        "generalandadministrativeexpense": 112183000,
        "operatingexpenses": 1213346000,
        "operatingincomeloss": -38313000,
        "nonoperatingincomeexpense": -9051000,
        "incomelossfromcontinuingoperationsbeforeincometaxesminorityinterestandincomelossfromequitymethodinvestments": -47364000,
        "incometaxexpensebenefit": -842000,
        "netincomeloss": -46522000,
        "earningspersharebasic": -0.19,
        "earningspersharediluted": -0.19,
        "weightedaveragenumberofsharesoutstandingbasic": 243739000,
        "weightedaveragenumberofdilutedsharesoutstanding": 243739000,
        "allocatedsharebasedcompensationexpense": 20717000,
        "othercomprehensiveincomeforeigncurrencytransactionandtranslationadjustmentnetoftaxportionattributabletoparent": 218000,
        "othercomprehensiveincomeunrealizedholdinggainlossonsecuritiesarisingduringperiodnetoftax": -898000,
        "othercomprehensiveincomelosscashflowhedgegainlossafterreclassificationandtax": -4771000,
        "othercomprehensiveincomelossnetoftaxportionattributabletoparent": -5451000,
        "comprehensiveincomenetoftax": -51973000
    },
    {
        "date": "2021-01-31",
        "symbol": "WDAY",
        "period": "Q4",
        "revenuefromcontractwithcustomerexcludingassessedtax": 1006251000,
        "costofgoodsandservicessold": 169246000,
        "researchanddevelopmentexpense": 439095000,
        "sellingandmarketingexpense": 335249000,
        "generalandadministrativeexpense": 117607000,
        "operatingexpenses": 1204995000,
        "operatingincomeloss": -73311000,
        "nonoperatingincomeexpense": 4737000,
        "incomelossfromcontinuingoperationsbeforeincometaxesminorityinterestandincomelossfromequitymethodinvestments": -68574000,
        "incometaxexpensebenefit": 3133000,
        "earningspersharebasicanddiluted": -0.2899999999999998,
        "weightedaveragenumberofshareoutstandingbasicanddiluted": -469981000,
        "allocatedsharebasedcompensationexpense": 17769000,
        "othercomprehensiveincomelosscashflowhedgegainlossafterreclassificationandtax": -57466000,
        "comprehensiveincomenetoftax": -127787000
    },
    {
        "date": "2020-10-31",
        "symbol": "WDAY",
        "period": "Q3",
        "revenuefromcontractwithcustomerexcludingassessedtax": 968547000,
        "costofgoodsandservicessold": 152396000,
        "researchanddevelopmentexpense": 419962000,
        "sellingandmarketingexpense": 302870000,
        "generalandadministrativeexpense": 102024000,
        "operatingexpenses": 1120037000,
        "operatingincomeloss": -14077000,
        "nonoperatingincomeexpense": -8846000,
        "incomelossfromcontinuingoperationsbeforeincometaxesminorityinterestandincomelossfromequitymethodinvestments": -22923000,
        "incometaxexpensebenefit": 1417000,
        "netincomeloss": -24340000,
        "earningspersharebasicanddiluted": -0.1,
        "weightedaveragenumberofshareoutstandingbasicanddiluted": 238059000,
        "allocatedsharebasedcompensationexpense": 16767000,
        "othercomprehensiveincomeforeigncurrencytransactionandtranslationadjustmentnetoftaxportionattributabletoparent": -2000,
        "othercomprehensiveincomeavailableforsalesecuritiesadjustmentnetoftaxportionattributabletoparent": -2578000,
        "othercomprehensiveincomelosscashflowhedgegainlossafterreclassificationandtax": 3044000,
        "othercomprehensiveincomelossnetoftaxportionattributabletoparent": 464000,
        "comprehensiveincomenetoftax": -23876000
    },
    {
        "date": "2020-07-31",
        "symbol": "WDAY",
        "period": "Q2",
        "revenuefromcontractwithcustomerexcludingassessedtax": 931698000,
        "costofgoodsandservicessold": 145007000,
        "researchanddevelopmentexpense": 418681000,
        "sellingandmarketingexpense": 276497000,
        "generalandadministrativeexpense": 99266000,
        "operatingexpenses": 1078721000,
        "operatingincomeloss": -16754000,
        "nonoperatingincomeexpense": -11453000,
        "incomelossfromcontinuingoperationsbeforeincometaxesminorityinterestandincomelossfromequitymethodinvestments": -28207000,
        "incometaxexpensebenefit": -191000,
        "profitloss": -28016000,
        "earningspersharebasicanddiluted": -0.12,
        "weightedaveragenumberofshareoutstandingbasicanddiluted": 236002000,
        "allocatedsharebasedcompensationexpense": 14825000,
        "othercomprehensiveincomelossforeigncurrencytransactionandtranslationadjustmentnetoftax": 1684000,
        "othercomprehensiveincomeunrealizedholdinggainlossonsecuritiesarisingduringperiodnetoftax": -728000,
        "othercomprehensiveincomelosscashflowhedgegainlossafterreclassificationandtax": -57836000,
        "othercomprehensiveincomelossnetoftax": -56880000,
        "comprehensiveincomenetoftax": -84896000
    },
    {
        "date": "2020-04-30",
        "symbol": "WDAY",
        "period": "Q1",
        "revenuefromcontractwithcustomerexcludingassessedtax": 881956000,
        "costofgoodsandservicessold": 145263000,
        "researchanddevelopmentexpense": 443484000,
        "sellingandmarketingexpense": 318557000,
        "generalandadministrativeexpense": 95171000,
        "operatingexpenses": 1162842000,
        "operatingincomeloss": -144457000,
        "nonoperatingincomeexpense": -10973000,
        "incomelossfromcontinuingoperationsbeforeincometaxesminorityinterestandincomelossfromequitymethodinvestments": -155430000,
        "incometaxexpensebenefit": 2938000,
        "profitloss": -158368000,
        "earningspersharebasicanddiluted": -0.68,
        "weightedaveragenumberofshareoutstandingbasicanddiluted": 232939000,
        "allocatedsharebasedcompensationexpense": 13892000,
        "othercomprehensiveincomelossforeigncurrencytransactionandtranslationadjustmentnetoftax": -1247000,
        "othercomprehensiveincomeunrealizedholdinggainlossonsecuritiesarisingduringperiodnetoftax": 2974000,
        "othercomprehensiveincomelosscashflowhedgegainlossafterreclassificationandtax": 32307000,
        "othercomprehensiveincomelossnetoftax": 34034000,
        "comprehensiveincomenetoftax": -124334000
    },
    {
        "date": "2020-01-31",
        "symbol": "WDAY",
        "period": "Q4",
        "revenuefromcontractwithcustomerexcludingassessedtax": 715663000,
        "costofgoodsandservicessold": 132578000,
        "researchanddevelopmentexpense": 422211000,
        "sellingandmarketingexpense": 306618000,
        "generalandadministrativeexpense": 108792000,
        "operatingincomeloss": -146097000,
        "nonoperatingincomeexpense": 16884000,
        "incomelossfromcontinuingoperationsbeforeincometaxesminorityinterestandincomelossfromequitymethodinvestments": -129213000,
        "incometaxexpensebenefit": -1255000,
        "profitloss": -127958000,
        "earningspersharebasicanddiluted": -0.56,
        "weightedaveragenumberofshareoutstandingbasicanddiluted": -292364000,
        "allocatedsharebasedcompensationexpense": 13869000,
        "othercomprehensiveincomelossforeigncurrencytransactionandtranslationadjustmentnetoftax": -155000,
        "othercomprehensiveincomeunrealizedholdinggainlossonsecuritiesarisingduringperiodnetoftax": -394000,
        "othercomprehensiveincomelosscashflowhedgegainlossafterreclassificationandtax": -578000,
        "othercomprehensiveincomelossnetoftax": -1127000,
        "comprehensiveincomenetoftax": -129085000,
        "othercomprehensiveincomeavailableforsalesecuritiestaxportionattributabletoparent": -36000,
        "othercomprehensiveincomelosscashflowhedgegainlossafterreclassificationtax": -79000
    },
    {
        "date": "2019-10-31",
        "symbol": "WDAY",
        "period": "Q3",
        "profitloss": -115729000,
        "othercomprehensiveincomelossforeigncurrencytransactionandtranslationadjustmentnetoftax": 173000,
        "othercomprehensiveincomeunrealizedholdinggainlossonsecuritiesarisingduringperiodnetoftax": 1194000,
        "othercomprehensiveincomelosscashflowhedgegainlossafterreclassificationandtax": -9206000,
        "othercomprehensiveincomelossnetoftax": -7839000,
        "comprehensiveincomenetoftax": -123568000,
        "othercomprehensiveincomeavailableforsalesecuritiestaxportionattributabletoparent": 444000,
        "othercomprehensiveincomelosscashflowhedgegainlossafterreclassificationtax": -1315000,
        "revenuefromcontractwithcustomerexcludingassessedtax": 798516000,
        "costofgoodsandservicessold": 122305000,
        "researchanddevelopmentexpense": 401742000,
        "sellingandmarketingexpense": 286794000,
        "generalandadministrativeexpense": 88884000,
        "costsandexpenses": 1048350000,
        "operatingincomeloss": -110250000,
        "nonoperatingincomeexpense": -4136000,
        "incomelossfromcontinuingoperationsbeforeincometaxesminorityinterestandincomelossfromequitymethodinvestments": -114386000,
        "incometaxexpensebenefit": 1343000,
        "earningspersharebasicanddiluted": -0.51,
        "weightedaveragenumberofshareoutstandingbasicanddiluted": 228461000,
        "allocatedsharebasedcompensationexpense": 13634000
    },
    {
        "date": "2019-07-31",
        "symbol": "WDAY",
        "period": "Q2",
        "profitloss": -120712000,
        "othercomprehensiveincomelossforeigncurrencytransactionandtranslationadjustmentnetoftax": 53000,
        "othercomprehensiveincomeunrealizedholdinggainlossonsecuritiesarisingduringperiodnetoftax": 889000,
        "othercomprehensiveincomelosscashflowhedgegainlossafterreclassificationandtax": 18403000,
        "othercomprehensiveincomelossnetoftax": 19345000,
        "comprehensiveincomenetoftax": -101367000,
        "othercomprehensiveincomeavailableforsalesecuritiestaxportionattributabletoparent": 212000,
        "othercomprehensiveincomelosscashflowhedgegainlossafterreclassificationtax": 2629000,
        "revenuefromcontractwithcustomerexcludingassessedtax": 757155000,
        "costofgoodsandservicessold": 121161000,
        "researchanddevelopmentexpense": 378122000,
        "sellingandmarketingexpense": 280200000,
        "generalandadministrativeexpense": 85593000,
        "costsandexpenses": 1010249000,
        "operatingincomeloss": -122497000,
        "nonoperatingincomeexpense": -106000,
        "incomelossfromcontinuingoperationsbeforeincometaxesminorityinterestandincomelossfromequitymethodinvestments": -122603000,
        "incometaxexpensebenefit": -1891000,
        "earningspersharebasicanddiluted": -0.53,
        "weightedaveragenumberofshareoutstandingbasicanddiluted": 226392000,
        "allocatedsharebasedcompensationexpense": 12001000
    },
    {
        "date": "2019-04-29",
        "symbol": "WDAY",
        "period": "Q1",
        "profitloss": -116275000,
        "othercomprehensiveincomelossforeigncurrencytransactionandtranslationadjustmentnetoftax": -646000,
        "othercomprehensiveincomeunrealizedholdinggainlossonsecuritiesarisingduringperiodnetoftax": 703000,
        "othercomprehensiveincomelosscashflowhedgegainlossafterreclassificationandtax": 13865000,
        "othercomprehensiveincomelossnetoftax": 13922000,
        "comprehensiveincomenetoftax": -102353000,
        "othercomprehensiveincomeavailableforsalesecuritiestaxportionattributabletoparent": 219000,
        "othercomprehensiveincomelosscashflowhedgegainlossafterreclassificationtax": 1981000,
        "revenuefromcontractwithcustomerexcludingassessedtax": 825055000,
        "costofgoodsandservicessold": 112469000,
        "researchanddevelopmentexpense": 347831000,
        "sellingandmarketingexpense": 272936000,
        "generalandadministrativeexpense": 84455000,
        "costsandexpenses": 948441000,
        "operatingincomeloss": -123386000,
        "nonoperatingincomeexpense": 7141000,
        "incomelossfromcontinuingoperationsbeforeincometaxesminorityinterestandincomelossfromequitymethodinvestments": -116245000,
        "incometaxexpensebenefit": 30000,
        "earningspersharebasicanddiluted": -0.52,
        "weightedaveragenumberofshareoutstandingbasicanddiluted": 64696000,
        "allocatedsharebasedcompensationexpense": 10415000
    },
    {
        "date": "2019-01-30",
        "symbol": "WDAY",
        "period": "Q4",
        "allocatedsharebasedcompensationexpense": 10151000,
        "profitloss": -104361000,
        "othercomprehensiveincomelossforeigncurrencytransactionandtranslationadjustmentnetoftax": 177000,
        "othercomprehensiveincomeunrealizedholdinggainlossonsecuritiesarisingduringperiodnetoftax": 1253000,
        "othercomprehensiveincomelossnetoftax": -4577000,
        "comprehensiveincomenetoftax": -108938000,
        "researchanddevelopmentexpense": 337405000,
        "sellingandmarketingexpense": 249954000,
        "generalandadministrativeexpense": 87804000,
        "operatingexpenses": 908911000,
        "operatingincomeloss": -120283000,
        "incomelossfromcontinuingoperationsbeforeincometaxesminorityinterestandincomelossfromequitymethodinvestments": -105133000,
        "incometaxexpensebenefit": -772000,
        "earningspersharebasicanddiluted": -0.48,
        "weightedaveragenumberofshareoutstandingbasicanddiluted": -137915000
    },
    {
        "date": "2018-10-30",
        "symbol": "WDAY",
        "period": "Q3",
        "profitloss": -153331000,
        "othercomprehensiveincomelossforeigncurrencytransactionandtranslationadjustmentnetoftax": -551000,
        "othercomprehensiveincomeunrealizedholdinggainlossonsecuritiesarisingduringperiodnetoftax": 375000,
        "othercomprehensiveincomelosscashflowhedgegainlossafterreclassificationandtax": -2373000,
        "othercomprehensiveincomelossnetoftax": 16199000,
        "comprehensiveincomenetoftax": -137132000,
        "othercomprehensiveincomeavailableforsalesecuritiestaxportionattributabletoparent": 10000,
        "othercomprehensiveincomelosscashflowhedgegainlossreclassificationtax": 2339000,
        "revenuefromcontractwithcustomerexcludingassessedtax": 169716000,
        "costofgoodsandservicessold": 103310000,
        "researchanddevelopmentexpense": 318003000,
        "sellingandmarketingexpense": 246156000,
        "generalandadministrativeexpense": 138784000,
        "operatingexpenses": 925944000,
        "operatingincomeloss": -182755000,
        "othernonoperatingincomeexpense": 26617000,
        "incomelossfromcontinuingoperationsbeforeincometaxesminorityinterestandincomelossfromequitymethodinvestments": -156138000,
        "incometaxexpensebenefit": -2807000,
        "earningspersharebasicanddiluted": -0.7,
        "weightedaveragenumberofshareoutstandingbasicanddiluted": 67839000,
        "allocatedsharebasedcompensationexpense": 10205000
    },
    {
        "date": "2018-07-30",
        "symbol": "WDAY",
        "period": "Q2",
        "profitloss": -86156000,
        "othercomprehensiveincomelossforeigncurrencytransactionandtranslationadjustmentnetoftax": -474000,
        "othercomprehensiveincomeunrealizedholdinggainlossonsecuritiesarisingduringperiodnetoftax": 1439000,
        "othercomprehensiveincomelosscashflowhedgegainlossafterreclassificationandtax": -1960000,
        "othercomprehensiveincomelossnetoftax": 18335000,
        "comprehensiveincomenetoftax": -67821000,
        "othercomprehensiveincomeavailableforsalesecuritiestaxportionattributabletoparent": 284000,
        "othercomprehensiveincomelosscashflowhedgegainlossreclassificationtax": 2481000,
        "revenuefromcontractwithcustomerexcludingassessedtax": 156463000,
        "costofgoodsandservicessold": 87523000,
        "researchanddevelopmentexpense": 292840000,
        "sellingandmarketingexpense": 202464000,
        "generalandadministrativeexpense": 65168000,
        "operatingexpenses": 760702000,
        "operatingincomeloss": -88982000,
        "othernonoperatingincomeexpense": 1613000,
        "incomelossfromcontinuingoperationsbeforeincometaxesminorityinterestandincomelossfromequitymethodinvestments": -87369000,
        "incometaxexpensebenefit": -1213000,
        "earningspersharebasicanddiluted": -0.4,
        "weightedaveragenumberofshareoutstandingbasicanddiluted": 68622000,
        "allocatedsharebasedcompensationexpense": 8521000
    },
    {
        "date": "2018-04-29",
        "symbol": "WDAY",
        "period": "Q1",
        "profitloss": -74410000,
        "othercomprehensiveincomelossforeigncurrencytransactionandtranslationadjustmentnetoftax": -787000,
        "othercomprehensiveincomeunrealizedholdinggainlossonsecuritiesarisingduringperiodnetoftax": -533000,
        "othercomprehensiveincomelossderivativesqualifyingashedgesnetoftax": 16967000,
        "othercomprehensiveincomelossnetoftax": 15647000,
        "comprehensiveincomenetoftax": -58763000,
        "othercomprehensiveincomelossderivativesqualifyingashedgestax": 2424000,
        "licenseandservicesrevenue": 522149000,
        "salesrevenueservicesnet": 96494000,
        "revenues": 618643000,
        "costofrevenuesubscriptionandsupport": 80245000,
        "technologyservicescosts": 97726000,
        "researchanddevelopmentexpense": 263584000,
        "sellingandmarketingexpense": 192771000,
        "generalandadministrativeexpense": 55581000,
        "operatingexpenses": 689907000,
        "operatingincomeloss": -71264000,
        "othernonoperatingincomeexpense": -3848000,
        "incomelossfromcontinuingoperationsbeforeincometaxesminorityinterestandincomelossfromequitymethodinvestments": -75112000,
        "incometaxexpensebenefit": -702000,
        "earningspersharebasicanddiluted": -0.35,
        "weightedaveragenumberofshareoutstandingbasicanddiluted": 69476000,
        "allocatedsharebasedcompensationexpense": 7877000
    },
    {
        "date": "2018-01-30",
        "symbol": "WDAY",
        "period": "Q4",
        "profitloss": -89100000,
        "othercomprehensiveincomelossforeigncurrencytransactionandtranslationadjustmentnetoftax": 1119000,
        "othercomprehensiveincomeunrealizedholdinggainlossonsecuritiesarisingduringperiodnetoftax": -1756000,
        "othercomprehensiveincomelossderivativesqualifyingashedgesnetoftax": -29466000,
        "othercomprehensiveincomelossnetoftax": -30103000,
        "comprehensiveincomenetoftax": -119203000,
        "licenseandservicesrevenue": 490002000,
        "salesrevenueservicesnet": 92478000,
        "revenues": -252607000,
        "costofrevenuesubscriptionandsupport": 75834000,
        "technologyservicescosts": 95118000,
        "researchanddevelopmentexpense": 253454000,
        "sellingandmarketingexpense": 179585000,
        "generalandadministrativeexpense": 59824000,
        "operatingexpenses": 663815000,
        "operatingincomeloss": -81335000,
        "othernonoperatingincomeexpense": -7096000,
        "incomelossfromcontinuingoperationsbeforeincometaxesminorityinterestandincomelossfromequitymethodinvestments": -88431000,
        "incometaxexpensebenefit": 669000,
        "earningspersharebasicanddiluted": -0.4300000000000001,
        "weightedaveragenumberofshareoutstandingbasicanddiluted": -148815000,
        "allocatedsharebasedcompensationexpense": 7110000
    },
    {
        "date": "2017-10-30",
        "symbol": "WDAY",
        "period": "Q3",
        "profitloss": -85546000,
        "othercomprehensiveincomelossforeigncurrencytransactionandtranslationadjustmentnetoftax": -504000,
        "othercomprehensiveincomeunrealizedholdinggainlossonsecuritiesarisingduringperiodnetoftax": -302000,
        "othercomprehensiveincomelossderivativesqualifyingashedgesnetoftax": 6693000,
        "othercomprehensiveincomelossnetoftax": 5887000,
        "comprehensiveincomenetoftax": -79659000,
        "licenseandservicesrevenue": 463568000,
        "salesrevenueservicesnet": 91821000,
        "revenues": 115595000,
        "costofrevenuesubscriptionandsupport": 71898000,
        "technologyservicescosts": 91657000,
        "researchanddevelopmentexpense": 239588000,
        "sellingandmarketingexpense": 176121000,
        "generalandadministrativeexpense": 56184000,
        "operatingexpenses": 635448000,
        "operatingincomeloss": -80059000,
        "othernonoperatingincomeexpense": -3742000,
        "incomelossfromcontinuingoperationsbeforeincometaxesminorityinterestandincomelossfromequitymethodinvestments": -83801000,
        "incometaxexpensebenefit": 1745000,
        "earningspersharebasicanddiluted": -0.41,
        "weightedaveragenumberofshareoutstandingbasicanddiluted": 73247000,
        "allocatedsharebasedcompensationexpense": 6899000
    },
    {
        "date": "2017-07-30",
        "symbol": "WDAY",
        "period": "Q2",
        "profitloss": -82532000,
        "othercomprehensiveincomelossforeigncurrencytransactionandtranslationadjustmentnetoftax": 1243000,
        "othercomprehensiveincomeunrealizedholdinggainlossonsecuritiesarisingduringperiodnetoftax": 146000,
        "othercomprehensiveincomelossderivativesqualifyingashedgesnetoftax": -23396000,
        "othercomprehensiveincomelossnetoftax": -22007000,
        "comprehensiveincomenetoftax": -104539000,
        "licenseandservicesrevenue": 434527000,
        "salesrevenueservicesnet": 90793000,
        "revenues": 105854000,
        "costofrevenuesubscriptionandsupport": 65931000,
        "technologyservicescosts": 92264000,
        "researchanddevelopmentexpense": 221103000,
        "sellingandmarketingexpense": 171952000,
        "generalandadministrativeexpense": 55699000,
        "operatingexpenses": 606949000,
        "operatingincomeloss": -81629000,
        "othernonoperatingincomeexpense": 938000,
        "incomelossfromcontinuingoperationsbeforeincometaxesminorityinterestandincomelossfromequitymethodinvestments": -80691000,
        "incometaxexpensebenefit": 1841000,
        "earningspersharebasicanddiluted": -0.4,
        "weightedaveragenumberofshareoutstandingbasicanddiluted": 74088000,
        "allocatedsharebasedcompensationexpense": 6580000
    },
    {
        "date": "2017-04-29",
        "symbol": "WDAY",
        "period": "Q1",
        "profitloss": -64044000,
        "othercomprehensiveincomelossforeigncurrencytransactionandtranslationadjustmentnetoftax": -277000,
        "othercomprehensiveincomeunrealizedholdinggainlossonsecuritiesarisingduringperiodnetoftax": -775000,
        "othercomprehensiveincomelossderivativesqualifyingashedgesnetoftax": -1209000,
        "othercomprehensiveincomelossnetoftax": -2261000,
        "comprehensiveincomenetoftax": -66305000,
        "licenseandservicesrevenue": 399736000,
        "salesrevenueservicesnet": 80125000,
        "revenues": 479861000,
        "costofrevenuesubscriptionandsupport": 59798000,
        "technologyservicescosts": 76913000,
        "researchanddevelopmentexpense": 196439000,
        "sellingandmarketingexpense": 155709000,
        "generalandadministrativeexpense": 51202000,
        "operatingexpenses": 540061000,
        "operatingincomeloss": -60200000,
        "othernonoperatingincomeexpense": -1663000,
        "incomelossfromcontinuingoperationsbeforeincometaxesminorityinterestandincomelossfromequitymethodinvestments": -61863000,
        "incometaxexpensebenefit": 2181000,
        "earningspersharebasicanddiluted": -0.31,
        "weightedaveragenumberofshareoutstandingbasicanddiluted": 74612000,
        "allocatedsharebasedcompensationexpense": 5691000
    },
    {
        "date": "2017-01-30",
        "symbol": "WDAY",
        "period": "Q4",
        "profitloss": -105565000,
        "othercomprehensiveincomelossforeigncurrencytransactionandtranslationadjustmentnetoftax": 39000,
        "othercomprehensiveincomeunrealizedholdinggainlossonsecuritiesarisingduringperiodnetoftax": -930000,
        "othercomprehensiveincomelossderivativesqualifyingashedgesnetoftax": 340000,
        "othercomprehensiveincomelossnetoftax": -551000,
        "comprehensiveincomenetoftax": -106116000,
        "licenseandservicesrevenue": 368780000,
        "salesrevenueservicesnet": 72925000,
        "revenues": -199900000,
        "costofrevenuesubscriptionandsupport": 58165000,
        "technologyservicescosts": 72016000,
        "researchanddevelopmentexpense": 191556000,
        "sellingandmarketingexpense": 149111000,
        "generalandadministrativeexpense": 53513000,
        "operatingexpenses": 542907000,
        "operatingincomeloss": -82656000,
        "othernonoperatingincomeexpense": -2291000,
        "incomelossfromcontinuingoperationsbeforeincometaxesminorityinterestandincomelossfromequitymethodinvestments": -108526000,
        "earningspersharebasicanddiluted": -0.5300000000000002,
        "weightedaveragenumberofshareoutstandingbasicanddiluted": -153389000,
        "allocatedsharebasedcompensationexpense": 5936000
    },
    {
        "date": "2016-10-30",
        "symbol": "WDAY",
        "period": "Q3",
        "profitloss": -114066000,
        "othercomprehensiveincomelossforeigncurrencytransactionandtranslationadjustmentnetoftax": -322000,
        "othercomprehensiveincomeunrealizedholdinggainlossonsecuritiesarisingduringperiodnetoftax": -392000,
        "othercomprehensiveincomelossderivativesqualifyingashedgesnetoftax": 5924000,
        "othercomprehensiveincomelossnetoftax": 5210000,
        "comprehensiveincomenetoftax": -108856000,
        "licenseandservicesrevenue": 335722000,
        "salesrevenueservicesnet": 73860000,
        "revenues": 76454000,
        "costofrevenuesubscriptionandsupport": 54645000,
        "technologyservicescosts": 72240000,
        "researchanddevelopmentexpense": 185311000,
        "sellingandmarketingexpense": 149549000,
        "generalandadministrativeexpense": 57721000,
        "operatingexpenses": 519466000,
        "operatingincomeloss": -109884000,
        "othernonoperatingincomeexpense": -3105000,
        "incomelossfromcontinuingoperationsbeforeincometaxesminorityinterestandincomelossfromequitymethodinvestments": -112989000,
        "incometaxexpensebenefit": 1077000,
        "earningspersharebasicanddiluted": -0.57,
        "weightedaveragenumberofshareoutstandingbasicanddiluted": 75945000,
        "allocatedsharebasedcompensationexpense": 5472000
    },
    {
        "date": "2016-07-30",
        "symbol": "WDAY",
        "period": "Q2",
        "profitloss": -108025000,
        "othercomprehensiveincomelossforeigncurrencytransactionandtranslationadjustmentnetoftax": -248000,
        "othercomprehensiveincomeunrealizedholdinggainlossonsecuritiesarisingduringperiodnetoftax": 382000,
        "othercomprehensiveincomelossderivativesqualifyingashedgesnetoftax": 6310000,
        "othercomprehensiveincomelossnetoftax": 6444000,
        "comprehensiveincomenetoftax": -101581000,
        "licenseandservicesrevenue": 306228000,
        "salesrevenueservicesnet": 71495000,
        "revenues": 65575000,
        "costofrevenuesubscriptionandsupport": 51379000,
        "technologyservicescosts": 66473000,
        "researchanddevelopmentexpense": 161886000,
        "sellingandmarketingexpense": 139177000,
        "generalandadministrativeexpense": 45705000,
        "operatingexpenses": 464620000,
        "operatingincomeloss": -86897000,
        "othernonoperatingincomeexpense": -21193000,
        "incomelossfromcontinuingoperationsbeforeincometaxesminorityinterestandincomelossfromequitymethodinvestments": -108090000,
        "currentincometaxexpensebenefit": -65000,
        "earningspersharebasicanddiluted": -0.55,
        "weightedaveragenumberofshareoutstandingbasicanddiluted": 76581000,
        "allocatedsharebasedcompensationexpense": 4968000
    },
    {
        "date": "2016-04-29",
        "symbol": "WDAY",
        "period": "Q1",
        "profitloss": -80622000,
        "othercomprehensiveincomelossforeigncurrencytransactionandtranslationadjustmentnetoftax": 681000,
        "othercomprehensiveincomeunrealizedholdinggainlossonsecuritiesarisingduringperiodnetoftax": 552000,
        "othercomprehensiveincomelossderivativesqualifyingashedgesnetoftax": -11064000,
        "othercomprehensiveincomelossnetoftax": -9831000,
        "comprehensiveincomenetoftax": -90453000,
        "licenseandservicesrevenue": 280003000,
        "salesrevenueservicesnet": 65427000,
        "revenues": 345430000,
        "costofrevenuesubscriptionandsupport": 49200000,
        "technologyservicescosts": 59427000,
        "researchanddevelopmentexpense": 141778000,
        "sellingandmarketingexpense": 127491000,
        "generalandadministrativeexpense": 41183000,
        "operatingexpenses": 419079000,
        "operatingincomeloss": -73649000,
        "othernonoperatingincomeexpense": -5838000,
        "incomelossfromcontinuingoperationsbeforeincometaxesminorityinterestandincomelossfromequitymethodinvestments": -79487000,
        "currentincometaxexpensebenefit": 1135000,
        "earningspersharebasicanddiluted": -0.41,
        "weightedaveragenumberofshareoutstandingbasicanddiluted": 76992000,
        "allocatedsharebasedcompensationexpense": 4397000
    },
    {
        "date": "2016-01-30",
        "symbol": "WDAY",
        "period": "Q4",
        "profitloss": -81128000,
        "othercomprehensiveincomelossforeigncurrencytransactionandtranslationadjustmentnetoftax": -2640000,
        "othercomprehensiveincomeunrealizedholdinggainlossonsecuritiesarisingduringperiodnetoftax": -268000,
        "othercomprehensiveincomelossderivativesqualifyingashedgesnetoftax": 3762000,
        "othercomprehensiveincomelossnetoftax": 854000,
        "comprehensiveincomenetoftax": -80274000,
        "salesrevenueservicesnet": 61628000,
        "revenues": -157225000,
        "costofrevenuesubscriptionandsupport": 43009000,
        "technologyservicescosts": 59671000,
        "researchanddevelopmentexpense": 131244000,
        "sellingandmarketingexpense": 121073000,
        "generalandadministrativeexpense": 41871000,
        "operatingexpenses": 396868000,
        "operatingincomeloss": -73441000,
        "othernonoperatingincomeexpense": -6505000,
        "incomelossfromcontinuingoperationsbeforeincometaxesminorityinterestandincomelossfromequitymethodinvestments": -79946000,
        "earningspersharebasicanddiluted": -0.4200000000000001,
        "weightedaveragenumberofshareoutstandingbasicanddiluted": -159522000,
        "allocatedsharebasedcompensationexpense": 3636000
    },
    {
        "date": "2015-10-30",
        "symbol": "WDAY",
        "period": "Q3",
        "profitloss": -77811000,
        "othercomprehensiveincomelossforeigncurrencytransactionandtranslationadjustmentnetoftax": -318000,
        "othercomprehensiveincomeunrealizedholdinggainlossonsecuritiesarisingduringperiodnetoftax": -237000,
        "othercomprehensiveincomelossderivativesqualifyingashedgesnetoftax": 181000,
        "othercomprehensiveincomelossnetoftax": -374000,
        "comprehensiveincomenetoftax": -78185000,
        "licenseandservicesrevenue": 242700000,
        "salesrevenueservicesnet": 62566000,
        "revenues": 48759000,
        "costofrevenuesubscriptionandsupport": 39791000,
        "technologyservicescosts": 61963000,
        "researchanddevelopmentexpense": 124020000,
        "sellingandmarketingexpense": 111658000,
        "generalandadministrativeexpense": 38008000,
        "operatingexpenses": 375440000,
        "operatingincomeloss": -70174000,
        "othernonoperatingincomeexpense": -6722000,
        "incomelossfromcontinuingoperationsbeforeincometaxesminorityinterestandincomelossfromequitymethodinvestments": -76896000,
        "currentincometaxexpensebenefit": 915000,
        "earningspersharebasicanddiluted": -0.41,
        "weightedaveragenumberofshareoutstandingbasicanddiluted": 78901000,
        "allocatedsharebasedcompensationexpense": 3203000
    },
    {
        "date": "2015-07-30",
        "symbol": "WDAY",
        "period": "Q2",
        "profitloss": -69421000,
        "othercomprehensiveincomelossforeigncurrencytransactionandtranslationadjustmentnetoftax": -227000,
        "othercomprehensiveincomeunrealizedholdinggainlossonsecuritiesarisingduringperiodnetoftax": -192000,
        "othercomprehensiveincomelossderivativesqualifyingashedgesnetoftax": 1018000,
        "othercomprehensiveincomelossnetoftax": 599000,
        "comprehensiveincomenetoftax": -68822000,
        "subscriptionrevenues": 223742000,
        "salesrevenueservicesnet": 58954000,
        "revenues": 45638000,
        "costofrevenuesubscriptionandsupport": 35287000,
        "technologyservicescosts": 56792000,
        "researchanddevelopmentexpense": 115345000,
        "sellingandmarketingexpense": 106430000,
        "generalandadministrativeexpense": 36482000,
        "operatingexpenses": 350336000,
        "operatingincomeloss": -67640000,
        "othernonoperatingincomeexpense": -3779000,
        "incomelossfromcontinuingoperationsbeforeincometaxesminorityinterestandincomelossfromequitymethodinvestments": -71419000,
        "currentincometaxexpensebenefit": -1998000,
        "earningspersharebasicanddiluted": -0.37,
        "weightedaveragenumberofshareoutstandingbasicanddiluted": 79210000,
        "allocatedsharebasedcompensationexpense": 3173000
    },
    {
        "date": "2015-04-29",
        "symbol": "WDAY",
        "period": "Q1",
        "profitloss": -61558000,
        "othercomprehensiveincomelossforeigncurrencytransactionandtranslationadjustmentnetoftax": 27000,
        "othercomprehensiveincomeunrealizedholdinggainlossonsecuritiesarisingduringperiodnetoftax": -145000,
        "othercomprehensiveincomelossderivativesqualifyingashedgesnetoftax": -22000,
        "othercomprehensiveincomelossnetoftax": -140000,
        "comprehensiveincomenetoftax": -61698000,
        "subscriptionrevenues": 200993000,
        "salesrevenueservicesnet": 49964000,
        "revenues": 250957000,
        "costofrevenuesubscriptionandsupport": 31782000,
        "technologyservicescosts": 46132000,
        "researchanddevelopmentexpense": 99335000,
        "sellingandmarketingexpense": 94895000,
        "generalandadministrativeexpense": 32217000,
        "operatingexpenses": 304361000,
        "operatingincomeloss": -53404000,
        "othernonoperatingincomeexpense": -7236000,
        "incomelossfromcontinuingoperationsbeforeincometaxesminorityinterestandincomelossfromequitymethodinvestments": -60640000,
        "currentincometaxexpensebenefit": 918000,
        "earningspersharebasicanddiluted": -0.33,
        "weightedaveragenumberofshareoutstandingbasicanddiluted": 80772000,
        "allocatedsharebasedcompensationexpense": 2048000
    },
    {
        "date": "2015-01-30",
        "symbol": "WDAY",
        "period": "Q4",
        "profitloss": -59466000,
        "othercomprehensiveincomelossforeigncurrencytransactionandtranslationadjustmentnetoftax": -348000,
        "othercomprehensiveincomeunrealizedholdinggainlossonsecuritiesarisingduringperiodnetoftax": 144000,
        "othercomprehensiveincomelossnetoftax": -204000,
        "comprehensiveincomenetoftax": -59670000,
        "subscriptionrevenues": 181866000,
        "salesrevenueservicesnet": 44407000,
        "revenues": -67493000,
        "costofrevenuesubscriptionandsupport": 29218000,
        "technologyservicescosts": 40737000,
        "researchanddevelopmentexpense": 88963000,
        "sellingandmarketingexpense": 88469000,
        "generalandadministrativeexpense": 29270000,
        "operatingexpenses": 276657000,
        "operatingincomeloss": -50384000,
        "othernonoperatingincomeexpense": -8271000,
        "incomelossfromcontinuingoperationsbeforeincometaxesminorityinterestandincomelossfromequitymethodinvestments": -58655000,
        "earningspersharebasicanddiluted": -0.32,
        "weightedaveragenumberofshareoutstandingbasicanddiluted": -207934000,
        "allocatedsharebasedcompensationexpense": -21498000
    },
    {
        "date": "2014-10-30",
        "symbol": "WDAY",
        "period": "Q3",
        "profitloss": -59912000,
        "othercomprehensiveincomelossforeigncurrencytransactionandtranslationadjustmentnetoftax": -201000,
        "othercomprehensiveincomeunrealizedholdinggainlossonsecuritiesarisingduringperiodnetoftax": 302000,
        "othercomprehensiveincomelossnetoftax": 101000,
        "comprehensiveincomenetoftax": -59811000,
        "subscriptionrevenues": 164403000,
        "salesrevenueservicesnet": 50667000,
        "revenues": 35247000,
        "costofrevenuesubscriptionandsupport": 27426000,
        "technologyservicescosts": 44363000,
        "researchanddevelopmentexpense": 85270000,
        "sellingandmarketingexpense": 80681000,
        "generalandadministrativeexpense": 28796000,
        "operatingexpenses": 266536000,
        "operatingincomeloss": -51466000,
        "othernonoperatingincomeexpense": -8047000,
        "incomelossfromcontinuingoperationsbeforeincometaxesminorityinterestandincomelossfromequitymethodinvestments": -59513000,
        "currentincometaxexpensebenefit": 399000,
        "earningspersharebasicanddiluted": -0.33,
        "weightedaveragenumberofshareoutstandingbasicanddiluted": 101462000,
        "allocatedsharebasedcompensationexpense": 19191000
    },
    {
        "date": "2014-07-30",
        "symbol": "WDAY",
        "period": "Q2",
        "subscriptionrevenues": 143652000,
        "salesrevenueservicesnet": 43128000,
        "revenues": 30492000,
        "costofrevenuesubscriptionandsupport": 24373000,
        "technologyservicescosts": 41267000,
        "researchanddevelopmentexpense": 77464000,
        "sellingandmarketingexpense": 78523000,
        "generalandadministrativeexpense": 26922000,
        "operatingexpenses": 248549000,
        "operatingincomeloss": -61769000,
        "othernonoperatingincomeexpense": -6953000,
        "incomelossfromcontinuingoperationsbeforeincometaxesminorityinterestandincomelossfromequitymethodinvestments": -68722000,
        "currentincometaxexpensebenefit": 493000,
        "profitloss": -69215000,
        "earningspersharebasicanddiluted": -0.38,
        "weightedaveragenumberofshareoutstandingbasicanddiluted": 97275000,
        "allocatedsharebasedcompensationexpense": 1608000,
        "othercomprehensiveincomelossforeigncurrencytransactionandtranslationadjustmentnetoftax": -15000,
        "othercomprehensiveincomeunrealizedholdinggainlossonsecuritiesarisingduringperiodnetoftax": -503000,
        "othercomprehensiveincomelossnetoftax": -518000,
        "comprehensiveincomenetoftax": -69733000
    },
    {
        "date": "2014-04-29",
        "symbol": "WDAY",
        "period": "Q1",
        "subscriptionrevenues": 123407000,
        "salesrevenueservicesnet": 36330000,
        "revenues": 132529000,
        "costofrevenuesubscriptionandsupport": 21459000,
        "technologyservicescosts": 35960000,
        "researchanddevelopmentexpense": 65171000,
        "sellingandmarketingexpense": 68167000,
        "generalandadministrativeexpense": 21063000,
        "operatingexpenses": 211820000,
        "operatingincomeloss": -52083000,
        "othernonoperatingincomeexpense": -6999000,
        "incomelossfromcontinuingoperationsbeforeincometaxesminorityinterestandincomelossfromequitymethodinvestments": -59082000,
        "currentincometaxexpensebenefit": 307000,
        "profitloss": -59389000,
        "earningspersharebasicanddiluted": -0.32,
        "weightedaveragenumberofshareoutstandingbasicanddiluted": 93829000,
        "allocatedsharebasedcompensationexpense": 6752000,
        "othercomprehensiveincomelossforeigncurrencytransactionandtranslationadjustmentnetoftax": 39000,
        "othercomprehensiveincomeunrealizedholdinggainlossonsecuritiesarisingduringperiodnetoftax": 173000,
        "othercomprehensiveincomelossnetoftax": 212000,
        "comprehensiveincomenetoftax": -59177000
    },
    {
        "date": "2013-10-31",
        "symbol": "WDAY",
        "period": "Q3",
        "salesrevenueservicesnet": 107802000,
        "costofrevenue": 48591000,
        "researchanddevelopmentexpense": 49349000,
        "sellingandmarketingexpense": 54051000,
        "generalandadministrativeexpense": 16280000,
        "operatingexpenses": 168271000,
        "operatingincomeloss": -40399000,
        "othernonoperatingincomeexpense": -6893000,
        "incomelossfromcontinuingoperationsbeforeincometaxesminorityinterestandincomelossfromequitymethodinvestments": -47292000,
        "currentincometaxexpensebenefit": 242000,
        "profitloss": -47534000,
        "netincomeloss": -19998000,
        "earningspersharebasicanddiluted": -0.27,
        "weightedaveragenumberofshareoutstandingbasicanddiluted": 73365000,
        "allocatedsharebasedcompensationexpense": 4583000,
        "othercomprehensiveincomelossforeigncurrencytransactionandtranslationadjustmentnetoftax": 32000,
        "othercomprehensiveincomeunrealizedholdinggainlossonsecuritiesarisingduringperiodnetoftax": 41000,
        "othercomprehensiveincomelossnetoftax": 73000,
        "comprehensiveincomenetoftax": -47461000
    },
    {
        "date": "2013-07-31",
        "symbol": "WDAY",
        "period": "Q2",
        "salesrevenueservicesnet": 76388000,
        "costofrevenue": 40754000,
        "researchanddevelopmentexpense": 41168000,
        "sellingandmarketingexpense": 44150000,
        "generalandadministrativeexpense": 13766000,
        "operatingexpenses": 139838000,
        "operatingincomeloss": -32283000,
        "othernonoperatingincomeexpense": -3479000,
        "incomelossfromcontinuingoperationsbeforeincometaxesminorityinterestandincomelossfromequitymethodinvestments": -35762000,
        "currentincometaxexpensebenefit": 216000,
        "profitloss": -35978000,
        "netincomeloss": 4367000,
        "earningspersharebasicanddiluted": -0.2,
        "weightedaveragenumberofshareoutstandingbasicanddiluted": -115999000,
        "othercomprehensiveincomelossforeigncurrencytransactionandtranslationadjustmentnetoftax": 0,
        "othercomprehensiveincomeunrealizedholdinggainlossonsecuritiesarisingduringperiodnetoftax": 46000,
        "othercomprehensiveincomelossnetoftax": 46000,
        "comprehensiveincomenetoftax": -35932000
    },
    {
        "date": "2013-04-29",
        "symbol": "WDAY",
        "period": "Q1",
        "salesrevenueservicesnet": 91645000,
        "costofrevenue": 36699000,
        "researchanddevelopmentexpense": 36282000,
        "sellingandmarketingexpense": 38364000,
        "generalandadministrativeexpense": 12924000,
        "operatingexpenses": 124269000,
        "operatingincomeloss": -32624000,
        "othernonoperatingincomeexpense": -256000,
        "incomelossfromcontinuingoperationsbeforeincometaxesminorityinterestandincomelossfromequitymethodinvestments": -32880000,
        "currentincometaxexpensebenefit": 135000,
        "profitloss": -33015000,
        "netincomeloss": -25425000,
        "earningspersharebasicanddiluted": -0.2,
        "weightedaveragenumberofshareoutstandingbasicanddiluted": 168074000,
        "sharebasedcompensationcostsofrevenues": 737000,
        "sharebasedcompensationresearchanddevelopment": 1907000,
        "sharebasedcompensationsalesandmarketing": 1043000,
        "sharebasedcompensationgeneralandadministrative": 3729000,
        "othercomprehensiveincomelossforeigncurrencytransactionandtranslationadjustmentnetoftax": -86000,
        "othercomprehensiveincomeunrealizedholdinggainlossonsecuritiesarisingduringperiodnetoftax": 83000,
        "othercomprehensiveincomelossnetoftax": -3000,
        "comprehensiveincomenetoftax": -33018000
    },
    {
        "date": "2012-10-30",
        "symbol": "WDAY",
        "period": "Q3",
        "salesrevenueservicesnet": 72618000,
        "costofrevenue": 30194000,
        "researchanddevelopmentexpense": 28075000,
        "sellingandmarketingexpense": 32584000,
        "generalandadministrativeexpense": 22633000,
        "operatingexpenses": 113486000,
        "operatingincomeloss": -40868000,
        "othernonoperatingincomeexpense": -364000,
        "incomelossfromcontinuingoperationsbeforeincometaxesminorityinterestandincomelossfromequitymethodinvestments": -41232000,
        "currentincometaxexpensebenefit": 78000,
        "profitloss": -41310000,
        "increaseincarryingamountofredeemablepreferredstock": 161000,
        "netincomeloss": -41471000,
        "earningspersharebasicanddiluted": -0.67,
        "weightedaveragenumberofshareoutstandingbasicanddiluted": 61960000,
        "sharebasedcompensationcostsofrevenues": 609000,
        "sharebasedcompensationresearchanddevelopment": 1300000,
        "sharebasedcompensationsalesandmarketing": 970000,
        "sharebasedcompensationgeneralandadministrative": 3273000,
        "othercomprehensiveincomelossforeigncurrencytransactionandtranslationadjustmentnetoftax": 6000,
        "othercomprehensiveincomeunrealizedholdinggainlossonsecuritiesarisingduringperiodnetoftax": 1000,
        "othercomprehensiveincomelossnetoftax": 7000,
        "comprehensiveincomenetoftax": -41303000
    }
]