[
    {
        "date": "2024-10-30",
        "symbol": "ZM",
        "period": "Q3",
        "revenuefromcontractwithcustomerexcludingassessedtax": 1177541000,
        "costofgoodsandservicessold": 283881000,
        "grossprofit": 893660000,
        "researchanddevelopmentexpense": 222980000,
        "sellingandmarketingexpense": 361703000,
        "generalandadministrativeexpense": 126137000,
        "operatingexpenses": 710820000,
        "operatingincomeloss": 182840000,
        "gainlossoninvestments": 6324000,
        "interestincomeexpensenonoperatingnet": 91248000,
        "incomelossfromcontinuingoperationsbeforeincometaxesextraordinaryitemsnoncontrollinginterest": 280412000,
        "incometaxexpensebenefit": 73362000,
        "netincomeloss": 207050000,
        "earningspersharebasic": 0.67,
        "earningspersharediluted": 0.66,
        "weightedaveragenumberofsharesoutstandingbasic": 45788248,
        "weightedaveragenumberofdilutedsharesoutstanding": 48413925,
        "othercomprehensiveincomeunrealizedholdinggainlossonsecuritiesarisingduringperiodnetoftax": 4596000,
        "comprehensiveincomenetoftax": 211646000,
        "othercomprehensiveincomeunrealizedholdinggainlossonsecuritiesarisingduringperiodtax": 1410000
    },
    {
        "date": "2024-07-30",
        "symbol": "ZM",
        "period": "Q2",
        "revenuefromcontractwithcustomerexcludingassessedtax": 1162520000,
        "costofgoodsandservicessold": 285089000,
        "grossprofit": 877431000,
        "researchanddevelopmentexpense": 206756000,
        "sellingandmarketingexpense": 358770000,
        "generalandadministrativeexpense": 109535000,
        "operatingexpenses": 675061000,
        "operatingincomeloss": 202370000,
        "gainlossoninvestments": 3107000,
        "interestincomeexpensenonoperatingnet": 87412000,
        "incomelossfromcontinuingoperationsbeforeincometaxesextraordinaryitemsnoncontrollinginterest": 292889000,
        "incometaxexpensebenefit": 73874000,
        "netincomeloss": 219015000,
        "earningspersharebasic": 0.71,
        "earningspersharediluted": 0.7,
        "weightedaveragenumberofsharesoutstandingbasic": 45630954,
        "weightedaveragenumberofdilutedsharesoutstanding": 48396166,
        "othercomprehensiveincomeunrealizedholdinggainlossonsecuritiesarisingduringperiodnetoftax": 19681000,
        "comprehensiveincomenetoftax": 238696000,
        "othercomprehensiveincomeunrealizedholdinggainlossonsecuritiesarisingduringperiodtax": 6038000
    },
    {
        "date": "2024-04-29",
        "symbol": "ZM",
        "period": "Q1",
        "revenuefromcontractwithcustomerexcludingassessedtax": 1141234000,
        "costofgoodsandservicessold": 273302000,
        "grossprofit": 867932000,
        "researchanddevelopmentexpense": 205558000,
        "sellingandmarketingexpense": 348008000,
        "generalandadministrativeexpense": 111344000,
        "operatingexpenses": 664910000,
        "operatingincomeloss": 203022000,
        "gainlossoninvestments": 17354000,
        "interestincomeexpensenonoperatingnet": 71588000,
        "incomelossfromcontinuingoperationsbeforeincometaxesextraordinaryitemsnoncontrollinginterest": 291964000,
        "incometaxexpensebenefit": 75656000,
        "netincomeloss": 216308000,
        "earningspersharebasic": 0.7,
        "earningspersharediluted": 0.69,
        "weightedaveragenumberofsharesoutstandingbasic": 308700582,
        "weightedaveragenumberofdilutedsharesoutstanding": 315360678,
        "othercomprehensiveincomeunrealizedholdinggainlossonsecuritiesarisingduringperiodnetoftax": -18553000,
        "comprehensiveincomenetoftax": 197755000,
        "othercomprehensiveincomeunrealizedholdinggainlossonsecuritiesarisingduringperiodtax": 5692000
    },
    {
        "date": "2024-01-30",
        "symbol": "ZM",
        "period": "Q4",
        "revenuefromcontractwithcustomerexcludingassessedtax": 1146457000,
        "costofgoodsandservicessold": 276307000,
        "grossprofit": 870150000,
        "researchanddevelopmentexpense": 205282000,
        "sellingandmarketingexpense": 371052000,
        "generalandadministrativeexpense": 125286000,
        "operatingexpenses": 701620000,
        "operatingincomeloss": 168530000,
        "gainlossoninvestments": 101296000,
        "interestincomeexpensenonoperatingnet": 83057000,
        "incomelossfromcontinuingoperationsbeforeincometaxesextraordinaryitemsnoncontrollinginterest": 352883000,
        "incometaxexpensebenefit": 54051000,
        "netincomeloss": 298832000,
        "netincomelossavailabletocommonstockholdersbasic": 298832000,
        "earningspersharebasic": 0.99,
        "earningspersharediluted": 0.9799999999999998,
        "weightedaveragenumberofsharesoutstandingbasic": 300748162,
        "weightedaveragenumberofdilutedsharesoutstanding": 308519897,
        "othercomprehensiveincomeunrealizedholdinggainlossonsecuritiesarisingduringperiodnetoftax": 28172000,
        "comprehensiveincomenetoftax": 327004000,
        "othercomprehensiveincomeunrealizedholdinggainlossonsecuritiesarisingduringperiodtax": -8488000
    },
    {
        "date": "2023-10-30",
        "symbol": "ZM",
        "period": "Q3",
        "revenuefromcontractwithcustomerexcludingassessedtax": 1136727000,
        "costofgoodsandservicessold": 270988000,
        "grossprofit": 865739000,
        "researchanddevelopmentexpense": 196832000,
        "sellingandmarketingexpense": 374378000,
        "generalandadministrativeexpense": 125140000,
        "operatingexpenses": 696350000,
        "operatingincomeloss": 169389000,
        "gainlossoninvestments": -25471000,
        "interestincomeexpensenonoperatingnet": 41908000,
        "incomelossfromcontinuingoperationsbeforeincometaxesextraordinaryitemsnoncontrollinginterest": 185826000,
        "incometaxexpensebenefit": 44614000,
        "netincomeloss": 141212000,
        "netincomelossavailabletocommonstockholdersbasic": 141212000,
        "earningspersharebasic": 0.47,
        "earningspersharediluted": 0.45,
        "weightedaveragenumberofsharesoutstandingbasic": 302493182,
        "weightedaveragenumberofdilutedsharesoutstanding": 310389905,
        "othercomprehensiveincomeunrealizedholdinggainlossonsecuritiesarisingduringperiodnetoftax": 9598000,
        "comprehensiveincomenetoftax": 150810000,
        "othercomprehensiveincomeunrealizedholdinggainlossonsecuritiesarisingduringperiodtax": -2892000
    },
    {
        "date": "2023-07-30",
        "symbol": "ZM",
        "period": "Q2",
        "revenuefromcontractwithcustomerexcludingassessedtax": 1138676000,
        "costofgoodsandservicessold": 266559000,
        "grossprofit": 872117000,
        "researchanddevelopmentexpense": 191802000,
        "sellingandmarketingexpense": 373373000,
        "generalandadministrativeexpense": 129324000,
        "operatingexpenses": 694499000,
        "operatingincomeloss": 177618000,
        "gainlossoninvestments": 31670000,
        "interestincomeexpensenonoperatingnet": 41085000,
        "incomelossfromcontinuingoperationsbeforeincometaxesextraordinaryitemsnoncontrollinginterest": 250373000,
        "incometaxexpensebenefit": 68399000,
        "netincomeloss": 181974000,
        "netincomelossavailabletocommonstockholdersbasic": 181974000,
        "earningspersharebasic": 0.61,
        "earningspersharediluted": 0.59,
        "weightedaveragenumberofsharesoutstandingbasic": 299093452,
        "weightedaveragenumberofdilutedsharesoutstanding": 305932596,
        "othercomprehensiveincomeunrealizedholdinggainlossonsecuritiesarisingduringperiodnetoftax": -1836000,
        "comprehensiveincomenetoftax": 180138000,
        "othercomprehensiveincomeunrealizedholdinggainlossonsecuritiesarisingduringperiodtax": 553000
    },
    {
        "date": "2023-04-29",
        "symbol": "ZM",
        "period": "Q1",
        "revenuefromcontractwithcustomerexcludingassessedtax": 1105364000,
        "costofgoodsandservicessold": 263947000,
        "grossprofit": 841417000,
        "researchanddevelopmentexpense": 209271000,
        "sellingandmarketingexpense": 422504000,
        "generalandadministrativeexpense": 199900000,
        "operatingexpenses": 831675000,
        "operatingincomeloss": 9742000,
        "gainlossoninvestments": 2275000,
        "interestincomeexpensenonoperatingnet": 31213000,
        "incomelossfromcontinuingoperationsbeforeincometaxesextraordinaryitemsnoncontrollinginterest": 43230000,
        "incometaxexpensebenefit": 27786000,
        "netincomeloss": 15444000,
        "netincomelossavailabletocommonstockholdersbasic": 15444000,
        "earningspersharebasic": 0.05,
        "earningspersharediluted": 0.05,
        "weightedaveragenumberofsharesoutstandingbasic": 295409207,
        "weightedaveragenumberofdilutedsharesoutstanding": 304115913,
        "othercomprehensiveincomeunrealizedholdinggainlossonsecuritiesarisingduringperiodnetoftax": 15514000,
        "comprehensiveincomenetoftax": 30958000,
        "othercomprehensiveincomeunrealizedholdinggainlossonsecuritiesarisingduringperiodtax": -4674000
    },
    {
        "date": "2023-01-30",
        "symbol": "ZM",
        "period": "Q4",
        "revenuefromcontractwithcustomerexcludingassessedtax": 182138000,
        "costofgoodsandservicessold": 294354000,
        "grossprofit": 823449000,
        "researchanddevelopmentexpense": 261258000,
        "sellingandmarketingexpense": 505586000,
        "generalandadministrativeexpense": 186492000,
        "operatingexpenses": 953336000,
        "operatingincomeloss": -129887000,
        "gainlossoninvestments": 40443000,
        "interestincomeexpensenonoperatingnet": 49900000,
        "incomelossfromcontinuingoperationsbeforeincometaxesextraordinaryitemsnoncontrollinginterest": -39544000,
        "incometaxexpensebenefit": 64506000,
        "netincomeloss": -16461000,
        "undistributedearningslossallocatedtoparticipatingsecuritiesbasic": -10000,
        "netincomelossavailabletocommonstockholdersbasic": -16451000,
        "earningspersharebasic": -0.35,
        "earningspersharediluted": -0.33999999999999997,
        "weightedaveragenumberofsharesoutstandingbasic": -104374,
        "weightedaveragenumberofdilutedsharesoutstanding": -238260,
        "othercomprehensiveincomeunrealizedholdinggainlossonsecuritiesarisingduringperiodnetoftax": 22331000,
        "comprehensiveincomenetoftax": -81719000
    },
    {
        "date": "2022-10-30",
        "symbol": "ZM",
        "period": "Q3",
        "revenuefromcontractwithcustomerexcludingassessedtax": 182127000,
        "costofgoodsandservicessold": 270665000,
        "grossprofit": 831234000,
        "researchanddevelopmentexpense": 195946000,
        "sellingandmarketingexpense": 427747000,
        "generalandadministrativeexpense": 141033000,
        "operatingexpenses": 764726000,
        "operatingincomeloss": 66508000,
        "gainlossoninvestments": -6898000,
        "interestincomeexpensenonoperatingnet": -4861000,
        "incomelossfromcontinuingoperationsbeforeincometaxesextraordinaryitemsnoncontrollinginterest": 54749000,
        "incometaxexpensebenefit": 6396000,
        "netincomeloss": 7401000,
        "undistributedearningslossallocatedtoparticipatingsecuritiesbasic": -5000,
        "netincomelossavailabletocommonstockholdersbasic": 7406000,
        "earningspersharebasic": 0.16999999999999993,
        "earningspersharediluted": 0.16000000000000003,
        "weightedaveragenumberofsharesoutstandingbasic": -47811940,
        "weightedaveragenumberofdilutedsharesoutstanding": -53021603,
        "othercomprehensiveincomeunrealizedholdinggainlossonsecuritiesarisingduringperiodnetoftax": -24555000,
        "comprehensiveincomenetoftax": 23798000
    },
    {
        "date": "2022-07-30",
        "symbol": "ZM",
        "period": "Q2",
        "revenuefromcontractwithcustomerexcludingassessedtax": 187413000,
        "costofgoodsandservicessold": 273611000,
        "grossprofit": 825847000,
        "researchanddevelopmentexpense": 172564000,
        "sellingandmarketingexpense": 400474000,
        "generalandadministrativeexpense": 131066000,
        "operatingexpenses": 704104000,
        "operatingincomeloss": 121743000,
        "gainlossoninvestments": -34712000,
        "interestincomeexpensenonoperatingnet": 3368000,
        "incomelossfromcontinuingoperationsbeforeincometaxesextraordinaryitemsnoncontrollinginterest": 90399000,
        "incometaxexpensebenefit": 44649000,
        "netincomeloss": 7156000,
        "undistributedearningslossallocatedtoparticipatingsecuritiesbasic": 4000,
        "netincomelossavailabletocommonstockholdersbasic": 7152000,
        "earningspersharebasic": 0.15,
        "earningspersharediluted": 0.15,
        "weightedaveragenumberofsharesoutstandingbasic": 46674823,
        "weightedaveragenumberofdilutedsharesoutstanding": 51499656,
        "othercomprehensiveincomeunrealizedholdinggainlossonsecuritiesarisingduringperiodnetoftax": -2924000,
        "comprehensiveincomenetoftax": 42826000
    },
    {
        "date": "2022-04-29",
        "symbol": "ZM",
        "period": "Q1",
        "revenuefromcontractwithcustomerexcludingassessedtax": 196598000,
        "costofgoodsandservicessold": 261821000,
        "grossprofit": 811979000,
        "researchanddevelopmentexpense": 144291000,
        "sellingandmarketingexpense": 362783000,
        "generalandadministrativeexpense": 117840000,
        "operatingexpenses": 624914000,
        "operatingincomeloss": 187065000,
        "gainlossoninvestments": -36404000,
        "interestincomeexpensenonoperatingnet": -6989000,
        "incomelossfromcontinuingoperationsbeforeincometaxesextraordinaryitemsnoncontrollinginterest": 143672000,
        "incometaxexpensebenefit": 30014000,
        "netincomeloss": 18369000,
        "undistributedearningslossallocatedtoparticipatingsecuritiesbasic": 18000,
        "netincomelossavailabletocommonstockholdersbasic": 18351000,
        "earningspersharebasic": 0.38,
        "earningspersharediluted": 0.37,
        "weightedaveragenumberofsharesoutstandingbasic": 48307088,
        "weightedaveragenumberofdilutedsharesoutstanding": 53578323,
        "othercomprehensiveincomeunrealizedholdinggainlossonsecuritiesarisingduringperiodnetoftax": -27335000,
        "comprehensiveincomenetoftax": 86323000
    },
    {
        "date": "2022-01-30",
        "symbol": "ZM",
        "period": "Q4",
        "revenuefromcontractwithcustomerexcludingassessedtax": 199714000,
        "costofgoodsandservicessold": 257347000,
        "grossprofit": 814029000,
        "researchanddevelopmentexpense": 116996000,
        "sellingandmarketingexpense": 325415000,
        "generalandadministrativeexpense": 119799000,
        "operatingexpenses": 562210000,
        "operatingincomeloss": 251819000,
        "interestincomeexpensenonoperatingnet": -2549000,
        "incomelossfromcontinuingoperationsbeforeincometaxesextraordinaryitemsnoncontrollinginterest": 138534000,
        "incometaxexpensebenefit": -352107000,
        "netincomeloss": 94215000,
        "undistributedearningslossallocatedtoparticipatingsecuritiesbasic": 168000,
        "netincomelossavailabletocommonstockholdersbasic": 94047000,
        "earningspersharebasic": 1.6599999999999997,
        "earningspersharediluted": 1.6099999999999997,
        "weightedaveragenumberofsharesoutstandingbasic": -55333123,
        "weightedaveragenumberofdilutedsharesoutstanding": -62429681,
        "othercomprehensiveincomeunrealizedholdinggainlossonsecuritiesarisingduringperiodnetoftax": -12774000,
        "comprehensiveincomenetoftax": 477867000
    },
    {
        "date": "2021-10-30",
        "symbol": "ZM",
        "period": "Q3",
        "revenuefromcontractwithcustomerexcludingassessedtax": 200339000,
        "costofgoodsandservicessold": 270957000,
        "grossprofit": 779799000,
        "researchanddevelopmentexpense": 98508000,
        "sellingandmarketingexpense": 293698000,
        "generalandadministrativeexpense": 96736000,
        "operatingexpenses": 488942000,
        "operatingincomeloss": 290857000,
        "gainlossoninvestments": 122421000,
        "interestincomeexpensenonoperatingnet": -2995000,
        "incomelossfromcontinuingoperationsbeforeincometaxesextraordinaryitemsnoncontrollinginterest": 410283000,
        "incometaxexpensebenefit": 69900000,
        "netincomeloss": 64359000,
        "undistributedearningslossallocatedtoparticipatingsecuritiesbasic": 112000,
        "netincomelossavailabletocommonstockholdersbasic": 64247000,
        "earningspersharebasic": 1.14,
        "earningspersharediluted": 1.11,
        "weightedaveragenumberofsharesoutstandingbasic": 56147554,
        "weightedaveragenumberofdilutedsharesoutstanding": 62915225,
        "othercomprehensiveincomeunrealizedholdinggainlossonsecuritiesarisingduringperiodnetoftax": -5275000,
        "comprehensiveincomenetoftax": 335108000
    },
    {
        "date": "2021-07-30",
        "symbol": "ZM",
        "period": "Q2",
        "revenuefromcontractwithcustomerexcludingassessedtax": 204760000,
        "costofgoodsandservicessold": 261256000,
        "grossprofit": 760239000,
        "researchanddevelopmentexpense": 82311000,
        "sellingandmarketingexpense": 271179000,
        "generalandadministrativeexpense": 112146000,
        "operatingexpenses": 465636000,
        "operatingincomeloss": 294603000,
        "gainlossoninvestments": 32076000,
        "interestincomeexpensenonoperatingnet": -2795000,
        "incomelossfromcontinuingoperationsbeforeincometaxesextraordinaryitemsnoncontrollinginterest": 323884000,
        "incometaxexpensebenefit": 6800000,
        "netincomeloss": 61571000,
        "undistributedearningslossallocatedtoparticipatingsecuritiesbasic": 154000,
        "netincomelossavailabletocommonstockholdersbasic": 61417000,
        "earningspersharebasic": 1.07,
        "earningspersharediluted": 1.04,
        "weightedaveragenumberofsharesoutstandingbasic": 57305527,
        "weightedaveragenumberofdilutedsharesoutstanding": 64809491,
        "othercomprehensiveincomeunrealizedholdinggainlossonsecuritiesarisingduringperiodnetoftax": -53000,
        "comprehensiveincomenetoftax": 317031000
    },
    {
        "date": "2021-04-29",
        "symbol": "ZM",
        "period": "Q1",
        "revenuefromcontractwithcustomerexcludingassessedtax": 956237000,
        "costofgoodsandservicessold": 264994000,
        "grossprofit": 691243000,
        "researchanddevelopmentexpense": 65175000,
        "sellingandmarketingexpense": 245667000,
        "generalandadministrativeexpense": 154089000,
        "operatingexpenses": 464931000,
        "operatingincomeloss": 226312000,
        "interestincomeexpensenonoperatingnet": 2619000,
        "incomelossfromcontinuingoperationsbeforeincometaxesextraordinaryitemsnoncontrollinginterest": 228931000,
        "incometaxexpensebenefit": 1400000,
        "netincomeloss": 227531000,
        "undistributedearningslossallocatedtoparticipatingsecuritiesbasic": 148000,
        "netincomelossavailabletocommonstockholdersbasic": 227383000,
        "earningspersharebasic": 0.77,
        "earningspersharediluted": 0.74,
        "weightedaveragenumberofsharesoutstandingbasic": 293794778,
        "weightedaveragenumberofdilutedsharesoutstanding": 305412419,
        "othercomprehensiveincomeunrealizedholdinggainlossonsecuritiesarisingduringperiodnetoftax": -639000,
        "comprehensiveincomenetoftax": 226892000
    },
    {
        "date": "2021-01-30",
        "symbol": "ZM",
        "period": "Q4",
        "revenuefromcontractwithcustomerexcludingassessedtax": 882485000,
        "costofgoodsandservicessold": 267284000,
        "grossprofit": 615201000,
        "researchanddevelopmentexpense": 52375000,
        "sellingandmarketingexpense": 214018000,
        "generalandadministrativeexpense": 92691000,
        "operatingexpenses": 359084000,
        "operatingincomeloss": 256117000,
        "interestincomeexpensenonoperatingnet": 8536000,
        "incomelossfromcontinuingoperationsbeforeincometaxesextraordinaryitemsnoncontrollinginterest": 264653000,
        "incometaxexpensebenefit": 4043000,
        "netincomeloss": 260610000,
        "undistributedearningslossallocatedtoparticipatingsecuritiesbasic": 301000,
        "netincomelossavailabletocommonstockholdersbasic": 260309000,
        "earningspersharebasic": 0.9100000000000003,
        "earningspersharediluted": 0.8699999999999999,
        "weightedaveragenumberofsharesoutstandingbasic": -563671268,
        "weightedaveragenumberofdilutedsharesoutstanding": -593478363,
        "othercomprehensiveincomeunrealizedholdinggainlossonsecuritiesarisingduringperiodnetoftax": -478000,
        "comprehensiveincomenetoftax": 260132000
    },
    {
        "date": "2020-10-30",
        "symbol": "ZM",
        "period": "Q3",
        "revenuefromcontractwithcustomerexcludingassessedtax": 777196000,
        "costofgoodsandservicessold": 258727000,
        "grossprofit": 518469000,
        "researchanddevelopmentexpense": 42582000,
        "sellingandmarketingexpense": 190157000,
        "generalandadministrativeexpense": 93488000,
        "operatingexpenses": 326227000,
        "operatingincomeloss": 192242000,
        "interestincomeexpensenonoperatingnet": 1779000,
        "incomelossfromcontinuingoperationsbeforeincometaxesextraordinaryitemsnoncontrollinginterest": 194021000,
        "incometaxexpensebenefit": -4621000,
        "netincomeloss": 198642000,
        "undistributedearningslossallocatedtoparticipatingsecuritiesbasic": 202000,
        "netincomelossavailabletocommonstockholdersbasic": 198440000,
        "earningspersharebasic": 0.7,
        "earningspersharediluted": 0.66,
        "weightedaveragenumberofsharesoutstandingbasic": 284783006,
        "weightedaveragenumberofdilutedsharesoutstanding": 299258765,
        "othercomprehensiveincomeunrealizedholdinggainlossonsecuritiesarisingduringperiodnetoftax": -1455000,
        "comprehensiveincomenetoftax": 197187000
    },
    {
        "date": "2020-07-30",
        "symbol": "ZM",
        "period": "Q2",
        "revenuefromcontractwithcustomerexcludingassessedtax": 663520000,
        "costofgoodsandservicessold": 192271000,
        "grossprofit": 471249000,
        "researchanddevelopmentexpense": 42734000,
        "sellingandmarketingexpense": 159173000,
        "generalandadministrativeexpense": 81238000,
        "operatingexpenses": 283145000,
        "operatingincomeloss": 188104000,
        "interestincomeexpensenonoperatingnet": 2081000,
        "incomelossfromcontinuingoperationsbeforeincometaxesextraordinaryitemsnoncontrollinginterest": 190185000,
        "incometaxexpensebenefit": 4196000,
        "netincomeloss": 185989000,
        "undistributedearningslossallocatedtoparticipatingsecuritiesbasic": 247000,
        "netincomelossavailabletocommonstockholdersbasic": 185742000,
        "earningspersharebasic": 0.66,
        "earningspersharediluted": 0.63,
        "weightedaveragenumberofsharesoutstandingbasic": 282850805,
        "weightedaveragenumberofdilutedsharesoutstanding": 297162309,
        "othercomprehensiveincomeunrealizedholdinggainlossonsecuritiesarisingduringperiodnetoftax": 885000,
        "comprehensiveincomenetoftax": 186874000
    },
    {
        "date": "2020-04-29",
        "symbol": "ZM",
        "period": "Q1",
        "revenuefromcontractwithcustomerexcludingassessedtax": 328167000,
        "costofgoodsandservicessold": 103707000,
        "grossprofit": 224460000,
        "researchanddevelopmentexpense": 26389000,
        "sellingandmarketingexpense": 121556000,
        "generalandadministrativeexpense": 53130000,
        "operatingexpenses": 201075000,
        "operatingincomeloss": 23385000,
        "interestincomeexpensenonoperatingnet": 5790000,
        "incomelossfromcontinuingoperationsbeforeincometaxesextraordinaryitemsnoncontrollinginterest": 29175000,
        "incometaxexpensebenefit": 2100000,
        "netincomeloss": 27075000,
        "undistributedearningslossallocatedtoparticipatingsecuritiesbasic": 39000,
        "netincomelossavailabletocommonstockholdersbasic": 27036000,
        "earningspersharebasic": 0.1,
        "earningspersharediluted": 0.09,
        "weightedaveragenumberofsharesoutstandingbasic": 279891111,
        "weightedaveragenumberofdilutedsharesoutstanding": 295184958,
        "othercomprehensiveincomeunrealizedholdinggainlossonsecuritiesarisingduringperiodnetoftax": 1078000,
        "comprehensiveincomenetoftax": 28153000
    },
    {
        "date": "2019-10-30",
        "symbol": "ZM",
        "period": "Q3",
        "revenuefromcontractwithcustomerexcludingassessedtax": 166593000,
        "costofgoodsandservicessold": 30845000,
        "grossprofit": 135748000,
        "researchanddevelopmentexpense": 17573000,
        "sellingandmarketingexpense": 96048000,
        "generalandadministrativeexpense": 23806000,
        "operatingexpenses": 137427000,
        "operatingincomeloss": -1679000,
        "interestincomeexpensenonoperatingnet": 3231000,
        "othernonoperatingincomeexpense": 978000,
        "incomelossfromcontinuingoperationsbeforeincometaxesextraordinaryitemsnoncontrollinginterest": 2530000,
        "incometaxexpensebenefit": 319000,
        "netincomeloss": 2211000,
        "undistributedearningslossallocatedtoparticipatingsecuritiesbasic": 4000,
        "netincomelossavailabletocommonstockholdersbasic": 2207000,
        "earningspersharebasic": 0.01,
        "earningspersharediluted": 0.01,
        "weightedaveragenumberofsharesoutstandingbasic": 273316850,
        "weightedaveragenumberofdilutedsharesoutstanding": 292771122,
        "othercomprehensiveincomeunrealizedholdinggainlossonsecuritiesarisingduringperiodnetoftax": 719000,
        "comprehensiveincomenetoftax": 2930000
    },
    {
        "date": "2019-07-30",
        "symbol": "ZM",
        "period": "Q2",
        "revenuefromcontractwithcustomerexcludingassessedtax": 145826000,
        "costofgoodsandservicessold": 27900000,
        "grossprofit": 117926000,
        "researchanddevelopmentexpense": 15054000,
        "sellingandmarketingexpense": 79652000,
        "generalandadministrativeexpense": 20955000,
        "operatingexpenses": 115661000,
        "operatingincomeloss": 2265000,
        "interestincomeexpensenonoperatingnet": 2864000,
        "othernonoperatingincomeexpense": 1628000,
        "incomelossfromcontinuingoperationsbeforeincometaxesextraordinaryitemsnoncontrollinginterest": 6757000,
        "incometaxexpensebenefit": 1216000,
        "netincomeloss": 5541000,
        "undistributedearningslossallocatedtoparticipatingsecuritiesbasic": 20000,
        "netincomelossavailabletocommonstockholdersbasic": 5521000,
        "earningspersharebasic": 0.02,
        "earningspersharediluted": 0.02,
        "weightedaveragenumberofsharesoutstandingbasic": 271813141,
        "weightedaveragenumberofdilutedsharesoutstanding": 292185665,
        "othercomprehensiveincomeunrealizedholdinggainlossonsecuritiesarisingduringperiodnetoftax": -76000,
        "comprehensiveincomenetoftax": 5465000
    },
    {
        "date": "2019-04-29",
        "symbol": "ZM",
        "period": "Q1",
        "revenuefromcontractwithcustomerexcludingassessedtax": 13387000,
        "costofgoodsandservicessold": 24104000,
        "grossprofit": 97884000,
        "researchanddevelopmentexpense": 13783000,
        "sellingandmarketingexpense": 64041000,
        "generalandadministrativeexpense": 18503000,
        "operatingexpenses": 96327000,
        "operatingincomeloss": 1557000,
        "interestincomeexpensenonoperatingnet": 658000,
        "othernonoperatingincomeexpense": 315000,
        "incomelossfromcontinuingoperationsbeforeincometaxesextraordinaryitemsnoncontrollinginterest": 2530000,
        "incometaxexpensebenefit": 316000,
        "netincomeloss": 2214000,
        "undistributedearningslossallocatedtoparticipatingsecuritiesbasic": 2016000,
        "netincomelossavailabletocommonstockholdersbasic": 183000,
        "weightedaveragenumberofsharesoutstandingbasic": 101315729,
        "weightedaveragenumberofdilutedsharesoutstanding": 128034988,
        "othercomprehensiveincomeunrealizedholdinggainlossonsecuritiesarisingduringperiodnetoftax": 143000,
        "comprehensiveincomenetoftax": 2357000
    }
]