[
    {
        "date": "2024-09-29",
        "symbol": "JBHT",
        "period": "Q3",
        "revenuefromcontractwithcustomerincludingassessedtax": 3068000000,
        "rentsandpurchasedtransportation": 1380380000,
        "laborandrelatedexpense": 809494000,
        "depreciationandamortization": 188000000,
        "fuelcosts": 158792000,
        "operatingsuppliesandexpenses": 127889000,
        "operatinginsuranceandclaimscostsproduction": 78441000,
        "generalandadministrativeexpense": 72389000,
        "directtaxesandlicensescosts": 17705000,
        "directcommunicationsandutilitiescosts": 10991000,
        "costsandexpenses": 2844063000,
        "operatingincomeloss": 224100000,
        "interestexpense": 20751000,
        "incomelossfromcontinuingoperationsbeforeincometaxesextraordinaryitemsnoncontrollinginterest": 203357000,
        "incometaxexpensebenefit": 51291000,
        "netincomeloss": 152066000,
        "weightedaveragenumberofsharesoutstandingbasic": 101319000,
        "earningspersharebasic": 1.5,
        "weightedaveragenumberofdilutedsharesoutstanding": 102135000,
        "earningspersharediluted": 1.49
    },
    {
        "date": "2024-06-29",
        "symbol": "JBHT",
        "period": "Q2",
        "revenuefromcontractwithcustomerincludingassessedtax": 2545023000,
        "rentsandpurchasedtransportation": 1274011000,
        "laborandrelatedexpense": 803047000,
        "depreciationandamortization": 184658000,
        "fuelcosts": 164291000,
        "operatingsuppliesandexpenses": 120425000,
        "generalandadministrativeexpense": 74707000,
        "operatinginsuranceandclaimscostsproduction": 73222000,
        "directtaxesandlicensescosts": 17575000,
        "directcommunicationsandutilitiescosts": 11040000,
        "costsandexpenses": 2722976000,
        "operatingincomeloss": 205709000,
        "interestexpense": 20198000,
        "incomelossfromcontinuingoperationsbeforeincometaxesextraordinaryitemsnoncontrollinginterest": 185511000,
        "incometaxexpensebenefit": 49638000,
        "netincomeloss": 135873000,
        "weightedaveragenumberofsharesoutstandingbasic": 102386000,
        "earningspersharebasic": 1.33,
        "weightedaveragenumberofdilutedsharesoutstanding": 103146000,
        "earningspersharediluted": 1.32
    },
    {
        "date": "2024-03-30",
        "symbol": "JBHT",
        "period": "Q1",
        "revenuefromcontractwithcustomerincludingassessedtax": 2552486000,
        "rentsandpurchasedtransportation": 1280987000,
        "laborandrelatedexpense": 807884000,
        "depreciationandamortization": 182996000,
        "fuelcosts": 173527000,
        "operatingsuppliesandexpenses": 122991000,
        "generalandadministrativeexpense": 76784000,
        "operatinginsuranceandclaimscostsproduction": 75686000,
        "directtaxesandlicensescosts": 17535000,
        "directcommunicationsandutilitiescosts": 11242000,
        "costsandexpenses": 2749632000,
        "operatingincomeloss": 194369000,
        "interestexpense": 15649000,
        "incomelossfromcontinuingoperationsbeforeincometaxesextraordinaryitemsnoncontrollinginterest": 178720000,
        "incometaxexpensebenefit": 51227000,
        "netincomeloss": 127493000,
        "weightedaveragenumberofsharesoutstandingbasic": 103242000,
        "earningspersharebasic": 1.23,
        "weightedaveragenumberofdilutedsharesoutstanding": 104107000,
        "earningspersharediluted": 1.22
    },
    {
        "date": "2023-12-30",
        "symbol": "JBHT",
        "period": "Q4",
        "revenuefromcontractwithcustomerincludingassessedtax": 2848484000,
        "rentsandpurchasedtransportation": 1557010000,
        "laborandrelatedexpense": 807422000,
        "fuelcosts": 187855000,
        "depreciationandamortization": 194456000,
        "operatingsuppliesandexpenses": 121140000,
        "operatinginsuranceandclaimscostsproduction": 118782000,
        "generalandadministrativeexpense": 83275000,
        "directtaxesandlicensescosts": 19198000,
        "directcommunicationsandutilitiescosts": 11284000,
        "costsandexpenses": 3100422000,
        "operatingincomeloss": 203279000,
        "interestexpense": 23954000,
        "incomelossfromcontinuingoperationsbeforeincometaxesextraordinaryitemsnoncontrollinginterest": 186949000,
        "incometaxexpensebenefit": 33413000,
        "netincomeloss": 153536000,
        "weightedaveragenumberofsharesoutstandingbasic": 103440000,
        "earningspersharebasic": 1.4900000000000004,
        "weightedaveragenumberofdilutedsharesoutstanding": 104451000,
        "earningspersharediluted": 1.47
    },
    {
        "date": "2023-09-29",
        "symbol": "JBHT",
        "period": "Q3",
        "revenuefromcontractwithcustomerincludingassessedtax": 2690890000,
        "rentsandpurchasedtransportation": 1443197000,
        "laborandrelatedexpense": 803187000,
        "fuelcosts": 195962000,
        "depreciationandamortization": 187714000,
        "operatingsuppliesandexpenses": 130905000,
        "operatinginsuranceandclaimscostsproduction": 62675000,
        "generalandadministrativeexpense": 69413000,
        "directtaxesandlicensescosts": 18739000,
        "directcommunicationsandutilitiescosts": 10245000,
        "costsandexpenses": 2922037000,
        "operatingincomeloss": 241716000,
        "interestexpense": 12586000,
        "incomelossfromcontinuingoperationsbeforeincometaxesextraordinaryitemsnoncontrollinginterest": 229130000,
        "incometaxexpensebenefit": 41699000,
        "netincomeloss": 187431000,
        "weightedaveragenumberofsharesoutstandingbasic": 103302000,
        "earningspersharebasic": 1.81,
        "weightedaveragenumberofdilutedsharesoutstanding": 104394000,
        "earningspersharediluted": 1.8
    },
    {
        "date": "2023-06-29",
        "symbol": "JBHT",
        "period": "Q2",
        "revenuefromcontractwithcustomerincludingassessedtax": 2707560000,
        "rentsandpurchasedtransportation": 1404586000,
        "laborandrelatedexpense": 821876000,
        "fuelcosts": 171846000,
        "depreciationandamortization": 179972000,
        "operatingsuppliesandexpenses": 128949000,
        "operatinginsuranceandclaimscostsproduction": 63893000,
        "generalandadministrativeexpense": 61472000,
        "directtaxesandlicensescosts": 18951000,
        "directcommunicationsandutilitiescosts": 10366000,
        "costsandexpenses": 2861911000,
        "operatingincomeloss": 270712000,
        "interestexpense": 14604000,
        "incomelossfromcontinuingoperationsbeforeincometaxesextraordinaryitemsnoncontrollinginterest": 256108000,
        "incometaxexpensebenefit": 66556000,
        "netincomeloss": 189552000,
        "weightedaveragenumberofsharesoutstandingbasic": 103562000,
        "earningspersharebasic": 1.83,
        "weightedaveragenumberofdilutedsharesoutstanding": 104566000,
        "earningspersharediluted": 1.81
    },
    {
        "date": "2023-03-30",
        "symbol": "JBHT",
        "period": "Q1",
        "revenuefromcontractwithcustomerincludingassessedtax": 2731453000,
        "rentsandpurchasedtransportation": 1467798000,
        "laborandrelatedexpense": 824999000,
        "fuelcosts": 195834000,
        "depreciationandamortization": 175812000,
        "operatingsuppliesandexpenses": 128360000,
        "operatinginsuranceandclaimscostsproduction": 70328000,
        "generalandadministrativeexpense": 60404000,
        "directtaxesandlicensescosts": 18108000,
        "directcommunicationsandutilitiescosts": 10456000,
        "costsandexpenses": 2952099000,
        "operatingincomeloss": 277489000,
        "interestexpense": 14789000,
        "incomelossfromcontinuingoperationsbeforeincometaxesextraordinaryitemsnoncontrollinginterest": 262700000,
        "incometaxexpensebenefit": 64932000,
        "netincomeloss": 197768000,
        "weightedaveragenumberofsharesoutstandingbasic": 103724000,
        "earningspersharebasic": 1.91,
        "weightedaveragenumberofdilutedsharesoutstanding": 104729000,
        "earningspersharediluted": 1.89
    },
    {
        "date": "2022-12-30",
        "symbol": "JBHT",
        "period": "Q4",
        "revenuefromcontractwithcustomerincludingassessedtax": 3017277000,
        "rentsandpurchasedtransportation": 1742168000,
        "laborandrelatedexpense": 879924000,
        "fuelcosts": 234229000,
        "depreciationandamortization": 171606000,
        "operatingsuppliesandexpenses": 130885000,
        "operatinginsuranceandclaimscostsproduction": 124545000,
        "generalandadministrativeexpense": 55335000,
        "directtaxesandlicensescosts": 19076000,
        "directcommunicationsandutilitiescosts": 9906000,
        "costsandexpenses": 3367674000,
        "operatingincomeloss": 281948000,
        "interestexpense": 12259000,
        "incomelossfromcontinuingoperationsbeforeincometaxesextraordinaryitemsnoncontrollinginterest": 270758000,
        "incometaxexpensebenefit": 69456000,
        "netincomeloss": 201302000,
        "weightedaveragenumberofsharesoutstandingbasic": -208762000,
        "earningspersharebasic": 1.9400000000000008,
        "weightedaveragenumberofdilutedsharesoutstanding": -211110000,
        "earningspersharediluted": 1.9300000000000006
    },
    {
        "date": "2022-09-29",
        "symbol": "JBHT",
        "period": "Q3",
        "revenuefromcontractwithcustomerincludingassessedtax": 3162106000,
        "rentsandpurchasedtransportation": 1891848000,
        "laborandrelatedexpense": 887723000,
        "fuelcosts": 242379000,
        "depreciationandamortization": 166580000,
        "operatingsuppliesandexpenses": 138346000,
        "operatinginsuranceandclaimscostsproduction": 60189000,
        "generalandadministrativeexpense": 62815000,
        "directtaxesandlicensescosts": 17082000,
        "directcommunicationsandutilitiescosts": 9067000,
        "costsandexpenses": 3476029000,
        "operatingincomeloss": 362228000,
        "interestexpense": 13562000,
        "incomelossfromcontinuingoperationsbeforeincometaxesextraordinaryitemsnoncontrollinginterest": 348666000,
        "incometaxexpensebenefit": 79284000,
        "netincomeloss": 269382000,
        "weightedaveragenumberofsharesoutstandingbasic": 103757000,
        "earningspersharebasic": 2.6,
        "weightedaveragenumberofdilutedsharesoutstanding": 104924000,
        "earningspersharediluted": 2.57
    },
    {
        "date": "2022-06-29",
        "symbol": "JBHT",
        "period": "Q2",
        "revenuefromcontractwithcustomerincludingassessedtax": 3159759000,
        "rentsandpurchasedtransportation": 1920823000,
        "laborandrelatedexpense": 841825000,
        "fuelcosts": 265636000,
        "depreciationandamortization": 157571000,
        "operatingsuppliesandexpenses": 126383000,
        "operatinginsuranceandclaimscostsproduction": 87258000,
        "generalandadministrativeexpense": 59764000,
        "directtaxesandlicensescosts": 16323000,
        "directcommunicationsandutilitiescosts": 8866000,
        "costsandexpenses": 3484449000,
        "operatingincomeloss": 353083000,
        "interestexpense": 12842000,
        "incomelossfromcontinuingoperationsbeforeincometaxesextraordinaryitemsnoncontrollinginterest": 340241000,
        "incometaxexpensebenefit": 84899000,
        "netincomeloss": 255342000,
        "weightedaveragenumberofsharesoutstandingbasic": 104252000,
        "earningspersharebasic": 2.45,
        "weightedaveragenumberofdilutedsharesoutstanding": 105387000,
        "earningspersharediluted": 2.42
    },
    {
        "date": "2022-03-30",
        "symbol": "JBHT",
        "period": "Q1",
        "revenuefromcontractwithcustomerincludingassessedtax": 3042217000,
        "rentsandpurchasedtransportation": 1837340000,
        "laborandrelatedexpense": 763591000,
        "fuelcosts": 189466000,
        "depreciationandamortization": 148763000,
        "operatingsuppliesandexpenses": 106939000,
        "generalandadministrativeexpense": 37447000,
        "operatinginsuranceandclaimscostsproduction": 46131000,
        "directtaxesandlicensescosts": 15749000,
        "directcommunicationsandutilitiescosts": 8868000,
        "costsandexpenses": 3154294000,
        "operatingincomeloss": 334294000,
        "interestexpense": 12586000,
        "incomelossfromcontinuingoperationsbeforeincometaxesextraordinaryitemsnoncontrollinginterest": 321708000,
        "incometaxexpensebenefit": 78383000,
        "netincomeloss": 243325000,
        "weightedaveragenumberofsharesoutstandingbasic": 104894000,
        "earningspersharebasic": 2.32,
        "weightedaveragenumberofdilutedsharesoutstanding": 106075000,
        "earningspersharediluted": 2.29
    },
    {
        "date": "2021-12-30",
        "symbol": "JBHT",
        "period": "Q4",
        "revenuefromcontractwithcustomerincludingassessedtax": 3106488000,
        "rentsandpurchasedtransportation": 1891299000,
        "laborandrelatedexpense": 764483000,
        "depreciationandamortization": 141254000,
        "fuelcosts": 151606000,
        "operatingsuppliesandexpenses": 98036000,
        "generalandadministrativeexpense": 52954000,
        "operatinginsuranceandclaimscostsproduction": 50260000,
        "directtaxesandlicensescosts": 15975000,
        "directcommunicationsandutilitiescosts": 8601000,
        "costsandexpenses": 3174468000,
        "operatingincomeloss": 322503000,
        "interestexpense": 10191000,
        "incomelossfromcontinuingoperationsbeforeincometaxesextraordinaryitemsnoncontrollinginterest": 312805000,
        "incometaxexpensebenefit": 70596000,
        "netincomeloss": 242209000,
        "weightedaveragenumberofsharesoutstandingbasic": -211001000,
        "earningspersharebasic": 2.3000000000000007,
        "weightedaveragenumberofdilutedsharesoutstanding": -213475000,
        "earningspersharediluted": 2.2799999999999994
    },
    {
        "date": "2021-09-29",
        "symbol": "JBHT",
        "period": "Q3",
        "revenuefromcontractwithcustomerincludingassessedtax": 2813939000,
        "rentsandpurchasedtransportation": 1667236000,
        "laborandrelatedexpense": 711694000,
        "depreciationandamortization": 138923000,
        "fuelcosts": 139155000,
        "operatingsuppliesandexpenses": 98541000,
        "generalandadministrativeexpense": 50266000,
        "operatinginsuranceandclaimscostsproduction": 41254000,
        "directtaxesandlicensescosts": 15464000,
        "directcommunicationsandutilitiescosts": 8450000,
        "costsandexpenses": 2870983000,
        "operatingincomeloss": 273829000,
        "interestexpense": 11977000,
        "incomelossfromcontinuingoperationsbeforeincometaxesextraordinaryitemsnoncontrollinginterest": 261852000,
        "incometaxexpensebenefit": 62023000,
        "netincomeloss": 199829000,
        "weightedaveragenumberofsharesoutstandingbasic": 105173000,
        "earningspersharebasic": 1.9,
        "weightedaveragenumberofdilutedsharesoutstanding": 106436000,
        "earningspersharediluted": 1.88
    },
    {
        "date": "2021-06-29",
        "symbol": "JBHT",
        "period": "Q2",
        "revenuefromcontractwithcustomerincludingassessedtax": 2606981000,
        "rentsandpurchasedtransportation": 1538232000,
        "laborandrelatedexpense": 665471000,
        "depreciationandamortization": 139371000,
        "fuelcosts": 126841000,
        "operatingsuppliesandexpenses": 91019000,
        "generalandadministrativeexpense": 47505000,
        "operatinginsuranceandclaimscostsproduction": 35508000,
        "directtaxesandlicensescosts": 14209000,
        "directcommunicationsandutilitiescosts": 8668000,
        "costsandexpenses": 2666824000,
        "operatingincomeloss": 241546000,
        "interestexpense": 12059000,
        "incomelossfromcontinuingoperationsbeforeincometaxesextraordinaryitemsnoncontrollinginterest": 229487000,
        "incometaxexpensebenefit": 57325000,
        "netincomeloss": 172162000,
        "weightedaveragenumberofsharesoutstandingbasic": 105509000,
        "earningspersharebasic": 1.63,
        "weightedaveragenumberofdilutedsharesoutstanding": 106816000,
        "earningspersharediluted": 1.61
    },
    {
        "date": "2021-03-30",
        "symbol": "JBHT",
        "period": "Q1",
        "revenuefromcontractwithcustomerincludingassessedtax": 2388034000,
        "rentsandpurchasedtransportation": 1352301000,
        "laborandrelatedexpense": 620032000,
        "depreciationandamortization": 137545000,
        "fuelcosts": 113040000,
        "operatingsuppliesandexpenses": 81698000,
        "generalandadministrativeexpense": 44891000,
        "operatinginsuranceandclaimscostsproduction": 38030000,
        "directtaxesandlicensescosts": 13814000,
        "directcommunicationsandutilitiescosts": 9146000,
        "costsandexpenses": 2410497000,
        "operatingincomeloss": 207652000,
        "interestexpense": 12024000,
        "incomelossfromcontinuingoperationsbeforeincometaxesextraordinaryitemsnoncontrollinginterest": 195628000,
        "incometaxexpensebenefit": 49022000,
        "netincomeloss": 146606000,
        "weightedaveragenumberofsharesoutstandingbasic": 105678000,
        "earningspersharebasic": 1.39,
        "weightedaveragenumberofdilutedsharesoutstanding": 106816000,
        "earningspersharediluted": 1.37,
        "commonstockdividendspersharedeclared": 0.28
    },
    {
        "date": "2020-12-30",
        "symbol": "JBHT",
        "period": "Q4",
        "revenuefromcontractwithcustomerincludingassessedtax": 2551776000,
        "rentsandpurchasedtransportation": 1486342000,
        "laborandrelatedexpense": 625169000,
        "depreciationandamortization": 134590000,
        "fuelcosts": 93551000,
        "operatingsuppliesandexpenses": 83515000,
        "generalandadministrativeexpense": 48425000,
        "operatinginsuranceandclaimscostsproduction": 35810000,
        "directtaxesandlicensescosts": 13756000,
        "directcommunicationsandutilitiescosts": 8801000,
        "costsandexpenses": 2529959000,
        "operatingincomeloss": 207692000,
        "interestexpense": 10831000,
        "incomelossfromcontinuingoperationsbeforeincometaxesextraordinaryitemsnoncontrollinginterest": 197347000,
        "incometaxexpensebenefit": 43340000,
        "netincomeloss": 154007000,
        "weightedaveragenumberofsharesoutstandingbasic": -211443000,
        "earningspersharebasic": 1.4600000000000002,
        "weightedaveragenumberofdilutedsharesoutstanding": -213562000,
        "earningspersharediluted": 1.4400000000000008,
        "commonstockdividendspersharedeclared": 0.27
    },
    {
        "date": "2020-09-29",
        "symbol": "JBHT",
        "period": "Q3",
        "revenuefromcontractwithcustomerincludingassessedtax": 2296053000,
        "rentsandpurchasedtransportation": 1297333000,
        "laborandrelatedexpense": 594162000,
        "depreciationandamortization": 132392000,
        "fuelcosts": 87350000,
        "operatingsuppliesandexpenses": 86103000,
        "generalandadministrativeexpense": 41894000,
        "operatinginsuranceandclaimscostsproduction": 35412000,
        "directtaxesandlicensescosts": 13696000,
        "directcommunicationsandutilitiescosts": 8678000,
        "costsandexpenses": 2297020000,
        "operatingincomeloss": 175503000,
        "interestexpense": 11895000,
        "incomelossfromcontinuingoperationsbeforeincometaxesextraordinaryitemsnoncontrollinginterest": 163608000,
        "incometaxexpensebenefit": 38112000,
        "netincomeloss": 125496000,
        "weightedaveragenumberofsharesoutstandingbasic": 105653000,
        "earningspersharebasic": 1.19,
        "weightedaveragenumberofdilutedsharesoutstanding": 106798000,
        "earningspersharediluted": 1.18,
        "commonstockdividendspersharedeclared": 0.27
    },
    {
        "date": "2020-06-29",
        "symbol": "JBHT",
        "period": "Q2",
        "revenuefromcontractwithcustomerincludingassessedtax": 1986130000,
        "rentsandpurchasedtransportation": 1034297000,
        "laborandrelatedexpense": 554136000,
        "depreciationandamortization": 130298000,
        "fuelcosts": 75459000,
        "operatingsuppliesandexpenses": 79134000,
        "generalandadministrativeexpense": 44599000,
        "operatinginsuranceandclaimscostsproduction": 30899000,
        "directtaxesandlicensescosts": 13567000,
        "directcommunicationsandutilitiescosts": 8001000,
        "costsandexpenses": 1970390000,
        "operatingincomeloss": 175183000,
        "interestexpense": 12818000,
        "incomelossfromcontinuingoperationsbeforeincometaxesextraordinaryitemsnoncontrollinginterest": 162365000,
        "incometaxexpensebenefit": 40667000,
        "netincomeloss": 121698000,
        "weightedaveragenumberofsharesoutstandingbasic": 105505000,
        "earningspersharebasic": 1.15,
        "weightedaveragenumberofdilutedsharesoutstanding": 106580000,
        "earningspersharediluted": 1.14,
        "commonstockdividendspersharedeclared": 0.27
    },
    {
        "date": "2020-03-30",
        "symbol": "JBHT",
        "period": "Q1",
        "revenuefromcontractwithcustomerincludingassessedtax": 2045694000,
        "rentsandpurchasedtransportation": 1136151000,
        "laborandrelatedexpense": 574249000,
        "depreciationandamortization": 130095000,
        "fuelcosts": 101123000,
        "operatingsuppliesandexpenses": 85598000,
        "generalandadministrativeexpense": 45165000,
        "operatinginsuranceandclaimscostsproduction": 32361000,
        "directtaxesandlicensescosts": 13312000,
        "directcommunicationsandutilitiescosts": 8031000,
        "costsandexpenses": 2126085000,
        "operatingincomeloss": 154741000,
        "interestexpense": 12036000,
        "incomelossfromcontinuingoperationsbeforeincometaxesextraordinaryitemsnoncontrollinginterest": 142705000,
        "incometaxexpensebenefit": 37871000,
        "netincomeloss": 104834000,
        "weightedaveragenumberofsharesoutstandingbasic": 105985000,
        "earningspersharebasic": 0.99,
        "weightedaveragenumberofdilutedsharesoutstanding": 106950000,
        "earningspersharediluted": 0.98,
        "commonstockdividendspersharedeclared": 0.27
    },
    {
        "date": "2019-12-30",
        "symbol": "JBHT",
        "period": "Q4",
        "revenuefromcontractwithcustomerincludingassessedtax": 3789554000,
        "rentsandpurchasedtransportation": 1246130000,
        "laborandrelatedexpense": 561506000,
        "depreciationandamortization": 128417000,
        "fuelcosts": 118269000,
        "operatingsuppliesandexpenses": 83633000,
        "generalandadministrativeexpense": 51279000,
        "operatinginsuranceandclaimscostsproduction": 32288000,
        "directtaxesandlicensescosts": 14345000,
        "directcommunicationsandutilitiescosts": 9382000,
        "costsandexpenses": 2245249000,
        "operatingincomeloss": 205075000,
        "interestexpense": 14531000,
        "incomelossfromcontinuingoperationsbeforeincometaxesextraordinaryitemsnoncontrollinginterest": 192298000,
        "incometaxexpensebenefit": 47622000,
        "netincomeloss": 144676000,
        "weightedaveragenumberofsharesoutstandingbasic": -215523000,
        "earningspersharebasic": 1.359999999999999,
        "weightedaveragenumberofdilutedsharesoutstanding": -217422000,
        "earningspersharediluted": 1.3499999999999994,
        "commonstockdividendspersharedeclared": 0.26
    },
    {
        "date": "2019-09-29",
        "symbol": "JBHT",
        "period": "Q3",
        "revenuefromcontractwithcustomerincludingassessedtax": 2102494000,
        "rentsandpurchasedtransportation": 1196377000,
        "laborandrelatedexpense": 554872000,
        "depreciationandamortization": 126803000,
        "fuelcosts": 114764000,
        "operatingsuppliesandexpenses": 87044000,
        "generalandadministrativeexpense": 49077000,
        "operatinginsuranceandclaimscostsproduction": 43956000,
        "directtaxesandlicensescosts": 14266000,
        "directcommunicationsandutilitiescosts": 8639000,
        "costsandexpenses": 2195798000,
        "operatingincomeloss": 167862000,
        "interestexpense": 12357000,
        "incomelossfromcontinuingoperationsbeforeincometaxesextraordinaryitemsnoncontrollinginterest": 155505000,
        "incometaxexpensebenefit": 37095000,
        "netincomeloss": 118410000,
        "weightedaveragenumberofsharesoutstandingbasic": 106735000,
        "earningspersharebasic": 1.11,
        "weightedaveragenumberofdilutedsharesoutstanding": 107692000,
        "earningspersharediluted": 1.1,
        "commonstockdividendspersharedeclared": 0.26
    },
    {
        "date": "2019-06-29",
        "symbol": "JBHT",
        "period": "Q2",
        "revenuefromcontractwithcustomerincludingassessedtax": 1996266000,
        "rentsandpurchasedtransportation": 1086416000,
        "laborandrelatedexpense": 535147000,
        "depreciationandamortization": 123995000,
        "fuelcosts": 118037000,
        "operatingsuppliesandexpenses": 84264000,
        "generalandadministrativeexpense": 46539000,
        "operatinginsuranceandclaimscostsproduction": 52013000,
        "directtaxesandlicensescosts": 13565000,
        "directcommunicationsandutilitiescosts": 8578000,
        "costsandexpenses": 2068554000,
        "operatingincomeloss": 193093000,
        "interestexpense": 14763000,
        "incomelossfromcontinuingoperationsbeforeincometaxesextraordinaryitemsnoncontrollinginterest": 178330000,
        "incometaxexpensebenefit": 44697000,
        "netincomeloss": 133633000,
        "weightedaveragenumberofsharesoutstandingbasic": 107387000,
        "earningspersharebasic": 1.24,
        "weightedaveragenumberofdilutedsharesoutstanding": 108373000,
        "earningspersharediluted": 1.23,
        "commonstockdividendspersharedeclared": 0.26
    },
    {
        "date": "2019-03-30",
        "symbol": "JBHT",
        "period": "Q1",
        "revenuefromcontractwithcustomerincludingassessedtax": 234286000,
        "rentsandpurchasedtransportation": 999889000,
        "laborandrelatedexpense": 516326000,
        "depreciationandamortization": 119930000,
        "fuelcosts": 112125000,
        "operatingsuppliesandexpenses": 78172000,
        "generalandadministrativeexpense": 45038000,
        "operatinginsuranceandclaimscostsproduction": 28994000,
        "directtaxesandlicensescosts": 13160000,
        "directcommunicationsandutilitiescosts": 8198000,
        "costsandexpenses": 1921832000,
        "operatingincomeloss": 167795000,
        "interestexpense": 13033000,
        "incomelossfromcontinuingoperationsbeforeincometaxesextraordinaryitemsnoncontrollinginterest": 154762000,
        "incometaxexpensebenefit": 35161000,
        "netincomeloss": 119601000,
        "weightedaveragenumberofsharesoutstandingbasic": 108730000,
        "earningspersharebasic": 1.1,
        "weightedaveragenumberofdilutedsharesoutstanding": 109664000,
        "earningspersharediluted": 1.09,
        "commonstockdividendspersharedeclared": 0.26
    },
    {
        "date": "2018-09-29",
        "symbol": "JBHT",
        "period": "Q3",
        "revenuefromcontractwithcustomerincludingassessedtax": 273107000,
        "rentsandpurchasedtransportation": 1125386000,
        "laborandrelatedexpense": 495350000,
        "fuelcosts": 117976000,
        "depreciationandamortization": 108801000,
        "operatingsuppliesandexpenses": 79225000,
        "generalandadministrativeexpense": 42449000,
        "operatinginsuranceandclaimscostsproduction": 45594000,
        "directtaxesandlicensescosts": 13203000,
        "directcommunicationsandutilitiescosts": 7088000,
        "costsandexpenses": 2035072000,
        "operatingincomeloss": 174688000,
        "interestexpense": 9961000,
        "incomelossfromcontinuingoperationsbeforeincometaxesextraordinaryitemsnoncontrollinginterest": 164727000,
        "incometaxexpensebenefit": 33617000,
        "netincomeloss": 131110000,
        "weightedaveragenumberofsharesoutstandingbasic": 109254000,
        "earningspersharebasic": 1.2,
        "weightedaveragenumberofdilutedsharesoutstanding": 110235000,
        "earningspersharediluted": 1.19,
        "commonstockdividendspersharedeclared": 0.24
    },
    {
        "date": "2018-06-29",
        "symbol": "JBHT",
        "period": "Q2",
        "revenuefromcontractwithcustomerincludingassessedtax": 264639000,
        "rentsandpurchasedtransportation": 1073164000,
        "laborandrelatedexpense": 465326000,
        "fuelcosts": 115541000,
        "depreciationandamortization": 107423000,
        "operatingsuppliesandexpenses": 76446000,
        "generalandadministrativeexpense": 37306000,
        "operatinginsuranceandclaimscostsproduction": 28371000,
        "directtaxesandlicensescosts": 12234000,
        "directcommunicationsandutilitiescosts": 8404000,
        "costsandexpenses": 1924215000,
        "operatingincomeloss": 214812000,
        "interestexpense": 9855000,
        "incomelossfromcontinuingoperationsbeforeincometaxesextraordinaryitemsnoncontrollinginterest": 204957000,
        "incometaxexpensebenefit": 53305000,
        "netincomeloss": 151652000,
        "weightedaveragenumberofsharesoutstandingbasic": 109449000,
        "earningspersharebasic": 1.39,
        "weightedaveragenumberofdilutedsharesoutstanding": 110682000,
        "earningspersharediluted": 1.37,
        "commonstockdividendspersharedeclared": 0.24
    },
    {
        "date": "2018-03-30",
        "symbol": "JBHT",
        "period": "Q1",
        "revenuefromcontractwithcustomerincludingassessedtax": 235311000,
        "rentsandpurchasedtransportation": 964892000,
        "laborandrelatedexpense": 450265000,
        "fuelcosts": 107881000,
        "depreciationandamortization": 105583000,
        "operatingsuppliesandexpenses": 70681000,
        "generalandadministrativeexpense": 32326000,
        "operatinginsuranceandclaimscostsproduction": 28499000,
        "directtaxesandlicensescosts": 11588000,
        "directcommunicationsandutilitiescosts": 7749000,
        "costsandexpenses": 1779464000,
        "operatingincomeloss": 168781000,
        "interestexpense": 9152000,
        "incomelossfromcontinuingoperationsbeforeincometaxesextraordinaryitemsnoncontrollinginterest": 159629000,
        "incometaxexpensebenefit": 41487000,
        "netincomeloss": 118142000,
        "weightedaveragenumberofsharesoutstandingbasic": 109754000,
        "earningspersharebasic": 1.08,
        "weightedaveragenumberofdilutedsharesoutstanding": 110863000,
        "earningspersharediluted": 1.07,
        "commonstockdividendspersharedeclared": 0.24
    },
    {
        "date": "2017-12-30",
        "symbol": "JBHT",
        "period": "Q4",
        "salesrevenueservicesnet": 1765659000,
        "fuelsurchargerevenues": 224502000,
        "revenues": -5215407000,
        "rentsandpurchasedtransportation": 1026100000,
        "laborandrelatedexpense": 429854000,
        "depreciationandamortization": -171809000,
        "fuelcosts": 100849000,
        "operatingsuppliesandexpenses": 67153000,
        "operatinginsuranceandclaimscostsproduction": 46650000,
        "costofservicesdirecttaxesandlicensescosts": 12496000,
        "directcommunicationsandutilitiescosts": 7646000,
        "costsandexpenses": 1844348000,
        "operatingincomeloss": -454976000,
        "interestexpense": 6265000,
        "incomelossfromcontinuingoperationsbeforeincometaxesextraordinaryitemsnoncontrollinginterest": 139783000,
        "incometaxexpensebenefit": -245524000,
        "netincomeloss": 385307000,
        "weightedaveragenumberofsharesoutstandingbasic": -220224000,
        "earningspersharebasic": 3.5000000000000004,
        "weightedaveragenumberofdilutedsharesoutstanding": -222427000,
        "earningspersharediluted": 3.4699999999999998,
        "commonstockdividendspersharedeclared": 0.23000000000000007
    },
    {
        "date": "2017-09-29",
        "symbol": "JBHT",
        "period": "Q3",
        "salesrevenueservicesnet": 1657380000,
        "fuelsurchargerevenues": 185954000,
        "revenues": 1843334000,
        "rentsandpurchasedtransportation": 947145000,
        "laborandrelatedexpense": 408340000,
        "depreciationandamortization": 95959000,
        "fuelcosts": 87006000,
        "operatingsuppliesandexpenses": 67578000,
        "operatinginsuranceandclaimscostsproduction": 26463000,
        "othersellinggeneralandadministrativeexpense": 29389000,
        "costofservicesdirecttaxesandlicensescosts": 10744000,
        "directcommunicationsandutilitiescosts": 5738000,
        "costsandexpenses": 1678362000,
        "operatingincomeloss": 164972000,
        "interestexpense": 8310000,
        "incomelossfromcontinuingoperationsbeforeincometaxesextraordinaryitemsnoncontrollinginterest": 156662000,
        "incometaxexpensebenefit": 56277000,
        "netincomeloss": 100385000,
        "weightedaveragenumberofsharesoutstandingbasic": 109703000,
        "earningspersharebasic": 0.92,
        "weightedaveragenumberofdilutedsharesoutstanding": 110628000,
        "earningspersharediluted": 0.91,
        "commonstockdividendspersharedeclared": 0.23
    },
    {
        "date": "2017-06-29",
        "symbol": "JBHT",
        "period": "Q2",
        "salesrevenueservicesnet": 1551051000,
        "fuelsurchargerevenues": 175864000,
        "revenues": 1726915000,
        "rentsandpurchasedtransportation": 871122000,
        "laborandrelatedexpense": 389873000,
        "depreciationandamortization": 93050000,
        "fuelcosts": 79072000,
        "operatingsuppliesandexpenses": 64486000,
        "operatinginsuranceandclaimscostsproduction": 27461000,
        "othersellinggeneralandadministrativeexpense": 21728000,
        "costofservicesdirecttaxesandlicensescosts": 10905000,
        "directcommunicationsandutilitiescosts": 5603000,
        "costsandexpenses": 1563300000,
        "operatingincomeloss": 163615000,
        "interestexpense": 7393000,
        "incomelossfromcontinuingoperationsbeforeincometaxesextraordinaryitemsnoncontrollinginterest": 156222000,
        "incometaxexpensebenefit": 58353000,
        "netincomeloss": 97869000,
        "weightedaveragenumberofsharesoutstandingbasic": 109630000,
        "earningspersharebasic": 0.89,
        "weightedaveragenumberofdilutedsharesoutstanding": 110822000,
        "earningspersharediluted": 0.88,
        "commonstockdividendspersharedeclared": 0.23
    },
    {
        "date": "2017-03-30",
        "symbol": "JBHT",
        "period": "Q1",
        "salesrevenueservicesnet": 1461768000,
        "fuelsurchargerevenues": 167390000,
        "revenues": 1629158000,
        "rentsandpurchasedtransportation": 806439000,
        "laborandrelatedexpense": 380311000,
        "depreciationandamortization": 4800000,
        "fuelcosts": 80646000,
        "operatingsuppliesandexpenses": 58022000,
        "othersellinggeneralandadministrativeexpense": 23481000,
        "operatinginsuranceandclaimscostsproduction": 23005000,
        "costofservicesdirecttaxesandlicensescosts": 10680000,
        "directcommunicationsandutilitiescosts": 4996000,
        "costsandexpenses": 1479769000,
        "operatingincomeloss": 149389000,
        "interestexpense": 6817000,
        "incomelossfromcontinuingoperationsbeforeincometaxesextraordinaryitemsnoncontrollinginterest": 142572000,
        "incometaxexpensebenefit": 39870000,
        "netincomeloss": 102702000,
        "weightedaveragenumberofsharesoutstandingbasic": 110878000,
        "earningspersharebasic": 0.93,
        "weightedaveragenumberofdilutedsharesoutstanding": 112026000,
        "earningspersharediluted": 0.92,
        "commonstockdividendspersharedeclared": 0.23
    },
    {
        "date": "2016-12-30",
        "symbol": "JBHT",
        "period": "Q4",
        "salesrevenueservicesnet": 1558638000,
        "fuelsurchargerevenues": 162424000,
        "revenues": -3154738000,
        "rentsandpurchasedtransportation": 874145000,
        "laborandrelatedexpense": 360190000,
        "depreciationandamortization": -81364000,
        "fuelcosts": 78355000,
        "operatingsuppliesandexpenses": 60000000,
        "othersellinggeneralandadministrativeexpense": 25484000,
        "operatinginsuranceandclaimscostsproduction": 20026000,
        "costofservicesdirecttaxesandlicensescosts": 11798000,
        "directcommunicationsandutilitiescosts": 4910000,
        "costsandexpenses": 1526701000,
        "operatingincomeloss": -318782000,
        "interestexpense": 5947000,
        "incomelossfromcontinuingoperationsbeforeincometaxesextraordinaryitemsnoncontrollinginterest": 188485000,
        "incometaxexpensebenefit": 70929000,
        "netincomeloss": 117556000,
        "weightedaveragenumberofsharesoutstandingbasic": -225897000,
        "earningspersharebasic": 1.0499999999999998,
        "weightedaveragenumberofdilutedsharesoutstanding": -227766000,
        "earningspersharediluted": 1.04,
        "commonstockdividendspersharedeclared": 0.22000000000000006
    },
    {
        "date": "2016-09-29",
        "symbol": "JBHT",
        "period": "Q3",
        "salesrevenueservicesnet": 1538701000,
        "fuelsurchargerevenues": 151958000,
        "revenues": -3000000,
        "rentsandpurchasedtransportation": 846238000,
        "laborandrelatedexpense": 374517000,
        "depreciationandamortization": 4700000,
        "fuelcosts": 74179000,
        "operatingsuppliesandexpenses": 62191000,
        "othersellinggeneralandadministrativeexpense": 21025000,
        "operatinginsuranceandclaimscostsproduction": 21862000,
        "costofservicesdirecttaxesandlicensescosts": 11665000,
        "directcommunicationsandutilitiescosts": 5004000,
        "costsandexpenses": 1507682000,
        "operatingincomeloss": 5100000,
        "interestexpense": 6485000,
        "incomelossfromcontinuingoperationsbeforeincometaxesextraordinaryitemsnoncontrollinginterest": 176492000,
        "incometaxexpensebenefit": 67067000,
        "netincomeloss": 109425000,
        "weightedaveragenumberofsharesoutstandingbasic": 112630000,
        "earningspersharebasic": 0.97,
        "weightedaveragenumberofdilutedsharesoutstanding": 113363000,
        "earningspersharediluted": 0.97,
        "commonstockdividendspersharedeclared": 0.22
    },
    {
        "date": "2016-06-29",
        "symbol": "JBHT",
        "period": "Q2",
        "salesrevenueservicesnet": 1483354000,
        "fuelsurchargerevenues": 131672000,
        "revenues": 1615026000,
        "rentsandpurchasedtransportation": 794907000,
        "laborandrelatedexpense": 371969000,
        "depreciationandamortization": 90364000,
        "fuelcosts": 71489000,
        "operatingsuppliesandexpenses": 56495000,
        "othersellinggeneralandadministrativeexpense": 18711000,
        "operatinginsuranceandclaimscostsproduction": 19094000,
        "costofservicesdirecttaxesandlicensescosts": 11365000,
        "directcommunicationsandutilitiescosts": 4840000,
        "costsandexpenses": 1439234000,
        "operatingincomeloss": 175792000,
        "interestexpense": 6420000,
        "incomelossfromcontinuingoperationsbeforeincometaxesextraordinaryitemsnoncontrollinginterest": 169372000,
        "incometaxexpensebenefit": 64361000,
        "netincomeloss": 105011000,
        "weightedaveragenumberofsharesoutstandingbasic": 112669000,
        "earningspersharebasic": 0.93,
        "weightedaveragenumberofdilutedsharesoutstanding": 113761000,
        "earningspersharediluted": 0.92,
        "commonstockdividendspersharedeclared": 0.22
    },
    {
        "date": "2016-03-30",
        "symbol": "JBHT",
        "period": "Q1",
        "salesrevenueservicesnet": 1426654000,
        "fuelsurchargerevenues": 102058000,
        "revenues": 1528712000,
        "rentsandpurchasedtransportation": 740402000,
        "laborandrelatedexpense": 362511000,
        "depreciationandamortization": 4300000,
        "fuelcosts": 59414000,
        "operatingsuppliesandexpenses": 54537000,
        "othersellinggeneralandadministrativeexpense": 21833000,
        "operatinginsuranceandclaimscostsproduction": 17428000,
        "costofservicesdirecttaxesandlicensescosts": 11126000,
        "directcommunicationsandutilitiescosts": 5219000,
        "costsandexpenses": 1360822000,
        "operatingincomeloss": 167890000,
        "interestexpense": 6442000,
        "incomelossfromcontinuingoperationsbeforeincometaxesextraordinaryitemsnoncontrollinginterest": 161448000,
        "incometaxexpensebenefit": 61350000,
        "netincomeloss": 100098000,
        "weightedaveragenumberofsharesoutstandingbasic": 113072000,
        "earningspersharebasic": 0.89,
        "weightedaveragenumberofdilutedsharesoutstanding": 114003000,
        "earningspersharediluted": 0.88,
        "commonstockdividendspersharedeclared": 0.22
    },
    {
        "date": "2015-09-29",
        "symbol": "JBHT",
        "period": "Q3",
        "salesrevenueservicesnet": 1419451000,
        "fuelsurchargerevenues": 167043000,
        "revenues": 1586494000,
        "rentsandpurchasedtransportation": 770148000,
        "laborandrelatedexpense": 351651000,
        "fuelcosts": 76755000,
        "depreciationandamortization": 86201000,
        "operatingsuppliesandexpenses": 57299000,
        "operatinginsuranceandclaimscostsproduction": 20078000,
        "othersellinggeneralandadministrativeexpense": 14866000,
        "costofservicesdirecttaxesandlicensescosts": 10683000,
        "directcommunicationsandutilitiescosts": 4967000,
        "costsandexpenses": 1392648000,
        "operatingincomeloss": 193846000,
        "interestexpense": 7838000,
        "incomelossfromcontinuingoperationsbeforeincometaxesextraordinaryitemsnoncontrollinginterest": 186008000,
        "incometaxexpensebenefit": 70869000,
        "netincomeloss": 115139000,
        "weightedaveragenumberofsharesoutstandingbasic": 115456000,
        "earningspersharebasic": 1,
        "weightedaveragenumberofdilutedsharesoutstanding": 116282000,
        "earningspersharediluted": 0.99,
        "commonstockdividendspersharedeclared": 0.21
    },
    {
        "date": "2015-06-29",
        "symbol": "JBHT",
        "period": "Q2",
        "salesrevenueservicesnet": 1360631000,
        "fuelsurchargerevenues": 179326000,
        "revenues": -3000000,
        "rentsandpurchasedtransportation": 730851000,
        "laborandrelatedexpense": 348277000,
        "fuelcosts": 84891000,
        "depreciationandamortization": 3900000,
        "operatingsuppliesandexpenses": 56718000,
        "operatinginsuranceandclaimscostsproduction": 18207000,
        "othersellinggeneralandadministrativeexpense": 27670000,
        "costofservicesdirecttaxesandlicensescosts": 10734000,
        "directcommunicationsandutilitiescosts": 5213000,
        "costsandexpenses": 1366222000,
        "operatingincomeloss": -100000,
        "interestexpense": 6661000,
        "incomelossfromcontinuingoperationsbeforeincometaxesextraordinaryitemsnoncontrollinginterest": 167074000,
        "incometaxexpensebenefit": 63655000,
        "netincomeloss": 103419000,
        "weightedaveragenumberofsharesoutstandingbasic": 116470000,
        "earningspersharebasic": 0.89,
        "weightedaveragenumberofdilutedsharesoutstanding": 117811000,
        "earningspersharediluted": 0.88,
        "commonstockdividendspersharedeclared": 0.21
    },
    {
        "date": "2015-03-30",
        "symbol": "JBHT",
        "period": "Q1",
        "salesrevenueservicesnet": 1263910000,
        "fuelsurchargerevenues": 176270000,
        "revenues": -3000000,
        "rentsandpurchasedtransportation": 693685000,
        "laborandrelatedexpense": 330510000,
        "fuelcosts": 81813000,
        "depreciationandamortization": 3900000,
        "operatingsuppliesandexpenses": 50481000,
        "operatinginsuranceandclaimscostsproduction": 17428000,
        "othersellinggeneralandadministrativeexpense": 13933000,
        "costofservicesdirecttaxesandlicensescosts": 10088000,
        "directcommunicationsandutilitiescosts": 5644000,
        "costsandexpenses": 1284960000,
        "operatingincomeloss": 8500000,
        "interestexpense": 6703000,
        "incomelossfromcontinuingoperationsbeforeincometaxesextraordinaryitemsnoncontrollinginterest": 148517000,
        "incometaxexpensebenefit": 56585000,
        "netincomeloss": 91932000,
        "weightedaveragenumberofsharesoutstandingbasic": 116558000,
        "earningspersharebasic": 0.79,
        "weightedaveragenumberofdilutedsharesoutstanding": 117800000,
        "earningspersharediluted": 0.78,
        "commonstockdividendspersharedeclared": 0.21
    },
    {
        "date": "2014-09-29",
        "symbol": "JBHT",
        "period": "Q3",
        "salesrevenueservicesnet": 1316951000,
        "fuelsurchargerevenues": 284205000,
        "revenues": -5000000,
        "rentsandpurchasedtransportation": 802092000,
        "laborandrelatedexpense": 327106000,
        "fuelcosts": 115503000,
        "depreciationandamortization": 3800000,
        "operatingsuppliesandexpenses": 56978000,
        "operatinginsuranceandclaimscostsproduction": 21904000,
        "othersellinggeneralandadministrativeexpense": 15057000,
        "costofservicesdirecttaxesandlicensescosts": 9893000,
        "directcommunicationsandutilitiescosts": 5107000,
        "costsandexpenses": 1429056000,
        "operatingincomeloss": 100000,
        "interestrevenueexpensenet": -6649000,
        "incomelossfromcontinuingoperationsbeforeincometaxesextraordinaryitemsnoncontrollinginterest": 165451000,
        "incometaxexpensebenefit": 63037000,
        "netincomeloss": 102414000,
        "weightedaveragenumberofsharesoutstandingbasic": 117050000,
        "earningspersharebasic": 0.87,
        "weightedaveragenumberofdilutedsharesoutstanding": 118221000,
        "earningspersharediluted": 0.87,
        "commonstockdividendspersharedeclared": 0.2
    },
    {
        "date": "2014-06-29",
        "symbol": "JBHT",
        "period": "Q2",
        "salesrevenueservicesnet": 1268636000,
        "fuelsurchargerevenues": 279231000,
        "revenues": 1548000000,
        "rentsandpurchasedtransportation": 775485000,
        "laborandrelatedexpense": 320016000,
        "fuelcosts": 116999000,
        "depreciationandamortization": 3800000,
        "operatingsuppliesandexpenses": 58173000,
        "operatinginsuranceandclaimscostsproduction": 19886000,
        "othersellinggeneralandadministrativeexpense": 11547000,
        "costofservicesdirecttaxesandlicensescosts": 9650000,
        "directcommunicationsandutilitiescosts": 5155000,
        "costsandexpenses": 1388637000,
        "operatingincomeloss": -100000,
        "interestrevenueexpensenet": -8329000,
        "incomelossfromcontinuingoperationsbeforeincometaxesextraordinaryitemsnoncontrollinginterest": 150901000,
        "incometaxexpensebenefit": 57493000,
        "netincomeloss": 93408000,
        "weightedaveragenumberofsharesoutstandingbasic": 116764000,
        "earningspersharebasic": 0.8,
        "weightedaveragenumberofdilutedsharesoutstanding": 118541000,
        "earningspersharediluted": 0.79,
        "commonstockdividendspersharedeclared": 0.2
    },
    {
        "date": "2014-03-30",
        "symbol": "JBHT",
        "period": "Q1",
        "salesrevenueservicesnet": 1152349000,
        "fuelsurchargerevenues": 254559000,
        "revenues": -6000000,
        "rentsandpurchasedtransportation": 705414000,
        "laborandrelatedexpense": 304394000,
        "fuelcosts": 119950000,
        "depreciationandamortization": 3600000,
        "operatingsuppliesandexpenses": 50788000,
        "operatinginsuranceandclaimscostsproduction": 15832000,
        "othersellinggeneralandadministrativeexpense": 9925000,
        "costofservicesdirecttaxesandlicensescosts": 8973000,
        "directcommunicationsandutilitiescosts": 5358000,
        "costsandexpenses": 1289601000,
        "operatingincomeloss": 2400000,
        "interestrevenueexpensenet": -6380000,
        "incomelossfromcontinuingoperationsbeforeincometaxesextraordinaryitemsnoncontrollinginterest": 110927000,
        "incometaxexpensebenefit": 42263000,
        "netincomeloss": 68664000,
        "weightedaveragenumberofsharesoutstandingbasic": 117250000,
        "earningspersharebasic": 0.59,
        "weightedaveragenumberofdilutedsharesoutstanding": 118943000,
        "earningspersharediluted": 0.58,
        "commonstockdividendspersharedeclared": 0.2
    },
    {
        "date": "2013-09-29",
        "symbol": "JBHT",
        "period": "Q3",
        "salesrevenueservicesnet": 1165965000,
        "fuelsurchargerevenues": 269885000,
        "revenues": -7000000,
        "rentsandpurchasedtransportation": 724417000,
        "laborandrelatedexpense": 289789000,
        "fuelcosts": 114147000,
        "depreciationandamortization": 2700000,
        "operatingsuppliesandexpenses": 55378000,
        "operatinginsuranceandclaimscostsproduction": 13878000,
        "othersellinggeneralandadministrativeexpense": 10172000,
        "costofservicesdirecttaxesandlicensescosts": 8168000,
        "directcommunicationsandutilitiescosts": 4881000,
        "costsandexpenses": 1285121000,
        "operatingincomeloss": 600000,
        "interestrevenueexpensenet": 5835000,
        "incomelossfromcontinuingoperationsbeforeincometaxesextraordinaryitemsnoncontrollinginterest": 144894000,
        "incometaxexpensebenefit": 55422000,
        "netincomeloss": 89472000,
        "weightedaveragenumberofsharesoutstandingbasic": 117723000,
        "earningspersharebasic": 0.76,
        "weightedaveragenumberofdilutedsharesoutstanding": 119357000,
        "earningspersharediluted": 0.75,
        "commonstockdividendspersharedeclared": 0.15
    },
    {
        "date": "2013-06-29",
        "symbol": "JBHT",
        "period": "Q2",
        "salesrevenueservicesnet": 1120164000,
        "fuelsurchargerevenues": 262694000,
        "revenues": -8000000,
        "rentsandpurchasedtransportation": 693795000,
        "laborandrelatedexpense": 282252000,
        "fuelcosts": 110280000,
        "depreciationandamortization": 2600000,
        "operatingsuppliesandexpenses": 49626000,
        "operatinginsuranceandclaimscostsproduction": 12111000,
        "othersellinggeneralandadministrativeexpense": 12425000,
        "costofservicesdirecttaxesandlicensescosts": 8042000,
        "directcommunicationsandutilitiescosts": 4637000,
        "costsandexpenses": 1235451000,
        "operatingincomeloss": -100000,
        "interestrevenueexpensenet": 6230000,
        "incomelossfromcontinuingoperationsbeforeincometaxesextraordinaryitemsnoncontrollinginterest": 141177000,
        "incometaxexpensebenefit": 53480000,
        "netincomeloss": 87697000,
        "weightedaveragenumberofsharesoutstandingbasic": 117139000,
        "earningspersharebasic": 0.75,
        "weightedaveragenumberofdilutedsharesoutstanding": 119472000,
        "earningspersharediluted": 0.73,
        "commonstockdividendspersharedeclared": 0.15
    },
    {
        "date": "2013-03-30",
        "symbol": "JBHT",
        "period": "Q1",
        "salesrevenueservicesnet": 1038940000,
        "fuelsurchargerevenues": 252647000,
        "revenues": 1291587000,
        "rentsandpurchasedtransportation": 644533000,
        "laborandrelatedexpense": 263724000,
        "fuelcosts": 116560000,
        "depreciationandamortization": 2500000,
        "operatingsuppliesandexpenses": 44914000,
        "operatinginsuranceandclaimscostsproduction": 12770000,
        "othersellinggeneralandadministrativeexpense": 10985000,
        "costofservicesdirecttaxesandlicensescosts": 7513000,
        "directcommunicationsandutilitiescosts": 4819000,
        "costsandexpenses": 1166548000,
        "operatingincomeloss": 1100000,
        "interestrevenueexpensenet": 6256000,
        "incomelossfromcontinuingoperationsbeforeincometaxesextraordinaryitemsnoncontrollinginterest": 118783000,
        "incometaxexpensebenefit": 45434000,
        "netincomeloss": 73349000,
        "weightedaveragenumberofsharesoutstandingbasic": 117553000,
        "earningspersharebasic": 0.62,
        "weightedaveragenumberofdilutedsharesoutstanding": 119825000,
        "earningspersharediluted": 0.61
    },
    {
        "date": "2012-09-29",
        "symbol": "JBHT",
        "period": "Q3",
        "salesrevenueservicesnet": 1046769000,
        "fuelsurchargerevenues": 249023000,
        "revenues": 1295792000,
        "rentsandpurchasedtransportation": 646049000,
        "laborandrelatedexpense": 260911000,
        "fuelcosts": 114694000,
        "depreciationandamortization": 2400000,
        "operatingsuppliesandexpenses": 48281000,
        "operatinginsuranceandclaimscostsproduction": 13745000,
        "othersellinggeneralandadministrativeexpense": 9369000,
        "costofservicesdirecttaxesandlicensescosts": 7451000,
        "directcommunicationsandutilitiescosts": 4467000,
        "costsandexpenses": 1162740000,
        "operatingincomeloss": 100000,
        "interestrevenueexpensenet": 6346000,
        "incomelossfromcontinuingoperationsbeforeincometaxesextraordinaryitemsnoncontrollinginterest": 126706000,
        "incometaxexpensebenefit": 48465000,
        "netincomeloss": 78241000,
        "weightedaveragenumberofsharesoutstandingbasic": 118131000,
        "earningspersharebasic": 0.66,
        "weightedaveragenumberofdilutedsharesoutstanding": 120281000,
        "earningspersharediluted": 0.65,
        "commonstockdividendspersharedeclared": 0.14
    },
    {
        "date": "2012-06-29",
        "symbol": "JBHT",
        "period": "Q2",
        "salesrevenueservicesnet": 1005519000,
        "fuelsurchargerevenues": 249611000,
        "revenues": 1255130000,
        "rentsandpurchasedtransportation": 616723000,
        "laborandrelatedexpense": 255864000,
        "fuelcosts": 113085000,
        "depreciationandamortization": 2400000,
        "operatingsuppliesandexpenses": 45540000,
        "operatinginsuranceandclaimscostsproduction": 12595000,
        "othersellinggeneralandadministrativeexpense": 6356000,
        "costofservicesdirecttaxesandlicensescosts": 7323000,
        "directcommunicationsandutilitiescosts": 4202000,
        "costsandexpenses": 1117915000,
        "operatingincomeloss": -200000,
        "interestrevenueexpensenet": 6929000,
        "incomelossfromcontinuingoperationsbeforeincometaxesextraordinaryitemsnoncontrollinginterest": 130286000,
        "incometaxexpensebenefit": 49835000,
        "netincomeloss": 80451000,
        "weightedaveragenumberofsharesoutstandingbasic": 117226000,
        "earningspersharebasic": 0.69,
        "weightedaveragenumberofdilutedsharesoutstanding": 120027000,
        "earningspersharediluted": 0.67,
        "commonstockdividendspersharedeclared": 0.14
    },
    {
        "date": "2012-03-30",
        "symbol": "JBHT",
        "period": "Q1",
        "salesrevenueservicesnet": 938683000,
        "fuelsurchargerevenues": 227239000,
        "revenues": 1165922000,
        "rentsandpurchasedtransportation": 556117000,
        "laborandrelatedexpense": 250044000,
        "fuelcosts": 120554000,
        "depreciationandamortization": 2400000,
        "operatingsuppliesandexpenses": 39811000,
        "operatinginsuranceandclaimscostsproduction": 11045000,
        "othersellinggeneralandadministrativeexpense": 3995000,
        "costofservicesdirecttaxesandlicensescosts": 7142000,
        "directcommunicationsandutilitiescosts": 4497000,
        "costsandexpenses": 1049325000,
        "operatingincomeloss": 100000,
        "interestrevenueexpensenet": 6987000,
        "incomelossfromcontinuingoperationsbeforeincometaxesextraordinaryitemsnoncontrollinginterest": 109610000,
        "incometaxexpensebenefit": 41926000,
        "netincomeloss": 67684000,
        "weightedaveragenumberofsharesoutstandingbasic": 117017000,
        "earningspersharebasic": 0.58,
        "weightedaveragenumberofdilutedsharesoutstanding": 119750000,
        "earningspersharediluted": 0.57,
        "commonstockdividendspersharedeclared": 0.14
    },
    {
        "date": "2011-09-29",
        "symbol": "JBHT",
        "period": "Q3",
        "salesrevenueservicesnet": 947381000,
        "fuelsurchargerevenues": 223889000,
        "revenues": 1171270000,
        "rentsandpurchasedtransportation": 552509000,
        "laborandrelatedexpense": 255982000,
        "fuelcosts": 117779000,
        "depreciationandamortization": 54400000,
        "operatingsuppliesandexpenses": 43164000,
        "operatinginsuranceandclaimscostsproduction": 11042000,
        "othersellinggeneralandadministrativeexpense": 6114000,
        "costofservicesdirecttaxesandlicensescosts": 7095000,
        "directcommunicationsandutilitiescosts": 4501000,
        "costsandexpenses": 1052590000,
        "operatingincomeloss": 118700000,
        "interestrevenueexpensenet": 7145000,
        "incomelossfromcontinuingoperationsbeforeincometaxesextraordinaryitemsnoncontrollinginterest": 111535000,
        "incometaxexpensebenefit": 42885000,
        "netincomeloss": 68650000,
        "weightedaveragenumberofsharesoutstandingbasic": 118627000,
        "earningspersharebasic": 0.58,
        "weightedaveragenumberofdilutedsharesoutstanding": 121126000,
        "earningspersharediluted": 0.57,
        "commonstockdividendspersharedeclared": 0.13
    },
    {
        "date": "2011-06-29",
        "symbol": "JBHT",
        "period": "Q2",
        "salesrevenueservicesnet": 924689000,
        "fuelsurchargerevenues": 225166000,
        "revenues": 1149855000,
        "rentsandpurchasedtransportation": 536688000,
        "laborandrelatedexpense": 255462000,
        "fuelcosts": 120276000,
        "depreciationandamortization": 52600000,
        "operatingsuppliesandexpenses": 40977000,
        "operatinginsuranceandclaimscostsproduction": 11642000,
        "othersellinggeneralandadministrativeexpense": 7515000,
        "costofservicesdirecttaxesandlicensescosts": 6883000,
        "directcommunicationsandutilitiescosts": 4418000,
        "costsandexpenses": 1036412000,
        "operatingincomeloss": 113400000,
        "interestrevenueexpensenet": 6706000,
        "incomelossfromcontinuingoperationsbeforeincometaxes": 106737000,
        "incometaxexpensebenefit": 41041000,
        "netincomeloss": 65696000,
        "weightedaveragenumberofsharesoutstandingbasic": 120237000,
        "earningspersharebasic": 0.55,
        "weightedaveragenumberofdilutedsharesoutstanding": 123285000,
        "earningspersharediluted": 0.53,
        "commonstockdividendspersharedeclared": 0.13
    },
    {
        "date": "2011-03-30",
        "symbol": "JBHT",
        "period": "Q1",
        "salesrevenueservicesnet": 831600000,
        "fuelsurchargerevenues": 169180000,
        "revenues": 1000780000,
        "rentsandpurchasedtransportation": 453705000,
        "laborandrelatedexpense": 232027000,
        "fuelcosts": 108975000,
        "depreciationandamortization": 51357000,
        "operatingsuppliesandexpenses": 36648000,
        "operatinginsuranceandclaimscostsproduction": 9847000,
        "othersellinggeneralandadministrativeexpense": 6880000,
        "costofservicesdirecttaxesandlicensescosts": 6648000,
        "directcommunicationsandutilitiescosts": 4870000,
        "costsandexpenses": 910957000,
        "operatingincomeloss": 89823000,
        "interestincomeexpensenet": 8434000,
        "incomelossfromcontinuingoperationsbeforeincometaxes": 81389000,
        "incometaxexpensebenefit": 31294000,
        "netincomeloss": 50095000,
        "weightedaveragenumberofsharesoutstandingbasic": 120980000,
        "earningspersharebasic": 0.41,
        "weightedaveragenumberofdilutedsharesoutstanding": 123966000,
        "earningspersharediluted": 0.4,
        "commonstockdividendspersharedeclared": 0.13
    },
    {
        "date": "2010-09-29",
        "symbol": "JBHT",
        "period": "Q3",
        "salesrevenueservicesnet": 854836000,
        "fuelsurchargerevenues": 131188000,
        "revenues": 986024000,
        "rentsandpurchasedtransportation": 446721000,
        "laborandrelatedexpense": 237353000,
        "fuelcosts": 84592000,
        "depreciationandamortization": 49808000,
        "operatingsuppliesandexpenses": 39905000,
        "operatinginsuranceandclaimscostsproduction": 11543000,
        "othersellinggeneralandadministrativeexpense": 13147000,
        "costofservicesdirecttaxesandlicensescosts": 6790000,
        "directcommunicationsandutilitiescosts": 4675000,
        "costsandexpenses": 894534000,
        "operatingincomeloss": 91490000,
        "interestincomeexpensenet": 6662000,
        "incomelossfromcontinuingoperationsbeforeincometaxes": 84828000,
        "incometaxexpensebenefit": 32659000,
        "netincomeloss": 52169000,
        "weightedaveragenumberofsharesoutstandingbasic": 123390000,
        "earningspersharebasic": 0.42,
        "weightedaveragenumberofdilutedsharesoutstanding": 126404000,
        "earningspersharediluted": 0.41,
        "commonstockdividendspersharedeclared": 0.12
    },
    {
        "date": "2010-06-29",
        "symbol": "JBHT",
        "period": "Q2",
        "salesrevenueservicesnet": 812033000,
        "fuelsurchargerevenues": 130743000,
        "revenues": 942776000,
        "rentsandpurchasedtransportation": 419461000,
        "laborandrelatedexpense": 228204000,
        "fuelcosts": 84542000,
        "depreciationandamortization": 49148000,
        "operatingsuppliesandexpenses": 38565000,
        "operatinginsuranceandclaimscostsproduction": 11649000,
        "othersellinggeneralandadministrativeexpense": 8824000,
        "costofservicesdirecttaxesandlicensescosts": 6707000,
        "directcommunicationsandutilitiescosts": 4329000,
        "costsandexpenses": 851429000,
        "operatingincomeloss": 91347000,
        "interestincomeexpensenet": 6611000,
        "incomelossfromcontinuingoperationsbeforeincometaxes": 84736000,
        "incometaxexpensebenefit": 32623000,
        "netincomeloss": 52113000,
        "weightedaveragenumberofsharesoutstandingbasic": 125686000,
        "earningspersharebasic": 0.41,
        "weightedaveragenumberofdilutedsharesoutstanding": 128920000,
        "earningspersharediluted": 0.4,
        "commonstockdividendspersharedeclared": 0.12
    }
]