[
    {
        "date": "2024-03-29",
        "symbol": "DIS",
        "period": "Q2",
        "revenues": 19757000000,
        "costofgoodsandservicessold": 12663000000,
        "sellinggeneralandadministrativeexpense": 3790000000,
        "depreciationdepletionandamortization": 1242000000,
        "costsandexpenses": 19204000000,
        "restructuringsettlementandimpairmentprovisions": 2052000000,
        "interestincomeexpensenonoperatingnet": -311000000,
        "incomelossfromequitymethodinvestments": 141000000,
        "incomelossfromcontinuingoperationsbeforeincometaxesextraordinaryitemsnoncontrollinginterest": 657000000,
        "incometaxexpensebenefit": 441000000,
        "profitloss": 216000000,
        "netincomelossattributabletononcontrollinginterest": 236000000,
        "netincomeloss": -20000000,
        "earningspersharediluted": -0.01,
        "earningspersharebasic": -0.01,
        "weightedaveragenumberofdilutedsharesoutstanding": 1834000000,
        "weightedaveragenumberofsharesoutstandingbasic": 1834000000,
        "othercomprehensiveincomelosscashflowhedgegainlossafterreclassificationandtax": 115000000,
        "othercomprehensiveincomelosspensionandotherpostretirementbenefitplansadjustmentnetoftax": 24000000,
        "othercomprehensiveincomelossforeigncurrencytransactionandtranslationadjustmentnetoftax": -119000000,
        "othercomprehensiveincomelossnetoftax": -28000000,
        "comprehensiveincomenetoftaxincludingportionattributabletononcontrollinginterest": 188000000,
        "othercomprehensiveincomelossnetoftaxportionattributabletononcontrollinginterest": -21000000,
        "comprehensiveincomenetoftax": -27000000
    },
    {
        "date": "2023-12-29",
        "symbol": "DIS",
        "period": "Q1",
        "revenues": 20975000000,
        "costofgoodsandservicessold": 13922000000,
        "sellinggeneralandadministrativeexpense": 3783000000,
        "depreciationdepletionandamortization": 1243000000,
        "costsandexpenses": 20613000000,
        "interestincomeexpensenonoperatingnet": -246000000,
        "incomelossfromequitymethodinvestments": 181000000,
        "incomelossfromcontinuingoperationsbeforeincometaxesextraordinaryitemsnoncontrollinginterest": 2871000000,
        "incometaxexpensebenefit": 720000000,
        "profitloss": 2151000000,
        "netincomelossattributabletononcontrollinginterest": 240000000,
        "netincomeloss": 1911000000,
        "earningspersharediluted": 1.04,
        "earningspersharebasic": 1.04,
        "weightedaveragenumberofdilutedsharesoutstanding": 1835000000,
        "weightedaveragenumberofsharesoutstandingbasic": 1832000000,
        "othercomprehensiveincomelosscashflowhedgegainlossafterreclassificationandtax": -319000000,
        "othercomprehensiveincomelosspensionandotherpostretirementbenefitplansadjustmentnetoftax": 21000000,
        "othercomprehensiveincomelossforeigncurrencytransactionandtranslationadjustmentnetoftax": 174000000,
        "othercomprehensiveincomelossnetoftax": -166000000,
        "comprehensiveincomenetoftaxincludingportionattributabletononcontrollinginterest": 1985000000,
        "othercomprehensiveincomelossnetoftaxportionattributabletononcontrollinginterest": 44000000,
        "comprehensiveincomenetoftax": 1701000000
    },
    {
        "date": "2023-09-29",
        "symbol": "DIS",
        "period": "Q4",
        "revenues": 79155000000,
        "costofgoodsandservicessold": 48581000000,
        "sellinggeneralandadministrativeexpense": 4021000000,
        "depreciationdepletionandamortization": 1409000000,
        "costsandexpenses": 58222000000,
        "restructuringsettlementandimpairmentprovisions": 3461000000,
        "nonoperatingincomeexpense": 0,
        "interestincomeexpensenonoperatingnet": -282000000,
        "incomelossfromcontinuingoperationsbeforeincometaxesextraordinaryitemsnoncontrollinginterest": 1007000000,
        "incomelossfromcontinuingoperationsincludingportionattributabletononcontrollinginterest": 694000000,
        "profitloss": 694000000,
        "incomelossfromcontinuingoperationsattributabletononcontrollingentity": 430000000,
        "netincomeloss": 2073000000,
        "incomelossfromcontinuingoperationsperdilutedshare": 0.15000000000000013,
        "earningspersharediluted": 0.15000000000000013,
        "incomelossfromcontinuingoperationsperbasicshare": 0.14000000000000012,
        "earningspersharebasic": 0.14000000000000012,
        "weightedaveragenumberofdilutedsharesoutstanding": 1830000000,
        "weightedaveragenumberofsharesoutstandingbasic": 1828000000,
        "othercomprehensiveincomelosscashflowhedgegainlossafterreclassificationandtax": 184000000,
        "othercomprehensiveincomelosspensionandotherpostretirementbenefitplansadjustmentnetoftax": -1156000000,
        "othercomprehensiveincomelossforeigncurrencytransactionandtranslationadjustmentnetoftax": -231000000,
        "othercomprehensiveincomelossnetoftax": 1109000000,
        "comprehensiveincomenetoftaxincludingportionattributabletononcontrollinginterest": 2089000000,
        "netincomelossattributabletononcontrollinginterest": 430000000,
        "comprehensiveincomenetoftax": 1385000000
    },
    {
        "date": "2023-06-30",
        "symbol": "DIS",
        "period": "Q3",
        "revenues": 73000000,
        "costofgoodsandservicessold": 1497000000,
        "sellinggeneralandadministrativeexpense": 3874000000,
        "depreciationdepletionandamortization": 1344000000,
        "costsandexpenses": 19689000000,
        "restructuringsettlementandimpairmentprovisions": 210000000,
        "nonoperatingincomeexpense": -11000000,
        "interestincomeexpensenonoperatingnet": -305000000,
        "incomelossfromequitymethodinvestments": 194000000,
        "incomelossfromcontinuingoperationsbeforeincometaxesextraordinaryitemsnoncontrollinginterest": -134000000,
        "incometaxexpensebenefit": 17000000,
        "incomelossfromcontinuingoperationsincludingportionattributabletononcontrollinginterest": -153000000,
        "profitloss": -153000000,
        "incomelossfromcontinuingoperationsattributabletononcontrollingentity": 307000000,
        "netincomeloss": 55000000,
        "incomelossfromcontinuingoperationsperdilutedshare": -0.25,
        "earningspersharediluted": -0.25,
        "incomelossfromcontinuingoperationsperbasicshare": -0.25,
        "earningspersharebasic": -0.25,
        "weightedaveragenumberofdilutedsharesoutstanding": 1829000000,
        "weightedaveragenumberofsharesoutstandingbasic": 1829000000,
        "othercomprehensiveincomelosscashflowhedgegainlossafterreclassificationandtax": 10000000,
        "othercomprehensiveincomelosspensionandotherpostretirementbenefitplansadjustmentnetoftax": -1000000,
        "othercomprehensiveincomelossforeigncurrencytransactionandtranslationadjustmentnetoftax": -101000000,
        "othercomprehensiveincomelossnetoftax": -90000000,
        "comprehensiveincomenetoftaxincludingportionattributabletononcontrollinginterest": -316000000,
        "netincomelossattributabletononcontrollinginterest": 307000000,
        "othercomprehensiveincomelossnetoftaxportionattributabletononcontrollinginterest": -66000000,
        "comprehensiveincomenetoftax": -484000000
    },
    {
        "date": "2023-03-31",
        "symbol": "DIS",
        "period": "Q2",
        "revenues": 116000000,
        "costofgoodsandservicessold": 1456000000,
        "sellinggeneralandadministrativeexpense": 3614000000,
        "depreciationdepletionandamortization": 1310000000,
        "costsandexpenses": 1004000000,
        "restructuringsettlementandimpairmentprovisions": 152000000,
        "nonoperatingincomeexpense": 149000000,
        "interestincomeexpensenonoperatingnet": -322000000,
        "incomelossfromequitymethodinvestments": 0,
        "incomelossfromcontinuingoperationsbeforeincometaxesextraordinaryitemsnoncontrollinginterest": 2123000000,
        "incometaxexpensebenefit": 0,
        "incomelossfromcontinuingoperationsincludingportionattributabletononcontrollinginterest": 1488000000,
        "profitloss": 1488000000,
        "incomelossfromcontinuingoperationsattributabletononcontrollingentity": 217000000,
        "netincomeloss": 88000000,
        "incomelossfromcontinuingoperationsperdilutedshare": 0.69,
        "earningspersharediluted": 0.69,
        "incomelossfromcontinuingoperationsperbasicshare": 0.7,
        "earningspersharebasic": 0.7,
        "weightedaveragenumberofdilutedsharesoutstanding": 2000000,
        "weightedaveragenumberofsharesoutstandingbasic": 2000000,
        "othercomprehensiveincomelosscashflowhedgegainlossafterreclassificationandtax": -82000000,
        "othercomprehensiveincomelosspensionandotherpostretirementbenefitplansadjustmentnetoftax": -56000000,
        "othercomprehensiveincomelossforeigncurrencytransactionandtranslationadjustmentnetoftax": 115000000,
        "othercomprehensiveincomelossnetoftax": 89000000,
        "comprehensiveincomenetoftaxincludingportionattributabletononcontrollinginterest": 1507000000,
        "netincomelossattributabletononcontrollinginterest": 217000000,
        "othercomprehensiveincomelossnetoftaxportionattributabletononcontrollinginterest": 0,
        "comprehensiveincomenetoftax": 1360000000
    },
    {
        "date": "2022-12-30",
        "symbol": "DIS",
        "period": "Q1",
        "revenues": 218000000,
        "costofgoodsandservicessold": 1605000000,
        "sellinggeneralandadministrativeexpense": 3827000000,
        "depreciationdepletionandamortization": 1306000000,
        "costsandexpenses": 991000000,
        "restructuringsettlementandimpairmentprovisions": 69000000,
        "nonoperatingincomeexpense": -42000000,
        "interestincomeexpensenonoperatingnet": -300000000,
        "incomelossfromequitymethodinvestments": -2000000,
        "incomelossfromcontinuingoperationsbeforeincometaxesextraordinaryitemsnoncontrollinginterest": 1773000000,
        "incometaxexpensebenefit": -14000000,
        "incomelossfromcontinuingoperationsincludingportionattributabletononcontrollinginterest": 1361000000,
        "profitloss": 1361000000,
        "incomelossfromcontinuingoperationsattributabletononcontrollingentity": 82000000,
        "netincomeloss": 138000000,
        "incomelossfromcontinuingoperationsperdilutedshare": 0.7,
        "earningspersharediluted": 0.7,
        "incomelossfromcontinuingoperationsperbasicshare": 0.7,
        "earningspersharebasic": 0.7,
        "weightedaveragenumberofdilutedsharesoutstanding": 1827000000,
        "weightedaveragenumberofsharesoutstandingbasic": 1825000000,
        "othercomprehensiveincomelosscashflowhedgegainlossafterreclassificationandtax": -542000000,
        "othercomprehensiveincomelosspensionandotherpostretirementbenefitplansadjustmentnetoftax": -1000000,
        "othercomprehensiveincomelossforeigncurrencytransactionandtranslationadjustmentnetoftax": 227000000,
        "othercomprehensiveincomelossnetoftax": -314000000,
        "comprehensiveincomenetoftaxincludingportionattributabletononcontrollinginterest": 904000000,
        "netincomelossattributabletononcontrollinginterest": 82000000,
        "othercomprehensiveincomelossnetoftaxportionattributabletononcontrollinginterest": 45000000,
        "comprehensiveincomenetoftax": 920000000
    },
    {
        "date": "2022-07-01",
        "symbol": "DIS",
        "period": "Q3",
        "revenues": 27000000,
        "costofgoodsandservicessold": 1278000000,
        "sellinggeneralandadministrativeexpense": 4100000000,
        "depreciationdepletionandamortization": 1290000000,
        "costsandexpenses": 834000000,
        "nonoperatingincomeexpense": -136000000,
        "interestincomeexpensenonoperatingnet": -360000000,
        "incomelossfromequitymethodinvestments": -2000000,
        "incomelossfromcontinuingoperationsbeforeincometaxesextraordinaryitemsnoncontrollinginterest": 2119000000,
        "incometaxexpensebenefit": -36000000,
        "incomelossfromcontinuingoperationsincludingportionattributabletononcontrollinginterest": 1502000000,
        "profitloss": 1502000000,
        "incomelossfromcontinuingoperationsattributabletononcontrollingentity": 93000000,
        "netincomeloss": -98000000,
        "incomelossfromcontinuingoperationsperdilutedshare": 0.7699999999999999,
        "earningspersharediluted": 0.7699999999999999,
        "incomelossfromcontinuingoperationsperbasicshare": 0.7699999999999999,
        "earningspersharebasic": 0.7799999999999999,
        "weightedaveragenumberofsharesoutstandingbasic": 1000000,
        "othercomprehensiveincomelosscashflowhedgegainlossafterreclassificationandtax": 428000000,
        "othercomprehensiveincomelosspensionandotherpostretirementbenefitplansadjustmentnetoftax": -119000000,
        "othercomprehensiveincomelossforeigncurrencytransactionandtranslationadjustmentnetoftax": -446000000,
        "othercomprehensiveincomelossnetoftax": 101000000,
        "comprehensiveincomenetoftaxincludingportionattributabletononcontrollinginterest": 1512000000,
        "netincomelossattributabletononcontrollinginterest": 93000000,
        "othercomprehensiveincomelossnetoftaxportionattributabletononcontrollinginterest": -69000000,
        "comprehensiveincomenetoftax": 1579000000
    },
    {
        "date": "2022-04-01",
        "symbol": "DIS",
        "period": "Q2",
        "revenues": 21000000,
        "costofgoodsandservicessold": 1264000000,
        "sellinggeneralandadministrativeexpense": 3768000000,
        "depreciationdepletionandamortization": 1287000000,
        "costsandexpenses": 823000000,
        "nonoperatingincomeexpense": -158000000,
        "interestincomeexpensenonoperatingnet": -355000000,
        "incomelossfromequitymethodinvestments": -5000000,
        "incomelossfromcontinuingoperationsbeforeincometaxesextraordinaryitemsnoncontrollinginterest": 1102000000,
        "incometaxexpensebenefit": -36000000,
        "incomelossfromcontinuingoperationsincludingportionattributabletononcontrollinginterest": 597000000,
        "incomelossfromdiscontinuedoperationsnetoftax": 0,
        "profitloss": 597000000,
        "incomelossfromcontinuingoperationsattributabletononcontrollingentity": 127000000,
        "netincomeloss": -103000000,
        "incomelossfromcontinuingoperationsperdilutedshare": 0.26,
        "discontinuedoperationincomelossfromdiscontinuedoperationnetoftaxperdilutedshare": 0,
        "earningspersharediluted": 0.26,
        "incomelossfromcontinuingoperationsperbasicshare": 0.26,
        "discontinuedoperationincomelossfromdiscontinuedoperationnetoftaxperbasicshare": 0,
        "earningspersharebasic": 0.25,
        "weightedaveragenumberofdilutedsharesoutstanding": 0,
        "weightedaveragenumberofsharesoutstandingbasic": 1000000,
        "discontinuedoperationtaxeffectofdiscontinuedoperation": 0,
        "othercomprehensiveincomelosscashflowhedgegainlossafterreclassificationandtax": 28000000,
        "othercomprehensiveincomelosspensionandotherpostretirementbenefitplansadjustmentnetoftax": -119000000,
        "othercomprehensiveincomelossforeigncurrencytransactionandtranslationadjustmentnetoftax": -191000000,
        "othercomprehensiveincomelossnetoftax": -44000000,
        "comprehensiveincomenetoftaxincludingportionattributabletononcontrollinginterest": 483000000,
        "netincomelossattributabletononcontrollinginterest": 127000000,
        "othercomprehensiveincomelossnetoftaxportionattributabletononcontrollinginterest": -8000000,
        "comprehensiveincomenetoftax": 434000000
    },
    {
        "date": "2021-12-31",
        "symbol": "DIS",
        "period": "Q1",
        "revenues": 18000000,
        "costofgoodsandservicessold": 1406000000,
        "sellinggeneralandadministrativeexpense": 3787000000,
        "depreciationdepletionandamortization": 1269000000,
        "costsandexpenses": 826000000,
        "nonoperatingincomeexpense": -436000000,
        "interestincomeexpensenonoperatingnet": -311000000,
        "incomelossfromequitymethodinvestments": -3000000,
        "incomelossfromcontinuingoperationsbeforeincometaxesextraordinaryitemsnoncontrollinginterest": 1688000000,
        "incometaxexpensebenefit": -36000000,
        "incomelossfromcontinuingoperationsincludingportionattributabletononcontrollinginterest": 1200000000,
        "incomelossfromdiscontinuedoperationsnetoftax": -48000000,
        "profitloss": 1152000000,
        "incomelossfromcontinuingoperationsattributabletononcontrollingentity": 48000000,
        "netincomeloss": -105000000,
        "incomelossfromcontinuingoperationsperdilutedshare": 0.63,
        "discontinuedoperationincomelossfromdiscontinuedoperationnetoftaxperdilutedshare": -0.03,
        "earningspersharediluted": 0.6,
        "incomelossfromcontinuingoperationsperbasicshare": 0.63,
        "discontinuedoperationincomelossfromdiscontinuedoperationnetoftaxperbasicshare": -0.03,
        "earningspersharebasic": 0.61,
        "weightedaveragenumberofdilutedsharesoutstanding": 1828000000,
        "weightedaveragenumberofsharesoutstandingbasic": 1819000000,
        "discontinuedoperationtaxeffectofdiscontinuedoperation": -14000000,
        "othercomprehensiveincomelosscashflowhedgegainlossafterreclassificationandtax": 50000000,
        "othercomprehensiveincomelosspensionandotherpostretirementbenefitplansadjustmentnetoftax": -155000000,
        "othercomprehensiveincomelossforeigncurrencytransactionandtranslationadjustmentnetoftax": -22000000,
        "othercomprehensiveincomelossnetoftax": 183000000,
        "comprehensiveincomenetoftaxincludingportionattributabletononcontrollinginterest": 1264000000,
        "netincomelossattributabletononcontrollinginterest": 48000000,
        "othercomprehensiveincomelossnetoftaxportionattributabletononcontrollinginterest": 19000000,
        "comprehensiveincomenetoftax": 1268000000
    },
    {
        "date": "2021-10-01",
        "symbol": "DIS",
        "period": "Q4",
        "revenues": -3000000,
        "costofgoodsandservicessold": 1133000000,
        "sellinggeneralandadministrativeexpense": 4319000000,
        "depreciationdepletionandamortization": 1275000000,
        "costsandexpenses": 894000000,
        "interestincomeexpensenonoperatingnet": -317000000,
        "incomelossfromequitymethodinvestments": 3000000,
        "incomelossfromcontinuingoperationsbeforeincometaxesextraordinaryitemsnoncontrollinginterest": 290000000,
        "incometaxexpensebenefit": -55000000,
        "incomelossfromcontinuingoperationsincludingportionattributabletononcontrollinginterest": 256000000,
        "incomelossfromdiscontinuedoperationsnetoftax": -1000000,
        "profitloss": 255000000,
        "incomelossfromcontinuingoperationsattributabletononcontrollingentity": 96000000,
        "netincomeloss": -187000000,
        "incomelossfromcontinuingoperationsperdilutedshare": 0.0900000000000001,
        "earningspersharediluted": 0.0900000000000001,
        "incomelossfromcontinuingoperationsperbasicshare": 0.08000000000000008,
        "earningspersharebasic": 0.0900000000000001,
        "weightedaveragenumberofdilutedsharesoutstanding": 1000000,
        "weightedaveragenumberofsharesoutstandingbasic": 0,
        "discontinuedoperationtaxeffectofdiscontinuedoperation": 0,
        "othercomprehensiveincomelosspensionandotherpostretirementbenefitplansadjustmentnetoftax": -1340000000,
        "othercomprehensiveincomelossforeigncurrencytransactionandtranslationadjustmentnetoftax": -42000000,
        "othercomprehensiveincomelossnetoftax": 1401000000,
        "comprehensiveincomenetoftaxincludingportionattributabletononcontrollinginterest": 1584000000,
        "netincomelossattributabletononcontrollinginterest": 96000000,
        "othercomprehensiveincomelossnetoftaxportionattributabletononcontrollinginterest": 4000000,
        "comprehensiveincomenetoftax": 1556000000
    },
    {
        "date": "2021-07-02",
        "symbol": "DIS",
        "period": "Q3",
        "revenues": -4000000,
        "costofgoodsandservicessold": 982000000,
        "sellinggeneralandadministrativeexpense": 3168000000,
        "depreciationdepletionandamortization": 1266000000,
        "costsandexpenses": -12838000000,
        "restructuringsettlementandimpairmentprovisions": 0,
        "interestincomeexpensenonoperatingnet": -445000000,
        "incomelossfromequitymethodinvestments": -231000000,
        "incomelossfromcontinuingoperationsbeforeincometaxesextraordinaryitemsnoncontrollinginterest": 995000000,
        "incometaxexpensebenefit": -45000000,
        "incomelossfromcontinuingoperationsincludingportionattributabletononcontrollinginterest": 1128000000,
        "incomelossfromdiscontinuedoperationsnetoftax": -5000000,
        "profitloss": 1123000000,
        "incomelossfromcontinuingoperationsattributabletononcontrollingentity": 205000000,
        "netincomeloss": -151000000,
        "incomelossfromcontinuingoperationsperdilutedshare": 0.5,
        "discontinuedoperationincomelossfromdiscontinuedoperationnetoftaxperdilutedshare": 0,
        "earningspersharediluted": 0.5,
        "incomelossfromcontinuingoperationsperbasicshare": 0.51,
        "discontinuedoperationincomelossfromdiscontinuedoperationnetoftaxperbasicshare": 0,
        "earningspersharebasic": 0.5,
        "weightedaveragenumberofdilutedsharesoutstanding": -1825000000,
        "weightedaveragenumberofsharesoutstandingbasic": -1813000000,
        "discontinuedoperationtaxeffectofdiscontinuedoperation": -2000000,
        "othercomprehensiveincomelossderivativesqualifyingashedgesnetoftax": 1000000,
        "othercomprehensiveincomelosspensionandotherpostretirementbenefitplansadjustmentnetoftax": -169000000,
        "othercomprehensiveincomelossforeigncurrencytransactionandtranslationadjustmentnetoftax": -65000000,
        "othercomprehensiveincomelossnetoftax": 105000000,
        "comprehensiveincomenetoftaxincludingportionattributabletononcontrollinginterest": 1146000000,
        "netincomelossattributabletononcontrollinginterest": 205000000,
        "othercomprehensiveincomelossnetoftaxportionattributabletononcontrollinginterest": 24000000,
        "comprehensiveincomenetoftax": 999000000
    },
    {
        "date": "2021-04-02",
        "symbol": "DIS",
        "period": "Q2",
        "revenues": -5000000,
        "costofgoodsandservicessold": 850000000,
        "sellinggeneralandadministrativeexpense": 3113000000,
        "depreciationdepletionandamortization": 1272000000,
        "costsandexpenses": 14167000000,
        "restructuringsettlementandimpairmentprovisions": 400000000,
        "nonoperatingincomeexpense": 305000000,
        "interestincomeexpensenonoperatingnet": -320000000,
        "incomelossfromequitymethodinvestments": 217000000,
        "incomelossfromcontinuingoperationsbeforeincometaxesextraordinaryitemsnoncontrollinginterest": 1230000000,
        "incometaxexpensebenefit": -45000000,
        "incomelossfromcontinuingoperationsincludingportionattributabletononcontrollinginterest": 1122000000,
        "incomelossfromdiscontinuedoperationsnetoftax": -11000000,
        "profitloss": 1111000000,
        "incomelossfromcontinuingoperationsattributabletononcontrollingentity": 210000000,
        "netincomeloss": -152000000,
        "incomelossfromcontinuingoperationsperdilutedshare": 0.5,
        "discontinuedoperationincomelossfromdiscontinuedoperationnetoftaxperdilutedshare": -0.01,
        "earningspersharediluted": 0.49,
        "incomelossfromcontinuingoperationsperbasicshare": 0.5,
        "discontinuedoperationincomelossfromdiscontinuedoperationnetoftaxperbasicshare": -0.01,
        "earningspersharebasic": 0.5,
        "weightedaveragenumberofdilutedsharesoutstanding": 1829000000,
        "weightedaveragenumberofsharesoutstandingbasic": 1817000000,
        "discontinuedoperationtaxeffectofdiscontinuedoperation": -3000000,
        "othercomprehensiveincomelossderivativesqualifyingashedgesnetoftax": 110000000,
        "othercomprehensiveincomelosspensionandotherpostretirementbenefitplansadjustmentnetoftax": -191000000,
        "othercomprehensiveincomelossforeigncurrencytransactionandtranslationadjustmentnetoftax": -93000000,
        "othercomprehensiveincomelossnetoftax": 208000000,
        "comprehensiveincomenetoftaxincludingportionattributabletononcontrollinginterest": 1239000000,
        "netincomelossattributabletononcontrollinginterest": 210000000,
        "othercomprehensiveincomelossnetoftaxportionattributabletononcontrollinginterest": -15000000,
        "comprehensiveincomenetoftax": 1124000000
    },
    {
        "date": "2021-01-01",
        "symbol": "DIS",
        "period": "Q1",
        "revenues": 43000000,
        "costofgoodsandservicessold": 1037000000,
        "sellinggeneralandadministrativeexpense": 2917000000,
        "depreciationdepletionandamortization": 1298000000,
        "costsandexpenses": 622000000,
        "restructuringsettlementandimpairmentprovisions": 100000000,
        "interestincomeexpensenonoperatingnet": -324000000,
        "incomelossfromequitymethodinvestments": -8000000,
        "incomelossfromcontinuingoperationsbeforeincometaxesextraordinaryitemsnoncontrollinginterest": 46000000,
        "incometaxexpensebenefit": -45000000,
        "incomelossfromcontinuingoperationsincludingportionattributabletononcontrollinginterest": 30000000,
        "incomelossfromdiscontinuedoperationsnetoftax": -12000000,
        "profitloss": 18000000,
        "incomelossfromcontinuingoperationsattributabletononcontrollingentity": 1000000,
        "netincomeloss": -115000000,
        "incomelossfromcontinuingoperationsperdilutedshare": 0.02,
        "discontinuedoperationincomelossfromdiscontinuedoperationnetoftaxperdilutedshare": -0.01,
        "earningspersharediluted": 0.01,
        "incomelossfromcontinuingoperationsperbasicshare": 0.02,
        "discontinuedoperationincomelossfromdiscontinuedoperationnetoftaxperbasicshare": -0.01,
        "earningspersharebasic": 0.01,
        "weightedaveragenumberofdilutedsharesoutstanding": 1823000000,
        "weightedaveragenumberofsharesoutstandingbasic": 1812000000,
        "discontinuedoperationtaxeffectofdiscontinuedoperation": -4000000,
        "othercomprehensiveincomelossderivativesqualifyingashedgesnetoftax": -173000000,
        "othercomprehensiveincomelosspensionandotherpostretirementbenefitplansadjustmentnetoftax": -150000000,
        "othercomprehensiveincomelossforeigncurrencytransactionandtranslationadjustmentnetoftax": 277000000,
        "othercomprehensiveincomelossnetoftax": 254000000,
        "comprehensiveincomenetoftaxincludingportionattributabletononcontrollinginterest": 192000000,
        "netincomelossattributabletononcontrollinginterest": 1000000,
        "othercomprehensiveincomelossnetoftaxportionattributabletononcontrollinginterest": 73000000,
        "comprehensiveincomenetoftax": 198000000
    },
    {
        "date": "2020-10-02",
        "symbol": "DIS",
        "period": "Q4",
        "revenues": 83000000,
        "costofgoodsandservicessold": 894000000,
        "sellinggeneralandadministrativeexpense": 2812000000,
        "depreciationdepletionandamortization": 1335000000,
        "costsandexpenses": 812000000,
        "restructuringsettlementandimpairmentprovisions": 500000000,
        "interestincomeexpensenonoperatingnet": -496000000,
        "incomelossfromequitymethodinvestments": -4000000,
        "incomelossfromcontinuingoperationsbeforeincometaxesextraordinaryitemsnoncontrollinginterest": -580000000,
        "incometaxexpensebenefit": -32000000,
        "incomelossfromcontinuingoperationsincludingportionattributabletononcontrollinginterest": -629000000,
        "incomelossfromdiscontinuedoperationsnetoftax": 0,
        "profitloss": 3032000000,
        "incomelossfromcontinuingoperationsattributabletononcontrollingentity": 81000000,
        "netincomeloss": -42000000,
        "incomelossfromcontinuingoperationsperdilutedshare": -0.40000000000000036,
        "earningspersharediluted": -0.39000000000000035,
        "incomelossfromcontinuingoperationsperbasicshare": -0.40000000000000013,
        "earningspersharebasic": -0.3900000000000001,
        "weightedaveragenumberofdilutedsharesoutstanding": 1000000,
        "weightedaveragenumberofsharesoutstandingbasic": 1000000,
        "discontinuedoperationtaxeffectofdiscontinuedoperation": -1000000,
        "othercomprehensiveincomelossderivativesqualifyingashedgesnetoftax": -145000000,
        "othercomprehensiveincomelosspensionandotherpostretirementbenefitplansadjustmentnetoftax": 1753000000,
        "othercomprehensiveincomelossforeigncurrencytransactionandtranslationadjustmentnetoftax": 260000000,
        "othercomprehensiveincomelossnetoftax": -1638000000,
        "comprehensiveincomenetoftaxincludingportionattributabletononcontrollinginterest": -2352000000,
        "netincomelossattributabletononcontrollinginterest": 81000000,
        "comprehensiveincomenetoftax": -2415000000
    },
    {
        "date": "2020-06-26",
        "symbol": "DIS",
        "period": "Q3",
        "revenues": -344000000,
        "costofgoodsandservicessold": 16984000000,
        "sellinggeneralandadministrativeexpense": 2592000000,
        "depreciationdepletionandamortization": 1379000000,
        "costsandexpenses": 11904000000,
        "restructuringsettlementandimpairmentprovisions": 5047000000,
        "interestincomeexpensenonoperatingnet": -829000000,
        "incomelossfromequitymethodinvestments": 186000000,
        "incomelossfromcontinuingoperationsbeforeincometaxesextraordinaryitemsnoncontrollinginterest": -5285000000,
        "incometaxexpensebenefit": -409000000,
        "incomelossfromcontinuingoperationsincludingportionattributabletononcontrollinginterest": 2534000000,
        "incomelossfromdiscontinuedoperationsnetoftax": -69000000,
        "profitloss": 2465000000,
        "incomelossfromcontinuingoperationsattributabletononcontrollingentity": 209000000,
        "netincomeloss": 2216000000,
        "incomelossfromcontinuingoperationsperdilutedshare": -2.5999999999999996,
        "discontinuedoperationincomelossfromdiscontinuedoperationnetoftaxperdilutedshare": 0,
        "earningspersharediluted": -2.5999999999999996,
        "incomelossfromcontinuingoperationsperbasicshare": -2.61,
        "discontinuedoperationincomelossfromdiscontinuedoperationnetoftaxperbasicshare": 0,
        "earningspersharebasic": -2.61,
        "weightedaveragenumberofdilutedsharesoutstanding": -1826000000,
        "weightedaveragenumberofsharesoutstandingbasic": -1806000000,
        "discontinuedoperationtaxeffectofdiscontinuedoperation": -2000000,
        "othercomprehensiveincomelossderivativesqualifyingashedgesnetoftax": -128000000,
        "othercomprehensiveincomelosspensionandotherpostretirementbenefitplansadjustmentnetoftax": -97000000,
        "othercomprehensiveincomelossforeigncurrencytransactionandtranslationadjustmentnetoftax": 51000000,
        "othercomprehensiveincomelossnetoftax": 20000000,
        "comprehensiveincomenetoftaxincludingportionattributabletononcontrollinginterest": -4426000000,
        "netincomelossattributabletononcontrollinginterest": 209000000,
        "othercomprehensiveincomelossnetoftaxportionattributabletononcontrollinginterest": 0,
        "comprehensiveincomenetoftax": 2595000000
    },
    {
        "date": "2020-03-27",
        "symbol": "DIS",
        "period": "Q2",
        "revenues": -117000000,
        "costofgoodsandservicessold": 10664000000,
        "sellinggeneralandadministrativeexpense": 3388000000,
        "depreciationdepletionandamortization": 1333000000,
        "costsandexpenses": 16639000000,
        "restructuringsettlementandimpairmentprovisions": 145000000,
        "interestincomeexpensenonoperatingnet": -300000000,
        "incomelossfromequitymethodinvestments": 135000000,
        "incomelossfromcontinuingoperationsbeforeincometaxesextraordinaryitemsnoncontrollinginterest": 1060000000,
        "incometaxexpensebenefit": 525000000,
        "incomelossfromcontinuingoperationsincludingportionattributabletononcontrollinginterest": 535000000,
        "incomelossfromdiscontinuedoperationsnetoftax": -15000000,
        "profitloss": 520000000,
        "incomelossfromcontinuingoperationsattributabletononcontrollingentity": 60000000,
        "netincomeloss": 460000000,
        "incomelossfromcontinuingoperationsperdilutedshare": 0.26,
        "discontinuedoperationincomelossfromdiscontinuedoperationnetoftaxperdilutedshare": -0.01,
        "earningspersharediluted": 0.25,
        "incomelossfromcontinuingoperationsperbasicshare": 0.26,
        "discontinuedoperationincomelossfromdiscontinuedoperationnetoftaxperbasicshare": -0.01,
        "earningspersharebasic": 0.25,
        "weightedaveragenumberofdilutedsharesoutstanding": 1816000000,
        "weightedaveragenumberofsharesoutstandingbasic": 1808000000,
        "discontinuedoperationtaxeffectofdiscontinuedoperation": 5000000,
        "othercomprehensiveincomelossderivativesqualifyingashedgesnetoftax": 129000000,
        "othercomprehensiveincomelosspensionandotherpostretirementbenefitplansadjustmentnetoftax": -73000000,
        "othercomprehensiveincomelossforeigncurrencytransactionandtranslationadjustmentnetoftax": -323000000,
        "othercomprehensiveincomelossnetoftax": -121000000,
        "comprehensiveincomenetoftaxincludingportionattributabletononcontrollinginterest": 399000000,
        "netincomelossattributabletononcontrollinginterest": 60000000,
        "othercomprehensiveincomelossnetoftaxportionattributabletononcontrollinginterest": -17000000,
        "comprehensiveincomenetoftax": 356000000
    },
    {
        "date": "2019-12-27",
        "symbol": "DIS",
        "period": "Q1",
        "revenues": 78000000,
        "costofgoodsandservicessold": 1639000000,
        "sellinggeneralandadministrativeexpense": 3577000000,
        "depreciationdepletionandamortization": 1298000000,
        "costsandexpenses": 17891000000,
        "restructuringsettlementandimpairmentprovisions": 150000000,
        "interestincomeexpensenonoperatingnet": 134000000,
        "incomelossfromequitymethodinvestments": 224000000,
        "incomelossfromcontinuingoperationsbeforeincometaxesextraordinaryitemsnoncontrollinginterest": 3062000000,
        "incometaxexpensebenefit": 534000000,
        "incomelossfromcontinuingoperationsincludingportionattributabletononcontrollinginterest": -4882000000,
        "incomelossfromdiscontinuedoperationsnetoftax": 52000000,
        "profitloss": -4830000000,
        "incomelossfromcontinuingoperationsattributabletononcontrollingentity": 40000000,
        "netincomeloss": -4830000000,
        "incomelossfromcontinuingoperationsperdilutedshare": 1.17,
        "discontinuedoperationincomelossfromdiscontinuedoperationnetoftaxperdilutedshare": -0.01,
        "earningspersharediluted": 1.16,
        "incomelossfromcontinuingoperationsperbasicshare": 1.18,
        "discontinuedoperationincomelossfromdiscontinuedoperationnetoftaxperbasicshare": -0.01,
        "earningspersharebasic": 1.17,
        "weightedaveragenumberofdilutedsharesoutstanding": 1817000000,
        "weightedaveragenumberofsharesoutstandingbasic": 1805000000,
        "discontinuedoperationtaxeffectofdiscontinuedoperation": 8000000,
        "othercomprehensiveincomelossderivativesqualifyingashedgesnetoftax": -107000000,
        "othercomprehensiveincomelosspensionandotherpostretirementbenefitplansadjustmentnetoftax": -107000000,
        "othercomprehensiveincomelossforeigncurrencytransactionandtranslationadjustmentnetoftax": 127000000,
        "othercomprehensiveincomelossnetoftax": 127000000,
        "comprehensiveincomenetoftaxincludingportionattributabletononcontrollinginterest": 2208000000,
        "netincomelossattributabletononcontrollinginterest": 40000000,
        "othercomprehensiveincomelossnetoftaxportionattributabletononcontrollinginterest": 43000000,
        "comprehensiveincomenetoftax": -5105000000
    },
    {
        "date": "2019-06-28",
        "symbol": "DIS",
        "period": "Q3",
        "profitloss": 1982000000,
        "othercomprehensiveincomelossavailableforsalesecuritiesadjustmentnetoftax": 3000000,
        "othercomprehensiveincomelossderivativesqualifyingashedgesnetoftax": -15000000,
        "othercomprehensiveincomelosspensionandotherpostretirementbenefitplansadjustmentnetoftax": -24000000,
        "othercomprehensiveincomelossforeigncurrencytransactionandtranslationadjustmentnetoftax": 20000000,
        "othercomprehensiveincomelossnetoftax": 32000000,
        "comprehensiveincomenetoftaxincludingportionattributabletononcontrollinginterest": 2014000000,
        "netincomelossattributabletononcontrollinginterest": 222000000,
        "othercomprehensiveincomelossnetoftaxportionattributabletononcontrollinginterest": -33000000,
        "comprehensiveincomenetoftax": 1825000000,
        "revenues": -126000000,
        "costofgoodsandservicessold": 11445000000,
        "sellinggeneralandadministrativeexpense": 3362000000,
        "depreciationdepletionandamortization": 1304000000,
        "costsandexpenses": 17485000000,
        "restructuringsettlementandimpairmentprovisions": 207000000,
        "otherincome": -123000000,
        "interestincomeexpensenonoperatingnet": -411000000,
        "incomelossfromequitymethodinvestments": -1000000,
        "incomelossfromcontinuingoperationsbeforeincometaxesextraordinaryitemsnoncontrollinginterest": 2018000000,
        "incometaxexpensebenefit": 395000000,
        "incomelossfromcontinuingoperationsincludingportionattributabletononcontrollinginterest": 1623000000,
        "incomelossfromdiscontinuedoperationsnetoftax": 359000000,
        "incomelossfromcontinuingoperationsattributabletononcontrollingentity": 186000000,
        "incomelossfromdiscontinuedoperationsnetoftaxattributabletononcontrollinginterest": 36000000,
        "netincomeloss": 1760000000,
        "incomelossfromcontinuingoperationsperdilutedshare": 0.79,
        "discontinuedoperationincomelossfromdiscontinuedoperationnetoftaxperdilutedshare": 0.18,
        "earningspersharediluted": 0.97,
        "incomelossfromcontinuingoperationsperbasicshare": 0.8,
        "discontinuedoperationincomelossfromdiscontinuedoperationnetoftaxperbasicshare": 0.18,
        "earningspersharebasic": 0.98,
        "weightedaveragenumberofdilutedsharesoutstanding": 1814000000,
        "weightedaveragenumberofsharesoutstandingbasic": 1802000000,
        "discontinuedoperationtaxeffectofdiscontinuedoperation": 100000000
    },
    {
        "date": "2019-03-29",
        "symbol": "DIS",
        "period": "Q2",
        "profitloss": 5611000000,
        "othercomprehensiveincomelossavailableforsalesecuritiesadjustmentnetoftax": -4000000,
        "othercomprehensiveincomelossderivativesqualifyingashedgesnetoftax": -80000000,
        "othercomprehensiveincomelosspensionandotherpostretirementbenefitplansadjustmentnetoftax": -68000000,
        "othercomprehensiveincomelossforeigncurrencytransactionandtranslationadjustmentnetoftax": 46000000,
        "othercomprehensiveincomelossnetoftax": 30000000,
        "comprehensiveincomenetoftaxincludingportionattributabletononcontrollinginterest": 5641000000,
        "netincomelossattributabletononcontrollinginterest": 159000000,
        "othercomprehensiveincomelossnetoftaxportionattributabletononcontrollinginterest": 34000000,
        "comprehensiveincomenetoftax": 5448000000,
        "revenues": -126000000,
        "costofgoodsandservicessold": 7167000000,
        "sellinggeneralandadministrativeexpense": 2327000000,
        "depreciationdepletionandamortization": 828000000,
        "costsandexpenses": 11531000000,
        "restructuringsettlementandimpairmentprovisions": 662000000,
        "otherincome": 4963000000,
        "interestincomeexpensenonoperatingnet": -143000000,
        "incomelossfromequitymethodinvestments": -312000000,
        "incomelossfromcontinuingoperationsbeforeincometaxesextraordinaryitemsnoncontrollinginterest": 7237000000,
        "incometaxexpensebenefit": 1647000000,
        "incomelossfromcontinuingoperationsincludingportionattributabletononcontrollinginterest": 5590000000,
        "incomelossfromdiscontinuedoperationsnetoftax": 21000000,
        "netincomeloss": 5452000000,
        "incomelossfromcontinuingoperationsperdilutedshare": 3.53,
        "discontinuedoperationincomelossfromdiscontinuedoperationnetoftaxperdilutedshare": 0.01,
        "earningspersharediluted": 3.55,
        "incomelossfromcontinuingoperationsperbasicshare": 3.55,
        "discontinuedoperationincomelossfromdiscontinuedoperationnetoftaxperbasicshare": 0.01,
        "earningspersharebasic": 3.56,
        "weightedaveragenumberofdilutedsharesoutstanding": 1537000000,
        "weightedaveragenumberofsharesoutstandingbasic": 1530000000,
        "discontinuedoperationtaxeffectofdiscontinuedoperation": 5000000
    }
]