[
    {
        "date": "2024-09-29",
        "symbol": "CMCSA",
        "period": "Q3",
        "revenuefromcontractwithcustomerexcludingassessedtax": 32070000000,
        "programmingandproductioncosts": 10216000000,
        "marketingandadvertisingexpense": 1989000000,
        "otheroperatingandadministrative": 10128000000,
        "depreciation": 2219000000,
        "amortizationofintangibleassets": 1659000000,
        "costsandexpenses": 26211000000,
        "operatingincomeloss": 5859000000,
        "interestexpensenonoperating": 1037000000,
        "nonoperatingincomeexpense": -3000000,
        "incomelossfromcontinuingoperationsbeforeincometaxesextraordinaryitemsnoncontrollinginterest": 4819000000,
        "incometaxexpensebenefit": 1243000000,
        "profitloss": 3576000000,
        "netincomelossattributabletononcontrollinginterest": -44000000,
        "netincomeloss": 3629000000,
        "earningspersharebasic": 0.94,
        "earningspersharediluted": 0.94,
        "othercomprehensiveincomelossforeigncurrencytransactionandtranslationadjustmentnetoftax": 1889000000,
        "othercomprehensiveincomelosscashflowhedgegainlossbeforereclassificationaftertax": -19000000,
        "othercomprehensiveincomelosscashflowhedgegainlossreclassificationaftertax": 35000000,
        "othercomprehensiveincomelosspensionandotherpostretirementbenefitplansadjustmentnetoftax": 6000000,
        "othercomprehensiveincomelossnetoftax": 15000000,
        "comprehensiveincomenetoftaxincludingportionattributabletononcontrollinginterest": 5405000000,
        "othercomprehensiveincomelossnetoftaxportionattributabletononcontrollinginterest": 15000000,
        "comprehensiveincomenetoftax": 5443000000,
        "othercomprehensiveincomelossforeigncurrencytranslationadjustmenttax": -31000000,
        "othercomprehensiveincomelosscashflowhedgegainlossbeforereclassificationtax": 3000000,
        "othercomprehensiveincomelosscashflowhedgegainlossreclassificationtax": 11000000,
        "othercomprehensiveincomelosspensionandotherpostretirementbenefitplanstax": -2000000
    },
    {
        "date": "2022-09-29",
        "symbol": "CMCSA",
        "period": "Q3",
        "revenues": 29849000000,
        "programmingandproductioncosts": 8949000000,
        "otheroperatingandadministrative": 9344000000,
        "marketingandadvertisingexpense": 2066000000,
        "depreciation": 2150000000,
        "amortizationofintangibleassets": 1183000000,
        "goodwillandintangibleassetimpairment": 8583000000,
        "costsandexpenses": 32274000000,
        "operatingincomeloss": -2425000000,
        "interestexpense": 960000000,
        "nonoperatingincomeexpense": -266000000,
        "incomelossfromcontinuingoperationsbeforeincometaxesextraordinaryitemsnoncontrollinginterest": -3652000000,
        "incometaxexpensebenefit": 1014000000,
        "profitloss": -4665000000,
        "netincomelossattributabletononcontrollinginterest": -68000000,
        "netincomeloss": -4598000000,
        "earningspersharebasic": -1.05,
        "earningspersharediluted": -1.05,
        "othercomprehensiveincomelossforeigncurrencytransactionandtranslationadjustmentnetoftax": -2464000000,
        "othercomprehensiveincomelosscashflowhedgegainlossbeforereclassificationaftertax": 108000000,
        "othercomprehensiveincomelosscashflowhedgegainlossreclassificationaftertax": 56000000,
        "othercomprehensiveincomelosspensionandotherpostretirementbenefitplansadjustmentnetoftax": 29000000,
        "comprehensiveincomenetoftaxincludingportionattributabletononcontrollinginterest": -7106000000,
        "othercomprehensiveincomelossnetoftaxportionattributabletononcontrollinginterest": -56000000,
        "comprehensiveincomenetoftax": -6983000000,
        "othercomprehensiveincomelossforeigncurrencytranslationadjustmenttax": 15000000,
        "othercomprehensiveincomelosscashflowhedgegainlossbeforereclassificationtax": 4000000,
        "othercomprehensiveincomelosscashflowhedgegainlossreclassificationtax": -10000000,
        "othercomprehensiveincomelosspensionandotherpostretirementbenefitplanstax": 9000000
    },
    {
        "date": "2022-06-29",
        "symbol": "CMCSA",
        "period": "Q2",
        "revenues": 30016000000,
        "programmingandproductioncosts": 8887000000,
        "otheroperatingandadministrative": 9098000000,
        "marketingandadvertisingexpense": 2196000000,
        "depreciation": 2162000000,
        "amortizationofintangibleassets": 1306000000,
        "costsandexpenses": 23649000000,
        "operatingincomeloss": 6367000000,
        "interestexpense": 968000000,
        "nonoperatingincomeexpense": -897000000,
        "incomelossfromcontinuingoperationsbeforeincometaxesextraordinaryitemsnoncontrollinginterest": 4502000000,
        "incometaxexpensebenefit": 1261000000,
        "profitloss": 3241000000,
        "netincomelossattributabletononcontrollinginterest": -155000000,
        "netincomeloss": 3396000000,
        "earningspersharebasic": 0.76,
        "earningspersharediluted": 0.76,
        "othercomprehensiveincomelossforeigncurrencytransactionandtranslationadjustmentnetoftax": -2957000000,
        "othercomprehensiveincomelosscashflowhedgegainlossbeforereclassificationaftertax": 129000000,
        "othercomprehensiveincomelosscashflowhedgegainlossreclassificationaftertax": 45000000,
        "othercomprehensiveincomelosspensionandotherpostretirementbenefitplansadjustmentnetoftax": 12000000,
        "comprehensiveincomenetoftaxincludingportionattributabletononcontrollinginterest": 356000000,
        "othercomprehensiveincomelossnetoftaxportionattributabletononcontrollinginterest": -41000000,
        "comprehensiveincomenetoftax": 552000000,
        "othercomprehensiveincomelossforeigncurrencytranslationadjustmenttax": 42000000,
        "othercomprehensiveincomelosscashflowhedgegainlossbeforereclassificationtax": -1000000,
        "othercomprehensiveincomelosscashflowhedgegainlossreclassificationtax": -11000000,
        "othercomprehensiveincomelosspensionandotherpostretirementbenefitplanstax": 2000000
    },
    {
        "date": "2021-09-29",
        "symbol": "CMCSA",
        "period": "Q3",
        "revenues": 30298000000,
        "programmingandproductioncosts": 10395000000,
        "otheroperatingandadministrative": 8981000000,
        "marketingandadvertisingexpense": 1995000000,
        "depreciation": 2177000000,
        "amortizationofintangibleassets": 1301000000,
        "costsandexpenses": 24848000000,
        "operatingincomeloss": 5450000000,
        "interestexpense": 1050000000,
        "nonoperatingincomeexpense": 766000000,
        "incomelossfromcontinuingoperationsbeforeincometaxesextraordinaryitemsnoncontrollinginterest": 5166000000,
        "incometaxexpensebenefit": 1235000000,
        "profitloss": 3931000000,
        "netincomelossattributabletononcontrollinginterestsandredeemablesubsidiarypreferredstock": -104000000,
        "netincomeloss": 4035000000,
        "earningspersharebasic": 0.88,
        "earningspersharediluted": 0.86,
        "othercomprehensiveincomelossforeigncurrencytransactionandtranslationadjustmentnetoftax": -692000000,
        "othercomprehensiveincomelosscashflowhedgegainlossbeforereclassificationaftertax": 46000000,
        "othercomprehensiveincomelosscashflowhedgegainlossreclassificationaftertax": 9000000,
        "othercomprehensiveincomelossdefinedbenefitplanandotherafterreclassificationadjustmentaftertax": 8000000,
        "comprehensiveincomenetoftaxincludingportionattributabletononcontrollinginterest": 3268000000,
        "othercomprehensiveincomelossnetoftaxportionattributabletononcontrollinginterest": 2000000,
        "comprehensiveincomenetoftax": 3370000000,
        "othercomprehensiveincomelossforeigncurrencytranslationadjustmenttax": -231000000,
        "othercomprehensiveincomelosscashflowhedgegainlossbeforereclassificationtax": -1000000,
        "othercomprehensiveincomelosscashflowhedgegainlossreclassificationtax": -7000000,
        "othercomprehensiveincomelossdefinedbenefitplanandotherafterreclassificationadjustmenttax": 2000000
    },
    {
        "date": "2021-06-29",
        "symbol": "CMCSA",
        "period": "Q2",
        "revenues": 28546000000,
        "programmingandproductioncosts": 9256000000,
        "otheroperatingandadministrative": 8549000000,
        "marketingandadvertisingexpense": 1851000000,
        "depreciation": 2113000000,
        "amortizationofintangibleassets": 1270000000,
        "costsandexpenses": 23039000000,
        "operatingincomeloss": 5507000000,
        "interestexpense": 1093000000,
        "nonoperatingincomeexpense": 1216000000,
        "incomelossfromcontinuingoperationsbeforeincometaxesextraordinaryitemsnoncontrollinginterest": 5630000000,
        "incometaxexpensebenefit": 2000000000,
        "profitloss": 3630000000,
        "netincomelossattributabletononcontrollinginterestsandredeemablesubsidiarypreferredstock": -108000000,
        "netincomeloss": 3738000000,
        "earningspersharebasic": 0.81,
        "earningspersharediluted": 0.8,
        "othercomprehensiveincomelossforeigncurrencytransactionandtranslationadjustmentnetoftax": 61000000,
        "othercomprehensiveincomelosscashflowhedgegainlossbeforereclassificationaftertax": -14000000,
        "othercomprehensiveincomelosscashflowhedgegainlossreclassificationaftertax": -4000000,
        "othercomprehensiveincomelossdefinedbenefitplanandotherafterreclassificationadjustmentaftertax": 7000000,
        "comprehensiveincomenetoftaxincludingportionattributabletononcontrollinginterest": 3674000000,
        "othercomprehensiveincomelossnetoftaxportionattributabletononcontrollinginterest": 24000000,
        "comprehensiveincomenetoftax": 3758000000,
        "othercomprehensiveincomelossforeigncurrencytranslationadjustmenttax": 17000000,
        "othercomprehensiveincomelosscashflowhedgegainlossbeforereclassificationtax": -2000000,
        "othercomprehensiveincomelossdefinedbenefitplanandotherafterreclassificationadjustmenttax": 3000000
    },
    {
        "date": "2021-03-30",
        "symbol": "CMCSA",
        "period": "Q1",
        "revenues": 27205000000,
        "programmingandproductioncosts": 8919000000,
        "otheroperatingandadministrative": 8269000000,
        "marketingandadvertisingexpense": 1616000000,
        "depreciation": 2117000000,
        "amortizationofintangibleassets": 1245000000,
        "costsandexpenses": 22166000000,
        "operatingincomeloss": 5039000000,
        "interestexpense": 1018000000,
        "nonoperatingincomeexpense": 390000000,
        "incomelossfromcontinuingoperationsbeforeincometaxesextraordinaryitemsnoncontrollinginterest": 4411000000,
        "incometaxexpensebenefit": 1119000000,
        "profitloss": 3292000000,
        "netincomelossattributabletononcontrollinginterestsandredeemablesubsidiarypreferredstock": -37000000,
        "netincomeloss": 3329000000,
        "earningspersharebasic": 0.73,
        "earningspersharediluted": 0.71,
        "othercomprehensiveincomelossforeigncurrencytransactionandtranslationadjustmentnetoftax": -35000000,
        "othercomprehensiveincomelosscashflowhedgegainlossbeforereclassificationaftertax": 119000000,
        "othercomprehensiveincomelossdefinedbenefitplanandotherafterreclassificationadjustmentaftertax": 10000000,
        "comprehensiveincomenetoftaxincludingportionattributabletononcontrollinginterest": 3366000000,
        "othercomprehensiveincomelossnetoftaxportionattributabletononcontrollinginterest": -14000000,
        "comprehensiveincomenetoftax": 3417000000,
        "othercomprehensiveincomelossforeigncurrencytranslationadjustmenttax": 92000000,
        "othercomprehensiveincomelosscashflowhedgegainlossbeforereclassificationtax": 19000000,
        "othercomprehensiveincomelossdefinedbenefitplanandotherafterreclassificationadjustmenttax": 2000000
    },
    {
        "date": "2020-09-29",
        "symbol": "CMCSA",
        "period": "Q3",
        "revenues": 25532000000,
        "programmingandproductioncosts": 8565000000,
        "otheroperatingandadministrative": 8059000000,
        "marketingandadvertisingexpense": 1512000000,
        "depreciation": 2122000000,
        "amortizationofintangibleassets": 1198000000,
        "costsandexpenses": 21456000000,
        "operatingincomeloss": 4076000000,
        "interestexpense": 1220000000,
        "nonoperatingincomeexpense": -86000000,
        "incomelossfromcontinuingoperationsbeforeincometaxesextraordinaryitemsnoncontrollinginterest": 2770000000,
        "incometaxexpensebenefit": 739000000,
        "profitloss": 2031000000,
        "netincomelossattributabletononcontrollinginterestsandredeemablesubsidiarypreferredstock": 12000000,
        "netincomeloss": 2019000000,
        "earningspersharebasic": 0.45000000000000007,
        "earningspersharediluted": 0.44,
        "othercomprehensiveincomeunrealizedholdinggainlossonsecuritiesarisingduringperiodnetoftax": 1000000,
        "othercomprehensiveincomelosscashflowhedgegainlossbeforereclassificationaftertax": -99000000,
        "othercomprehensiveincomelosscashflowhedgegainlossreclassificationaftertax": 8000000,
        "othercomprehensiveincomelosspensionandotherpostretirementbenefitplansadjustmentnetoftax": 8000000,
        "othercomprehensiveincomelossforeigncurrencytransactionandtranslationadjustmentnetoftax": 1642000000,
        "comprehensiveincomenetoftaxincludingportionattributabletononcontrollinginterest": 3559000000,
        "othercomprehensiveincomelossnetoftaxportionattributabletononcontrollinginterest": 37000000,
        "comprehensiveincomenetoftax": 3510000000,
        "othercomprehensiveincomelosscashflowhedgegainlossbeforereclassificationtax": -6000000,
        "othercomprehensiveincomelosscashflowhedgegainlossreclassificationtax": 8000000,
        "othercomprehensiveincomelosspensionandotherpostretirementbenefitplanstax": 2000000,
        "othercomprehensiveincomelossforeigncurrencytranslationadjustmenttax": 26000000
    },
    {
        "date": "2020-06-29",
        "symbol": "CMCSA",
        "period": "Q2",
        "profitloss": 3009000000,
        "othercomprehensiveincomeunrealizedholdinggainlossonsecuritiesarisingduringperiodnetoftax": -3000000,
        "othercomprehensiveincomelosscashflowhedgegainlossbeforereclassificationaftertax": -27000000,
        "othercomprehensiveincomelosscashflowhedgegainlossreclassificationaftertax": 21000000,
        "othercomprehensiveincomelosspensionandotherpostretirementbenefitplansadjustmentnetoftax": 8000000,
        "othercomprehensiveincomelossforeigncurrencytransactionandtranslationadjustmentnetoftax": -74000000,
        "comprehensiveincomenetoftaxincludingportionattributabletononcontrollinginterest": 2876000000,
        "netincomelossattributabletononcontrollinginterestsandredeemablesubsidiarypreferredstock": 21000000,
        "othercomprehensiveincomelossnetoftaxportionattributabletononcontrollinginterest": 2000000,
        "comprehensiveincomenetoftax": 2853000000,
        "othercomprehensiveincomeunrealizedholdinggainlossonsecuritiesarisingduringperiodtax": -1000000,
        "othercomprehensiveincomelosscashflowhedgegainlossbeforereclassificationtax": -7000000,
        "othercomprehensiveincomelosscashflowhedgegainlossreclassificationtax": 4000000,
        "othercomprehensiveincomelosspensionandotherpostretirementbenefitplanstax": 2000000,
        "othercomprehensiveincomelossforeigncurrencytranslationadjustmenttax": -9000000,
        "revenues": 23715000000,
        "programmingandproductioncosts": 6817000000,
        "otheroperatingandadministrative": 7646000000,
        "marketingandadvertisingexpense": 1341000000,
        "depreciation": 2099000000,
        "amortizationofintangibleassets": 1165000000,
        "costsandexpenses": 19068000000,
        "operatingincomeloss": 4647000000,
        "interestexpense": 1112000000,
        "nonoperatingincomeexpense": 420000000,
        "incomelossfromcontinuingoperationsbeforeincometaxesextraordinaryitemsnoncontrollinginterest": 3955000000,
        "incometaxexpensebenefit": 946000000,
        "netincomeloss": 2988000000,
        "earningspersharebasic": 0.65,
        "earningspersharediluted": 0.65
    },
    {
        "date": "2020-03-30",
        "symbol": "CMCSA",
        "period": "Q1",
        "profitloss": 2224000000,
        "othercomprehensiveincomeunrealizedholdinggainlossonsecuritiesarisingduringperiodnetoftax": 1000000,
        "othercomprehensiveincomelosscashflowhedgegainlossbeforereclassificationaftertax": 54000000,
        "othercomprehensiveincomelosscashflowhedgegainlossreclassificationaftertax": 106000000,
        "othercomprehensiveincomelosspensionandotherpostretirementbenefitplansadjustmentnetoftax": 8000000,
        "othercomprehensiveincomelossforeigncurrencytransactionandtranslationadjustmentnetoftax": -2157000000,
        "comprehensiveincomenetoftaxincludingportionattributabletononcontrollinginterest": 8000000,
        "netincomelossattributabletononcontrollinginterestsandredeemablesubsidiarypreferredstock": 77000000,
        "othercomprehensiveincomelossnetoftaxportionattributabletononcontrollinginterest": -25000000,
        "comprehensiveincomenetoftax": -44000000,
        "othercomprehensiveincomelosscashflowhedgegainlossbeforereclassificationtax": -10000000,
        "othercomprehensiveincomelosscashflowhedgegainlossreclassificationtax": 17000000,
        "othercomprehensiveincomelosspensionandotherpostretirementbenefitplanstax": 3000000,
        "othercomprehensiveincomelossforeigncurrencytranslationadjustmenttax": 7000000,
        "revenues": 26609000000,
        "programmingandproductioncosts": 8301000000,
        "otheroperatingandadministrative": 8254000000,
        "marketingandadvertisingexpense": 1938000000,
        "depreciation": 2107000000,
        "amortizationofintangibleassets": 1157000000,
        "costsandexpenses": 21757000000,
        "operatingincomeloss": 4852000000,
        "interestexpense": 1212000000,
        "nonoperatingincomeexpense": -716000000,
        "incomelossfromcontinuingoperationsbeforeincometaxesextraordinaryitemsnoncontrollinginterest": 2924000000,
        "incometaxexpensebenefit": 700000000,
        "netincomeloss": 2147000000,
        "earningspersharebasic": 0.47,
        "earningspersharediluted": 0.46
    },
    {
        "date": "2019-09-29",
        "symbol": "CMCSA",
        "period": "Q3",
        "profitloss": 3288000000,
        "othercomprehensiveincomeunrealizedholdinggainlossonsecuritiesarisingduringperiodnetoftax": 2000000,
        "othercomprehensiveincomelosscashflowhedgegainlossbeforereclassificationaftertax": 82000000,
        "othercomprehensiveincomelosscashflowhedgegainlossreclassificationaftertax": 52000000,
        "othercomprehensiveincomelosspensionandotherpostretirementbenefitplansadjustmentnetoftax": 8000000,
        "othercomprehensiveincomelossforeigncurrencytransactionandtranslationadjustmentnetoftax": -1144000000,
        "comprehensiveincomenetoftaxincludingportionattributabletononcontrollinginterest": 2168000000,
        "netincomelossattributabletononcontrollinginterestsandredeemablesubsidiarypreferredstock": 71000000,
        "netincomelossattributabletononcontrollinginterest": 54000000,
        "othercomprehensiveincomelossnetoftaxportionattributabletononcontrollinginterest": -23000000,
        "comprehensiveincomenetoftax": 2120000000,
        "othercomprehensiveincomelosscashflowhedgegainlossbeforereclassificationtax": 35000000,
        "othercomprehensiveincomelosscashflowhedgegainlossreclassificationtax": 11000000,
        "othercomprehensiveincomelosspensionandotherpostretirementbenefitplanstax": 3000000,
        "othercomprehensiveincomelossforeigncurrencytranslationadjustmenttax": 80000000,
        "revenues": 26827000000,
        "programmingandproductioncosts": 8316000000,
        "otheroperatingandadministrative": 8090000000,
        "marketingandadvertisingexpense": 1901000000,
        "depreciation": 2124000000,
        "amortizationofintangibleassets": 1056000000,
        "costsandexpenses": 21487000000,
        "operatingincomeloss": 5340000000,
        "interestexpense": 1167000000,
        "nonoperatingincomeexpense": -110000000,
        "incomelossfromcontinuingoperationsbeforeincometaxesextraordinaryitemsnoncontrollinginterest": 4063000000,
        "incometaxexpensebenefit": 775000000,
        "netincomeloss": 3217000000,
        "earningspersharebasic": 0.71,
        "earningspersharediluted": 0.7
    },
    {
        "date": "2019-06-29",
        "symbol": "CMCSA",
        "period": "Q2",
        "profitloss": 3203000000,
        "othercomprehensiveincomeunrealizedholdinggainlossonsecuritiesarisingduringperiodnetoftax": 1000000,
        "othercomprehensiveincomelosscashflowhedgegainlossbeforereclassificationaftertax": 123000000,
        "othercomprehensiveincomelosscashflowhedgegainlossreclassificationaftertax": 45000000,
        "othercomprehensiveincomelosspensionandotherpostretirementbenefitplansadjustmentnetoftax": 9000000,
        "othercomprehensiveincomelossforeigncurrencytransactionandtranslationadjustmentnetoftax": -566000000,
        "comprehensiveincomenetoftaxincludingportionattributabletononcontrollinginterest": 2707000000,
        "netincomelossattributabletononcontrollinginterestsandredeemablesubsidiarypreferredstock": 78000000,
        "netincomelossattributabletononcontrollinginterest": 58000000,
        "othercomprehensiveincomelossnetoftaxportionattributabletononcontrollinginterest": -12000000,
        "comprehensiveincomenetoftax": 2641000000,
        "othercomprehensiveincomelosscashflowhedgegainlossbeforereclassificationtax": -2000000,
        "othercomprehensiveincomelosscashflowhedgegainlossreclassificationtax": 7000000,
        "othercomprehensiveincomelosspensionandotherpostretirementbenefitplanstax": 2000000,
        "othercomprehensiveincomelossforeigncurrencytranslationadjustmenttax": 6000000,
        "revenues": 26858000000,
        "programmingandproductioncosts": 8255000000,
        "otheroperatingandadministrative": 8086000000,
        "marketingandadvertisingexpense": 1885000000,
        "depreciation": 2197000000,
        "amortizationofintangibleassets": 1079000000,
        "costsandexpenses": 21502000000,
        "operatingincomeloss": 5356000000,
        "interestexpense": 1137000000,
        "nonoperatingincomeexpense": -55000000,
        "incomelossfromcontinuingoperationsbeforeincometaxesextraordinaryitemsnoncontrollinginterest": 4164000000,
        "incometaxexpensebenefit": 961000000,
        "netincomeloss": 3125000000,
        "earningspersharebasic": 0.69,
        "earningspersharediluted": 0.68
    },
    {
        "date": "2018-09-29",
        "symbol": "CMCSA",
        "period": "Q3",
        "profitloss": -12438000000,
        "othercomprehensiveincomeunrealizedholdinggainlossonsecuritiesarisingduringperiodnetoftax": 2000000,
        "othercomprehensiveincomeunrealizedgainlossonderivativesarisingduringperiodnetoftax": -2000000,
        "othercomprehensiveincomelossreclassificationadjustmentfromaocionderivativesnetoftax": -17000000,
        "othercomprehensiveincomelosspensionandotherpostretirementbenefitplansadjustmentnetoftax": 4000000,
        "othercomprehensiveincomelossforeigncurrencytransactionandtranslationadjustmentnetoftax": -133000000,
        "comprehensiveincomenetoftaxincludingportionattributabletononcontrollinginterest": 1103000000,
        "netincomelossattributabletononcontrollinginterestsandredeemablesubsidiarypreferredstock": 10000000,
        "netincomelossattributabletononcontrollinginterest": 11000000,
        "othercomprehensiveincomelossnetoftaxportionattributabletononcontrollinginterest": -20000000,
        "comprehensiveincomenetoftax": -12098000000,
        "othercomprehensiveincomeunrealizedholdinggainlossonsecuritiesarisingduringperiodtax": 1000000,
        "othercomprehensiveincomeunrealizedgainlossonderivativesarisingduringperiodtax": -5000000,
        "othercomprehensiveincomelossreclassificationadjustmentfromaocionderivativestax": -5000000,
        "othercomprehensiveincomelosspensionandotherpostretirementbenefitplanstax": 2000000,
        "othercomprehensiveincomelossforeigncurrencytranslationadjustmenttax": -25000000,
        "revenues": 1528000000,
        "programmingandproductioncosts": 6711000000,
        "otheroperatingandadministrative": -593000000,
        "marketingandadvertisingexpense": 1667000000,
        "depreciation": 12000000,
        "amortizationofintangibleassets": 1000000,
        "gainlossondispositionofassets1": 141000000,
        "costsandexpenses": -593000000,
        "operatingincomeloss": 78000000,
        "interestexpense": 600000000,
        "nonoperatingincomeexpense": -12438000000,
        "incomelossfromcontinuingoperationsbeforeincometaxesextraordinaryitemsnoncontrollinginterest": -12438000000,
        "incometaxexpensebenefit": -109000000,
        "netincomeloss": -12438000000,
        "earningspersharebasic": 0.63,
        "earningspersharediluted": 0.62,
        "commonstockdividendspersharedeclared": 0.19
    },
    {
        "date": "2018-06-29",
        "symbol": "CMCSA",
        "period": "Q2",
        "profitloss": -13012000000,
        "othercomprehensiveincomeunrealizedholdinggainlossonsecuritiesarisingduringperiodnetoftax": -1000000,
        "othercomprehensiveincomeunrealizedgainlossonderivativesarisingduringperiodnetoftax": 11000000,
        "othercomprehensiveincomelossreclassificationadjustmentfromaocionderivativesnetoftax": -46000000,
        "othercomprehensiveincomelosspensionandotherpostretirementbenefitplansadjustmentnetoftax": 3000000,
        "othercomprehensiveincomelossforeigncurrencytransactionandtranslationadjustmentnetoftax": -215000000,
        "comprehensiveincomenetoftaxincludingportionattributabletononcontrollinginterest": 1011000000,
        "netincomelossattributabletononcontrollinginterestsandredeemablesubsidiarypreferredstock": -8000000,
        "netincomelossattributabletononcontrollinginterest": -29000000,
        "othercomprehensiveincomelossnetoftaxportionattributabletononcontrollinginterest": -29000000,
        "comprehensiveincomenetoftax": -12459000000,
        "othercomprehensiveincomeunrealizedgainlossonderivativesarisingduringperiodtax": -12000000,
        "othercomprehensiveincomelossreclassificationadjustmentfromaocionderivativestax": -14000000,
        "othercomprehensiveincomelosspensionandotherpostretirementbenefitplanstax": 3000000,
        "othercomprehensiveincomelossforeigncurrencytranslationadjustmenttax": -44000000,
        "revenues": 1361000000,
        "programmingandproductioncosts": 6300000000,
        "otheroperatingandadministrative": -591000000,
        "marketingandadvertisingexpense": 1653000000,
        "depreciation": 11000000,
        "amortizationofintangibleassets": 2000000,
        "gainlossondispositionofassets1": 200000000,
        "costsandexpenses": -591000000,
        "operatingincomeloss": 95000000,
        "interestexpense": 578000000,
        "nonoperatingincomeexpense": -13012000000,
        "incomelossfromcontinuingoperationsbeforeincometaxesextraordinaryitemsnoncontrollinginterest": -13012000000,
        "incometaxexpensebenefit": -102000000,
        "netincomeloss": -13012000000,
        "earningspersharebasic": 0.7,
        "earningspersharediluted": 0.69,
        "commonstockdividendspersharedeclared": 0.19
    },
    {
        "date": "2017-09-29",
        "symbol": "CMCSA",
        "period": "Q3",
        "profitloss": -11465000000,
        "othercomprehensiveincomeunrealizedholdinggainlossonsecuritiesarisingduringperiodnetoftax": -94000000,
        "othercomprehensiveincomeunrealizedgainlossonderivativesarisingduringperiodnetoftax": -5000000,
        "othercomprehensiveincomelossreclassificationadjustmentfromaociforsaleofsecuritiesnetoftax": 1000000,
        "othercomprehensiveincomelossreclassificationadjustmentfromaocionderivativesnetoftax": 12000000,
        "othercomprehensiveincomelosspensionandotherpostretirementbenefitplansadjustmentnetoftax": 3000000,
        "othercomprehensiveincomelossforeigncurrencytransactionandtranslationadjustmentnetoftax": 22000000,
        "comprehensiveincomenetoftaxincludingportionattributabletononcontrollinginterest": 1762000000,
        "netincomelossattributabletononcontrollinginterestsandredeemablesubsidiarypreferredstock": 33000000,
        "netincomelossattributabletononcontrollinginterest": 17000000,
        "othercomprehensiveincomelossnetoftaxportionattributabletononcontrollinginterest": 5000000,
        "comprehensiveincomenetoftax": -11240000000,
        "othercomprehensiveincomeunrealizedholdinggainlossonsecuritiesarisingduringperiodtax": -35000000,
        "othercomprehensiveincomeunrealizedgainlossonderivativesarisingduringperiodtax": 9000000,
        "othercomprehensiveincomelossreclassificationadjustmentfromaocionderivativestax": 7000000,
        "othercomprehensiveincomelosspensionandotherpostretirementbenefitplanstax": 3000000,
        "othercomprehensiveincomelossforeigncurrencytranslationadjustmenttax": 8000000,
        "revenues": 8014000000,
        "programmingandproductioncosts": 6077000000,
        "otheroperatingandadministrative": -565000000,
        "marketingandadvertisingexpense": 1553000000,
        "depreciation": 7000000,
        "amortizationofintangibleassets": 1000000,
        "gainlossondispositionofassets1": 442000000,
        "costsandexpenses": -565000000,
        "operatingincomeloss": 2105000000,
        "interestexpense": 544000000,
        "investmentincomenonoperating": -2000000,
        "incomelossfromequitymethodinvestments": 7000000,
        "othernonoperatingincomeexpense": 15000000,
        "nonoperatingincomeexpense": -11465000000,
        "incomelossfromcontinuingoperationsbeforeincometaxesextraordinaryitemsnoncontrollinginterest": -11465000000,
        "incometaxexpensebenefit": -158000000,
        "netincomeloss": -11465000000,
        "earningspersharebasic": 0.56,
        "earningspersharediluted": 0.55,
        "commonstockdividendspersharedeclared": 0.1575
    },
    {
        "date": "2017-06-29",
        "symbol": "CMCSA",
        "period": "Q2",
        "profitloss": -10660000000,
        "othercomprehensiveincomeunrealizedholdinggainlossonsecuritiesarisingduringperiodnetoftax": -140000000,
        "othercomprehensiveincomeunrealizedgainlossonderivativesarisingduringperiodnetoftax": -8000000,
        "othercomprehensiveincomelossreclassificationadjustmentfromaocionderivativesnetoftax": 14000000,
        "othercomprehensiveincomelosspensionandotherpostretirementbenefitplansadjustmentnetoftax": 2000000,
        "othercomprehensiveincomelossforeigncurrencytransactionandtranslationadjustmentnetoftax": -11000000,
        "comprehensiveincomenetoftaxincludingportionattributabletononcontrollinginterest": 1127000000,
        "netincomelossattributabletononcontrollinginterestsandredeemablesubsidiarypreferredstock": 22000000,
        "netincomelossattributabletononcontrollinginterest": 12000000,
        "othercomprehensiveincomelossnetoftaxportionattributabletononcontrollinginterest": -5000000,
        "comprehensiveincomenetoftax": -10226000000,
        "othercomprehensiveincomeunrealizedholdinggainlossonsecuritiesarisingduringperiodtax": 52000000,
        "othercomprehensiveincomeunrealizedgainlossonderivativesarisingduringperiodtax": -3000000,
        "othercomprehensiveincomelossreclassificationadjustmentfromaocionderivativestax": 8000000,
        "othercomprehensiveincomelosspensionandotherpostretirementbenefitplanstax": 4000000,
        "othercomprehensiveincomelossforeigncurrencytranslationadjustmenttax": -2000000,
        "revenues": 8331000000,
        "programmingandproductioncosts": 6341000000,
        "otheroperatingandadministrative": -558000000,
        "marketingandadvertisingexpense": 1665000000,
        "depreciation": 7000000,
        "amortizationofintangibleassets": 1000000,
        "costsandexpenses": -558000000,
        "operatingincomeloss": 1551000000,
        "interestexpense": 531000000,
        "investmentincomenonoperating": 56000000,
        "incomelossfromequitymethodinvestments": 42000000,
        "othernonoperatingincomeexpense": 2000000,
        "nonoperatingincomeexpense": -10660000000,
        "incomelossfromcontinuingoperationsbeforeincometaxesextraordinaryitemsnoncontrollinginterest": -10660000000,
        "incometaxexpensebenefit": -160000000,
        "netincomeloss": -10660000000,
        "earningspersharebasic": 0.53,
        "earningspersharediluted": 0.52,
        "commonstockdividendspersharedeclared": 0.1575
    },
    {
        "date": "2015-09-29",
        "symbol": "CMCSA",
        "period": "Q3",
        "revenues": 18669000000,
        "programmingandproductioncosts": 5582000000,
        "otheroperatingandadministrative": 151000000,
        "marketingandadvertisingexpense": 1509000000,
        "depreciation": 163000000,
        "amortizationofintangibleassets": 1000000,
        "costsandexpenses": -646000000,
        "operatingincomeloss": -258000000,
        "interestexpense": 116000000,
        "investmentincomenonoperating": 3000000,
        "incomelossfromequitymethodinvestments": 1701000000,
        "othernonoperatingincomeexpense": -46000000,
        "nonoperatingincomeexpense": -199000000,
        "incomelossfromcontinuingoperationsbeforeincometaxesextraordinaryitemsnoncontrollinginterest": 1881000000,
        "incometaxexpensebenefit": -2000000,
        "profitloss": 2041000000,
        "netincomelossattributabletononcontrollinginterestsandredeemablesubsidiarypreferredstock": 45000000,
        "netincomeloss": 2118000000,
        "earningspersharebasic": 0.81,
        "earningspersharediluted": 0.8,
        "commonstockdividendspersharedeclared": 0.25,
        "othercomprehensiveincomeunrealizedholdinggainlossonsecuritiesarisingduringperiodnetoftax": 1000000,
        "othercomprehensiveincomeunrealizedgainlossonderivativesarisingduringperiodnetoftax": -6000000,
        "othercomprehensiveincomelossreclassificationadjustmentfromaociforsaleofsecuritiesnetoftax": 1000000,
        "othercomprehensiveincomelossreclassificationadjustmentfromaocionderivativesnetoftax": -32000000,
        "othercomprehensiveincomelosspensionandotherpostretirementbenefitplansadjustmentnetoftax": -22000000,
        "othercomprehensiveincomelossforeigncurrencytransactionandtranslationadjustmentnetoftax": -25000000,
        "comprehensiveincomenetoftaxincludingportionattributabletononcontrollinginterest": 937000000,
        "netincomelossattributabletononcontrollinginterest": 35000000,
        "comprehensiveincomenetoftax": 1967000000,
        "othercomprehensiveincomeunrealizedgainlossonderivativesarisingduringperiodtax": -30000000,
        "othercomprehensiveincomelossreclassificationadjustmentfromaociforsaleofsecuritiestax": 1000000,
        "othercomprehensiveincomelossreclassificationadjustmentfromaocionderivativestax": -20000000,
        "othercomprehensiveincomelosspensionandotherpostretirementbenefitplanstax": -8000000,
        "othercomprehensiveincomelossforeigncurrencytranslationadjustmenttax": -15000000
    },
    {
        "date": "2015-06-29",
        "symbol": "CMCSA",
        "period": "Q2",
        "revenues": 2266000000,
        "programmingandproductioncosts": 5669000000,
        "otheroperatingandadministrative": 225000000,
        "marketingandadvertisingexpense": 1528000000,
        "depreciation": 1667000000,
        "amortizationofintangibleassets": 487000000,
        "costsandexpenses": -654000000,
        "operatingincomeloss": -282000000,
        "interestexpense": 3000000,
        "investmentincomenonoperating": -1000000,
        "incomelossfromequitymethodinvestments": 1713000000,
        "othernonoperatingincomeexpense": 297000000,
        "nonoperatingincomeexpense": 950000000,
        "incomelossfromcontinuingoperationsbeforeincometaxesextraordinaryitemsnoncontrollinginterest": 2158000000,
        "incometaxexpensebenefit": -158000000,
        "profitloss": 1973000000,
        "netincomelossattributabletononcontrollinginterestsandredeemablesubsidiarypreferredstock": 38000000,
        "netincomeloss": 912000000,
        "earningspersharebasic": 0.85,
        "earningspersharediluted": 0.84,
        "commonstockdividendspersharedeclared": 0.25,
        "othercomprehensiveincomeunrealizedgainlossonderivativesarisingduringperiodnetoftax": 22000000,
        "othercomprehensiveincomelossreclassificationadjustmentfromaocionderivativesnetoftax": 27000000,
        "othercomprehensiveincomelossforeigncurrencytransactionandtranslationadjustmentnetoftax": 27000000,
        "comprehensiveincomenetoftaxincludingportionattributabletononcontrollinginterest": 2197000000,
        "netincomelossattributabletononcontrollinginterest": 32000000,
        "comprehensiveincomenetoftax": -10532000000,
        "othercomprehensiveincomeunrealizedgainlossonderivativesarisingduringperiodtax": 13000000,
        "othercomprehensiveincomelossreclassificationadjustmentfromaocionderivativestax": 16000000,
        "othercomprehensiveincomelossforeigncurrencytranslationadjustmenttax": 15000000
    },
    {
        "date": "2014-06-29",
        "symbol": "CMCSA",
        "period": "Q2",
        "revenues": 16844000000,
        "programmingandproductioncosts": 4874000000,
        "otheroperatingandadministrative": 4924000000,
        "marketingandadvertisingexpense": 1242000000,
        "depreciation": 1599000000,
        "amortizationofintangibleassets": 401000000,
        "costsandexpenses": 13040000000,
        "operatingincomeloss": 3804000000,
        "interestexpense": 648000000,
        "investmentincomenonoperating": 120000000,
        "incomelossfromequitymethodinvestments": 22000000,
        "othernonoperatingincomeexpense": -39000000,
        "nonoperatingincomeexpense": -545000000,
        "incomelossfromcontinuingoperationsbeforeincometaxesextraordinaryitemsnoncontrollinginterest": 3259000000,
        "incometaxexpensebenefit": -1000000,
        "profitloss": 2025000000,
        "netincomelossattributabletononcontrollinginterestsandredeemablesubsidiarypreferredstock": 33000000,
        "netincomeloss": 1992000000,
        "earningspersharebasic": 0.77,
        "earningspersharediluted": 0.76,
        "commonstockdividendspersharedeclared": 0.225,
        "othercomprehensiveincomeunrealizedholdinggainlossonsecuritiesarisingduringperiodnetoftax": 5000000,
        "othercomprehensiveincomeunrealizedgainlossonderivativesarisingduringperiodnetoftax": -2000000,
        "othercomprehensiveincomelossreclassificationadjustmentfromaociforsaleofsecuritiesnetoftax": 47000000,
        "othercomprehensiveincomelossreclassificationadjustmentfromaocionderivativesnetoftax": 17000000,
        "othercomprehensiveincomelosspensionandotherpostretirementbenefitplansadjustmentnetoftax": 1000000,
        "othercomprehensiveincomelossforeigncurrencytransactionandtranslationadjustmentnetoftax": 15000000,
        "comprehensiveincomenetoftaxincludingportionattributabletononcontrollinginterest": 1978000000,
        "netincomelossattributabletononcontrollinginterest": 28000000,
        "comprehensiveincomenetoftax": 832000000,
        "othercomprehensiveincomeunrealizedholdinggainlossonsecuritiesarisingduringperiodtax": -2000000,
        "othercomprehensiveincomeunrealizedgainlossonderivativesarisingduringperiodtax": -2000000,
        "othercomprehensiveincomelossreclassificationadjustmentfromaociforsaleofsecuritiestax": 28000000,
        "othercomprehensiveincomelossreclassificationadjustmentfromaocionderivativestax": 10000000,
        "othercomprehensiveincomelossforeigncurrencytranslationadjustmenttax": -6000000
    },
    {
        "date": "2012-09-29",
        "symbol": "CMCSA",
        "period": "Q3",
        "revenues": 211000000,
        "operatingexpensesexcludingdepreciationandamortization": 99000000,
        "depreciation": 8000000,
        "amortizationofintangibleassets": 1000000,
        "costsandexpenses": 108000000,
        "operatingincomeloss": 103000000,
        "interestexpense": 363000000,
        "investmentincomenonoperating": 1000000,
        "incomelossfromequitymethodinvestments": 2281000000,
        "othernonoperatingincomeexpense": 987000000,
        "nonoperatingincomeexpense": 1919000000,
        "incomelossfromcontinuingoperationsbeforeincometaxesextraordinaryitemsnoncontrollinginterest": -7185000000,
        "incometaxexpensebenefit": -91000000,
        "profitloss": 2113000000,
        "netincomelossattributabletononcontrollinginterest": 865000000,
        "netincomeloss": 2113000000,
        "earningspersharebasic": 0.79,
        "earningspersharediluted": 0.78,
        "commonstockdividendspersharedeclared": 0.1625,
        "othercomprehensiveincomeunrealizedholdinggainlossonsecuritiesarisingduringperiodnetoftax": 75000000,
        "othercomprehensiveincomeunrealizedgainlossonderivativesarisingduringperiodnetoftax": 50000000,
        "othercomprehensiveincomereclassificationadjustmentonderivativesincludedinnetincomenetoftax": 15000000,
        "othercomprehensiveincomedefinedbenefitplansadjustmentnetoftaxperiodincreasedecrease": 11000000,
        "othercomprehensiveincomeforeigncurrencytransactionandtranslationadjustmentnetoftaxperiodincreasedecrease": 17000000,
        "comprehensiveincomenetoftaxincludingportionattributabletononcontrollinginterest": 3116000000,
        "othercomprehensiveincomelossnetoftaxportionattributabletononcontrollinginterest": 16000000,
        "comprehensiveincomenetoftax": -7273000000,
        "othercomprehensiveincomeunrealizedholdinggainlossonsecuritiesarisingduringperiodtax": -44000000,
        "othercomprehensiveincomeunrealizedgainlossonderivativesarisingduringperiodtax": -29000000,
        "othercomprehensiveincomereclassificationadjustmentonderivativesincludedinnetincometax": 9000000,
        "othercomprehensiveincomedefinedbenefitplanstax": -3000000,
        "othercomprehensiveincomeforeigncurrencytranslationadjustmenttaxportionattributabletoparent": -4000000
    },
    {
        "date": "2012-06-29",
        "symbol": "CMCSA",
        "period": "Q2",
        "revenues": 210000000,
        "operatingexpensesexcludingdepreciationandamortization": 99000000,
        "depreciation": 8000000,
        "amortizationofintangibleassets": 1000000,
        "costsandexpenses": 108000000,
        "operatingincomeloss": 102000000,
        "interestexpense": 354000000,
        "investmentincomenonoperating": 2000000,
        "incomelossfromequitymethodinvestments": 1511000000,
        "othernonoperatingincomeexpense": -47000000,
        "nonoperatingincomeexpense": 1159000000,
        "incomelossfromcontinuingoperationsbeforeincometaxesextraordinaryitemsnoncontrollinginterest": -6136000000,
        "incometaxexpensebenefit": -87000000,
        "profitloss": 1348000000,
        "netincomelossattributabletononcontrollinginterest": 285000000,
        "netincomeloss": 1348000000,
        "earningspersharebasic": 0.5,
        "earningspersharediluted": 0.5,
        "commonstockdividendspersharedeclared": 0.1625,
        "othercomprehensiveincomeunrealizedgainlossonderivativesarisingduringperiodnetoftax": -35000000,
        "othercomprehensiveincomereclassificationadjustmentonderivativesincludedinnetincomenetoftax": -17000000,
        "othercomprehensiveincomedefinedbenefitplansadjustmentnetoftaxperiodincreasedecrease": -3000000,
        "othercomprehensiveincomeforeigncurrencytransactionandtranslationadjustmentnetoftaxperiodincreasedecrease": -9000000,
        "comprehensiveincomenetoftaxincludingportionattributabletononcontrollinginterest": 1603000000,
        "othercomprehensiveincomelossnetoftaxportionattributabletononcontrollinginterest": -8000000,
        "comprehensiveincomenetoftax": -6134000000,
        "othercomprehensiveincomeunrealizedgainlossonderivativesarisingduringperiodtax": 20000000,
        "othercomprehensiveincomereclassificationadjustmentonderivativesincludedinnetincometax": -10000000,
        "othercomprehensiveincomedefinedbenefitplanstax": 1000000,
        "othercomprehensiveincomeforeigncurrencytranslationadjustmenttaxportionattributabletoparent": 2000000
    },
    {
        "date": "2010-09-29",
        "symbol": "CMCSA",
        "period": "Q3",
        "revenues": 416000000,
        "operatingexpensesexcludingdepreciationandamortization": 3792000000,
        "sellinggeneralandadministrativeexpense": -497000000,
        "depreciation": 8000000,
        "amortizationofintangibleassets": 2000000,
        "costsandexpenses": -497000000,
        "operatingincomeloss": 98000000,
        "interestexpense": 357000000,
        "investmentincomenet": 2000000,
        "incomelossfromequitymethodinvestments": -4014000000,
        "othernonoperatingincomeexpense": -24000000,
        "nonoperatingincomeexpense": -4014000000,
        "incomelossfromcontinuingoperationsbeforeincometaxes": -4014000000,
        "incometaxexpensebenefit": -103000000,
        "profitloss": -4014000000,
        "netincomelossattributabletononcontrollinginterest": 3000000,
        "netincomeloss": -4014000000,
        "earningspersharebasic": 0.31,
        "earningspersharediluted": 0.31,
        "commonstockdividendspersharedeclared": 0.0945,
        "othercomprehensiveincomeunrealizedholdinggainlossonsecuritiesarisingduringperiodnetoftax": -36000000,
        "othercomprehensiveincomereclassificationadjustmentforsaleofsecuritiesincludedinnetincomenetoftax": -2000000,
        "othercomprehensiveincomeforeigncurrencytransactionandtranslationadjustmentnetoftaxperiodincreasedecrease": 4000000,
        "comprehensiveincomenetoftaxincludingportionattributabletononcontrollinginterest": 840000000,
        "comprehensiveincomenetoftax": 837000000,
        "othercomprehensiveincomeunrealizedholdinggainlossonsecuritiesarisingduringperiodtax": 21000000,
        "othercomprehensiveincomereclassificationadjustmentforsaleofsecuritiesincludedinnetincometax": -1000000
    }
]