[
    {
        "date": "2024-09-29",
        "symbol": "SUI",
        "period": "Q3",
        "leaseincome": 634100000,
        "revenuefromhomesales": 105300000,
        "ancillaryrevenue": 186200000,
        "interestincomeoperating": 5500000,
        "brokeragecommissionsandotherincomenet": 8800000,
        "revenues": 925600000,
        "costofotherpropertyoperatingexpense": 213400000,
        "realestatetaxexpense": 31500000,
        "costofhomessold": 74300000,
        "othercostofoperatingrevenue": 163300000,
        "generalandadministrativeexpense": 74800000,
        "lossfromcatastrophesnetofrecoveries": 900000,
        "businesscombinationintegrationrelatedcosts": -200000,
        "depreciationdepletionandamortization": 172400000,
        "otherassetimpairmentcharges": 200000,
        "gainslossesonextinguishmentofdebt": -800000,
        "interestexpensedebt": 87700000,
        "costsandexpenses": 819500000,
        "incomelossfromcontinuingoperationsbeforeotheritemsandtaxes": 120400000,
        "foreigncurrencytransactiongainlossbeforetax": 100000,
        "gainlossonsaleofproperties": 178700000,
        "othernonoperatingincomeexpense": -800000,
        "gainlossonremeasurementofnotesreceivable": 100000,
        "incomelossfromequitymethodinvestments": 2100000,
        "gainlossonremeasurementofinvestment": 1200000,
        "currentincometaxexpensebenefit": -900000,
        "deferredincometaxexpensebenefit": -7100000,
        "profitloss": 305200000,
        "preferredstockdividendsincomestatementimpact": 3200000,
        "netincomelossattributabletononcontrollinginterest": 13300000,
        "netincomelossavailabletocommonstockholdersbasic": 288700000,
        "weightedaveragenumberofsharesoutstandingbasic": 124000000,
        "weightedaveragenumberofdilutedsharesoutstanding": 124000000,
        "earningspersharebasic": 2.31,
        "earningspersharediluted": 2.31,
        "othercomprehensiveincomeforeigncurrencytransactionandtranslationgainlossarisingduringperiodnetoftax": 41900000,
        "othercomprehensiveincomelossforeigncurrencytransactionandtranslationadjustmentnetoftax": 41900000,
        "othercomprehensiveincomelosscashflowhedgegainlossbeforereclassificationaftertax": -9700000,
        "othercomprehensiveincomelosscashflowhedgegainlossreclassificationaftertax": 4900000,
        "othercomprehensiveincomelosscashflowhedgegainlossafterreclassificationandtax": -14600000,
        "comprehensiveincomenetoftaxincludingportionattributabletononcontrollinginterest": 332500000,
        "comprehensiveincomenetoftaxattributabletononcontrollinginterest": 12700000,
        "comprehensiveincomenetoftax": 319800000
    },
    {
        "date": "2024-06-29",
        "symbol": "SUI",
        "period": "Q2",
        "leaseincome": 551400000,
        "revenuefromhomesales": 107500000,
        "ancillaryrevenue": 188600000,
        "interestincomeoperating": 5300000,
        "brokeragecommissionsandotherincomenet": 11200000,
        "revenues": 864000000,
        "costofotherpropertyoperatingexpense": 188700000,
        "realestatetaxexpense": 31400000,
        "costofhomessold": 76800000,
        "othercostofoperatingrevenue": 165900000,
        "generalandadministrativeexpense": 65300000,
        "depreciationdepletionandamortization": 172800000,
        "otherassetimpairmentcharges": 11600000,
        "gainslossesonextinguishmentofdebt": 0,
        "interestexpensedebt": 89800000,
        "costsandexpenses": 804800000,
        "incomelossfromcontinuingoperationsbeforeotheritemsandtaxes": 59200000,
        "foreigncurrencytransactiongainlossbeforetax": -2800000,
        "gainlossonsaleofproperties": 2500000,
        "othernonoperatingincomeexpense": -1600000,
        "gainlossonremeasurementofnotesreceivable": -400000,
        "incomelossfromequitymethodinvestments": 3000000,
        "gainlossonremeasurementofinvestment": 100000,
        "currentincometaxexpensebenefit": 5300000,
        "deferredincometaxexpensebenefit": -3700000,
        "profitloss": 58400000,
        "preferredstockdividendsincomestatementimpact": 3200000,
        "netincomelossattributabletononcontrollinginterest": 3100000,
        "netincomelossavailabletocommonstockholdersbasic": 52100000,
        "weightedaveragenumberofsharesoutstandingbasic": 123700000,
        "weightedaveragenumberofdilutedsharesoutstanding": 126400000,
        "earningspersharebasic": 0.42000000000000004,
        "earningspersharediluted": 0.42000000000000004,
        "othercomprehensiveincomeforeigncurrencytransactionandtranslationgainlossarisingduringperiodnetoftax": 1600000,
        "othercomprehensiveincomelossforeigncurrencytransactionandtranslationadjustmentnetoftax": 1600000,
        "othercomprehensiveincomelosscashflowhedgegainlossbeforereclassificationaftertax": 2600000,
        "othercomprehensiveincomelosscashflowhedgegainlossreclassificationaftertax": 5000000,
        "othercomprehensiveincomelosscashflowhedgegainlossafterreclassificationandtax": -2400000,
        "comprehensiveincomenetoftaxincludingportionattributabletononcontrollinginterest": 57600000,
        "comprehensiveincomenetoftaxattributabletononcontrollinginterest": 3000000,
        "comprehensiveincomenetoftax": 54600000
    },
    {
        "date": "2024-03-30",
        "symbol": "SUI",
        "period": "Q1",
        "leaseincome": 476900000,
        "revenuefromhomesales": 68900000,
        "ancillaryrevenue": 117900000,
        "interestincomeoperating": 4600000,
        "brokeragecommissionsandotherincomenet": 3000000,
        "revenues": 671300000,
        "costofotherpropertyoperatingexpense": 159700000,
        "realestatetaxexpense": 31300000,
        "costofhomessold": 51900000,
        "othercostofoperatingrevenue": 115900000,
        "generalandadministrativeexpense": 78500000,
        "lossfromcatastrophes": 7200000,
        "depreciationdepletionandamortization": 165300000,
        "otherassetimpairmentcharges": 20700000,
        "gainslossesonextinguishmentofdebt": -600000,
        "interestexpensedebt": 89700000,
        "costsandexpenses": 720800000,
        "incomelossfromcontinuingoperationsbeforeotheritemsandtaxes": -49500000,
        "foreigncurrencytransactiongainlossbeforetax": 1100000,
        "gainlossonsaleofproperties": 5400000,
        "othernonoperatingincomeexpense": 8000000,
        "gainlossonremeasurementofnotesreceivable": -700000,
        "incomelossfromequitymethodinvestments": 1400000,
        "gainlossonremeasurementofinvestment": 5200000,
        "currentincometaxexpensebenefit": 2100000,
        "deferredincometaxexpensebenefit": -5700000,
        "profitloss": -25500000,
        "preferredstockdividendsincomestatementimpact": 3200000,
        "netincomelossattributabletononcontrollinginterest": -1300000,
        "netincomelossavailabletocommonstockholdersbasic": -27400000,
        "weightedaveragenumberofsharesoutstandingbasic": 123600000,
        "weightedaveragenumberofdilutedsharesoutstanding": 126600000,
        "earningspersharebasic": -0.22,
        "earningspersharediluted": -0.22,
        "othercomprehensiveincomeforeigncurrencytransactionandtranslationgainlossarisingduringperiodnetoftax": -9200000,
        "othercomprehensiveincomelossforeigncurrencytransactionandtranslationadjustmentnetoftax": -9200000,
        "othercomprehensiveincomelosscashflowhedgegainlossbeforereclassificationaftertax": 8800000,
        "othercomprehensiveincomelosscashflowhedgegainlossreclassificationaftertax": 4900000,
        "othercomprehensiveincomelosscashflowhedgegainlossafterreclassificationandtax": 3900000,
        "comprehensiveincomenetoftaxincludingportionattributabletononcontrollinginterest": -30800000,
        "comprehensiveincomenetoftaxattributabletononcontrollinginterest": -1100000,
        "comprehensiveincomenetoftax": -29700000
    },
    {
        "date": "2023-12-30",
        "symbol": "SUI",
        "period": "Q4",
        "interestincomeoperating": 4800000,
        "brokeragecommissionsandotherincomenet": 15300000,
        "revenues": 726700000,
        "costofotherpropertyoperatingexpense": 159800000,
        "realestatetaxexpense": 28000000,
        "othercostofoperatingrevenue": 360100000,
        "generalandadministrativeexpense": 77800000,
        "depreciationdepletionandamortization": 177700000,
        "interestexpensedebt": 85900000,
        "interestexpenseother": 600000,
        "costsandexpenses": 1110800000,
        "incomelossfromcontinuingoperationsbeforeotheritemsandtaxes": -384100000,
        "foreigncurrencytransactiongainlossbeforetax": 6200000,
        "gainlossonsaleofproperties": 13900000,
        "othernonoperatingincomeexpense": -2000000,
        "deferredincometaxexpensebenefit": -8300000,
        "profitloss": -454100000,
        "netincomelossattributabletononcontrollinginterest": -21300000,
        "earningspersharebasic": -3.5,
        "earningspersharediluted": -3.51,
        "othercomprehensiveincomeforeigncurrencytransactionandtranslationgainlossarisingduringperiodnetoftax": 22700000,
        "othercomprehensiveincomelossforeigncurrencytransactionandtranslationadjustmentnetoftax": 22700000,
        "othercomprehensiveincomelosscashflowhedgegainlossbeforereclassificationaftertax": -11600000,
        "othercomprehensiveincomelosscashflowhedgegainlossreclassificationaftertax": 4900000,
        "othercomprehensiveincomelosscashflowhedgegainlossafterreclassificationandtax": -16500000,
        "comprehensiveincomenetoftaxincludingportionattributabletononcontrollinginterest": -447900000,
        "comprehensiveincomenetoftaxattributabletononcontrollinginterest": -22100000,
        "comprehensiveincomenetoftax": -425800000
    },
    {
        "date": "2023-09-29",
        "symbol": "SUI",
        "period": "Q3",
        "revenuefromcontractwithcustomerincludingassessedtax": 307400000,
        "interestincomeoperating": 15200000,
        "brokeragecommissionsandotherincomenet": 26000000,
        "revenues": 1027900000,
        "costofotherpropertyoperatingexpense": 195500000,
        "realestatetaxexpense": 29300000,
        "othercostofoperatingrevenue": 80500000,
        "othercostandexpenseoperating": 178700000,
        "generalandadministrativeexpense": 66200000,
        "businesscombinationintegrationrelatedcosts": 0,
        "depreciationdepletionandamortization": 162600000,
        "interestexpensedebt": 84100000,
        "interestexpenseother": 800000,
        "costsandexpenses": 795800000,
        "incomelossfromcontinuingoperationsbeforeotheritemsandtaxes": 187400000,
        "remeasurementofmarketablesecurities": 6100000,
        "foreigncurrencytransactiongainlossbeforetax": -23200000,
        "gainlossonsaleofproperties": -700000,
        "othernonoperatingincomeexpense": -3700000,
        "lossonremeasurementofnotesreceivable": -1300000,
        "distributionsfromaffiliate": 1400000,
        "stateandlocalincometaxexpensebenefitcontinuingoperations": 4600000,
        "deferredincometaxexpensebenefit": -2300000,
        "profitloss": 180400000,
        "preferredreturntopreferredopunits": 3300000,
        "netincomelossattributabletononcontrollinginterest": 14000000,
        "netincomeloss": 163100000,
        "weightedaveragenumberofsharesoutstandingbasic": 0,
        "weightedaveragenumberofdilutedsharesoutstanding": 0,
        "earningspersharebasic": 1.31,
        "earningspersharediluted": 1.31,
        "othercomprehensiveincomeforeigncurrencytransactionandtranslationgainlossarisingduringperiodnetoftax": -25500000,
        "othercomprehensiveincomelossforeigncurrencytransactionandtranslationadjustmentnetoftax": -25500000,
        "othercomprehensiveincomelosscashflowhedgegainlossbeforereclassificationaftertax": -3700000,
        "othercomprehensiveincomelosscashflowhedgegainlossreclassificationaftertax": 4500000,
        "othercomprehensiveincomelosscashflowhedgegainlossafterreclassificationandtax": -8200000,
        "comprehensiveincomenetoftaxincludingportionattributabletononcontrollinginterest": 146700000,
        "comprehensiveincomenetoftaxattributabletononcontrollinginterest": 12700000,
        "comprehensiveincomenetoftax": 134000000
    },
    {
        "date": "2023-06-29",
        "symbol": "SUI",
        "period": "Q2",
        "revenuefromcontractwithcustomerincludingassessedtax": 9800000,
        "revenuefromhomesales": 122600000,
        "ancillaryrevenue": 190900000,
        "interestincomeoperating": 14000000,
        "brokeragecommissionsandotherincomenet": 9800000,
        "revenues": 839700000,
        "costofotherpropertyoperatingexpense": 178600000,
        "realestatetaxexpense": 30000000,
        "othercostofoperatingrevenue": 81200000,
        "othercostandexpenseoperating": 171700000,
        "generalandadministrativeexpense": 62300000,
        "lossfromcatastrophes": -100000,
        "businesscombinationintegrationrelatedcosts": 200000,
        "depreciationdepletionandamortization": 161700000,
        "interestexpensedebt": 79200000,
        "interestexpenseother": 900000,
        "costsandexpenses": 774600000,
        "incomelossfromcontinuingoperationsbeforeotheritemsandtaxes": 88900000,
        "remeasurementofmarketablesecurities": 5800000,
        "foreigncurrencytransactiongainlossbeforetax": 8200000,
        "gainlossonsaleofproperties": -600000,
        "othernonoperatingincomeexpense": -800000,
        "lossonremeasurementofnotesreceivable": -100000,
        "distributionsfromaffiliate": -700000,
        "lossonremeasurementofinvestment": 0,
        "stateandlocalincometaxexpensebenefitcontinuingoperations": 5400000,
        "deferredincometaxexpensebenefit": -7700000,
        "profitloss": 97500000,
        "preferredreturntopreferredopunits": 3300000,
        "netincomelossattributabletononcontrollinginterest": 4400000,
        "netincomeloss": 92600000,
        "weightedaveragenumberofsharesoutstandingbasic": 100000,
        "weightedaveragenumberofdilutedsharesoutstanding": -2800000,
        "earningspersharebasic": 0.72,
        "earningspersharediluted": 0.72,
        "othercomprehensiveincomeforeigncurrencytransactionandtranslationgainlossarisingduringperiodnetoftax": 15400000,
        "othercomprehensiveincomelossforeigncurrencytransactionandtranslationreclassificationadjustmentrealizednetoftax": 0,
        "othercomprehensiveincomelossforeigncurrencytransactionandtranslationadjustmentnetoftax": 15400000,
        "othercomprehensiveincomelosscashflowhedgegainlossbeforereclassificationaftertax": 19000000,
        "othercomprehensiveincomelosscashflowhedgegainlossreclassificationaftertax": 3200000,
        "othercomprehensiveincomelosscashflowhedgegainlossafterreclassificationandtax": 15800000,
        "comprehensiveincomenetoftaxincludingportionattributabletononcontrollinginterest": 128700000,
        "comprehensiveincomenetoftaxattributabletononcontrollinginterest": 5700000,
        "comprehensiveincomenetoftax": 123000000
    },
    {
        "date": "2023-03-30",
        "symbol": "SUI",
        "period": "Q1",
        "revenuefromcontractwithcustomerincludingassessedtax": 9500000,
        "revenuefromhomesales": 86300000,
        "ancillaryrevenue": 102600000,
        "interestincomeoperating": 11400000,
        "brokeragecommissionsandotherincomenet": 9500000,
        "revenues": 630300000,
        "costofotherpropertyoperatingexpense": 156600000,
        "realestatetaxexpense": 30100000,
        "othercostofoperatingrevenue": 63200000,
        "othercostandexpenseoperating": 100000000,
        "generalandadministrativeexpense": 63900000,
        "lossfromcatastrophes": 1000000,
        "businesscombinationintegrationrelatedcosts": 2800000,
        "depreciationdepletionandamortization": 158000000,
        "interestexpensedebt": 76600000,
        "interestexpenseother": 1000000,
        "costsandexpenses": 653200000,
        "incomelossfromcontinuingoperationsbeforeotheritemsandtaxes": -2000000,
        "remeasurementofmarketablesecurities": -19900000,
        "foreigncurrencytransactiongainlossbeforetax": 8500000,
        "gainlossonsaleofproperties": -1600000,
        "othernonoperatingincomeexpense": -1000000,
        "lossonremeasurementofnotesreceivable": -1700000,
        "distributionsfromaffiliate": -200000,
        "lossonremeasurementofinvestment": -4500000,
        "stateandlocalincometaxexpensebenefitcontinuingoperations": 3900000,
        "deferredincometaxexpensebenefit": -4600000,
        "profitloss": -32900000,
        "preferredreturntopreferredopunits": 2400000,
        "netincomelossattributabletononcontrollinginterest": -5200000,
        "netincomeloss": -32900000,
        "weightedaveragenumberofsharesoutstandingbasic": 123300000,
        "weightedaveragenumberofdilutedsharesoutstanding": 126200000,
        "earningspersharebasic": -0.24,
        "earningspersharediluted": -0.24,
        "othercomprehensiveincomeforeigncurrencytransactionandtranslationgainlossarisingduringperiodnetoftax": 17200000,
        "othercomprehensiveincomelossforeigncurrencytransactionandtranslationreclassificationadjustmentrealizednetoftax": 11900000,
        "othercomprehensiveincomelossforeigncurrencytransactionandtranslationadjustmentnetoftax": 29100000,
        "othercomprehensiveincomelosscashflowhedgegainlossbeforereclassificationaftertax": -8600000,
        "othercomprehensiveincomelosscashflowhedgegainlossreclassificationaftertax": 2300000,
        "othercomprehensiveincomelosscashflowhedgegainlossafterreclassificationandtax": -10900000,
        "comprehensiveincomenetoftaxincludingportionattributabletononcontrollinginterest": -14700000,
        "comprehensiveincomenetoftaxattributabletononcontrollinginterest": -4600000,
        "comprehensiveincomenetoftax": -10100000
    },
    {
        "date": "2022-12-30",
        "symbol": "SUI",
        "period": "Q4",
        "revenuefromcontractwithcustomerincludingassessedtax": 1874800000,
        "revenuefromhomesales": 107700000,
        "ancillaryrevenue": 108600000,
        "interestincomeoperating": 9900000,
        "brokeragecommissionsandotherincomenet": 7499999.999999998,
        "revenues": 656900000,
        "realestatetaxexpense": 27400000,
        "othercostofoperatingrevenue": 237500000,
        "generalandadministrativeexpense": 69800000,
        "businesscombinationintegrationrelatedcosts": -48600000,
        "depreciationdepletionandamortization": 154800000,
        "gainslossesonextinguishmentofdebt": 0,
        "interestexpensedebt": 67600000,
        "interestexpenseother": 1100000,
        "costsandexpenses": 667500000,
        "foreigncurrencytransactiongainlossbeforetax": 16900000,
        "gainlossonsaleofproperties": -300000,
        "othernonoperatingincomeexpense": -4700000,
        "profitloss": 4000000,
        "netincomelossattributabletononcontrollinginterest": -3100000,
        "weightedaveragenumberofsharesoutstandingbasic": -119800000,
        "weightedaveragenumberofdilutedsharesoutstanding": -120300000,
        "earningspersharebasic": 0.04999999999999994,
        "earningspersharediluted": 0.04999999999999994,
        "othercomprehensiveincomelossforeigncurrencytransactionandtranslationadjustmentnetoftax": 74300000,
        "othercomprehensiveincomelosscashflowhedgegainlossbeforereclassificationaftertax": -11400000,
        "comprehensiveincomenetoftaxincludingportionattributabletononcontrollinginterest": 66200000.000000015,
        "comprehensiveincomenetoftaxattributabletononcontrollinginterest": -900000,
        "comprehensiveincomenetoftax": 67100000
    },
    {
        "date": "2022-09-29",
        "symbol": "SUI",
        "period": "Q3",
        "revenuefromcontractwithcustomerincludingassessedtax": 10800000,
        "revenuefromhomesales": 150700000,
        "ancillaryrevenue": 174200000,
        "interestincomeoperating": 11200000,
        "brokeragecommissionsandotherincomenet": 10800000,
        "revenues": 910600000,
        "costofotherpropertyoperatingexpense": 184700000,
        "realestatetaxexpense": 29400000,
        "othercostofoperatingrevenue": 96400000,
        "othercostandexpenseoperating": 144900000,
        "generalandadministrativeexpense": 69100000,
        "lossfromcatastrophes": 12200000,
        "businesscombinationintegrationrelatedcosts": 8400000,
        "depreciationdepletionandamortization": 151300000,
        "gainslossesonextinguishmentofdebt": -4000000,
        "interestexpensedebt": 61700000,
        "interestexpenseother": 1000000,
        "costsandexpenses": 763100000,
        "incomelossfromcontinuingoperationsbeforeincometaxesminorityinterestandincomelossfromequitymethodinvestments": 169500000,
        "remeasurementofmarketablesecurities": -7200000,
        "foreigncurrencytransactiongainlossbeforetax": -17500000,
        "gainlossonsaleofproperties": -800000,
        "othernonoperatingincomeexpense": 2800000,
        "lossonremeasurementofnotesreceivable": -100000,
        "distributionsfromaffiliate": 2000000,
        "lossonremeasurementofinvestment": -400000,
        "stateandlocalincometaxexpensebenefitcontinuingoperations": 7300000,
        "deferredincometaxexpensebenefit": -3600000,
        "profitloss": 177000000,
        "preferredreturntopreferredopunits": 2500000,
        "netincomelossattributabletononcontrollinginterest": 11900000,
        "netincomeloss": 177000000,
        "weightedaveragenumberofsharesoutstandingbasic": 122400000,
        "weightedaveragenumberofdilutedsharesoutstanding": 122800000,
        "earningspersharebasic": 1.32,
        "earningspersharediluted": 1.32,
        "othercomprehensiveincomelossforeigncurrencytransactionandtranslationadjustmentnetoftax": -84200000,
        "othercomprehensiveincomelosscashflowhedgegainlossbeforereclassificationaftertax": 40700000,
        "othercomprehensiveincomelosscashflowhedgegainlossreclassificationaftertax": -200000,
        "othercomprehensiveincomelosscashflowhedgegainlossafterreclassificationandtax": 40900000,
        "comprehensiveincomenetoftaxincludingportionattributabletononcontrollinginterest": 133699999.99999999,
        "comprehensiveincomenetoftaxattributabletononcontrollinginterest": 10200000,
        "comprehensiveincomenetoftax": 123500000
    },
    {
        "date": "2022-06-29",
        "symbol": "SUI",
        "period": "Q2",
        "revenuefromcontractwithcustomerincludingassessedtax": 8600000.000000002,
        "revenuefromhomesales": 142700000,
        "ancillaryrevenue": 168000000,
        "interestincomeoperating": 7300000,
        "brokeragecommissionsandotherincomenet": 8600000.000000002,
        "revenues": 798400000,
        "costofotherpropertyoperatingexpense": 155200000,
        "realestatetaxexpense": 27700000,
        "othercostofoperatingrevenue": 92900000,
        "othercostandexpenseoperating": 147900000,
        "generalandadministrativeexpense": 62200000,
        "businesscombinationintegrationrelatedcosts": 15000000,
        "depreciationdepletionandamortization": 150200000,
        "gainslossesonextinguishmentofdebt": -100000,
        "interestexpensedebt": 55300000,
        "interestexpenseother": 1100000,
        "costsandexpenses": 707700000,
        "incomelossfromcontinuingoperationsbeforeincometaxesminorityinterestandincomelossfromequitymethodinvestments": 106600000,
        "remeasurementofmarketablesecurities": -32300000,
        "foreigncurrencytransactiongainlossbeforetax": -20500000,
        "gainlossonsaleofproperties": -100000,
        "othernonoperatingincomeexpense": 400000,
        "lossonremeasurementofnotesreceivable": 0,
        "distributionsfromaffiliate": 900000,
        "lossonremeasurementofinvestment": 400000,
        "stateandlocalincometaxexpensebenefitcontinuingoperations": 3900000,
        "profitloss": 81300000,
        "preferredreturntoseriesa1preferredopunits": 9100000,
        "netincomelossattributabletononcontrollinginterest": 4200000,
        "netincomeloss": 73200000,
        "weightedaveragenumberofsharesoutstandingbasic": 2300000,
        "weightedaveragenumberofdilutedsharesoutstanding": 4500000,
        "earningspersharebasic": 0.62,
        "earningspersharediluted": 0.62,
        "othercomprehensiveincomelossforeigncurrencytransactionandtranslationadjustmentnetoftax": -65700000,
        "othercomprehensiveincomelosscashflowhedgegainlossbeforereclassificationaftertax": 9800000,
        "comprehensiveincomenetoftaxincludingportionattributabletononcontrollinginterest": 24600000,
        "comprehensiveincomenetoftaxattributabletononcontrollinginterest": 1700000,
        "comprehensiveincomenetoftax": 22900000
    },
    {
        "date": "2022-03-30",
        "symbol": "SUI",
        "period": "Q1",
        "revenuefromcontractwithcustomerincludingassessedtax": 8000000,
        "revenuefromhomesales": 64700000,
        "ancillaryrevenue": 80800000,
        "interestincomeoperating": 6800000,
        "brokeragecommissionsandotherincomenet": 8000000,
        "revenues": 533700000.00000006,
        "costofotherpropertyoperatingexpense": 129300000.00000001,
        "realestatetaxexpense": 26100000,
        "othercostofoperatingrevenue": 45900000,
        "othercostandexpenseoperating": 70500000,
        "generalandadministrativeexpense": 55700000,
        "businesscombinationintegrationrelatedcosts": 500000,
        "depreciationdepletionandamortization": 148500000,
        "gainslossesonextinguishmentofdebt": -300000,
        "interestexpensedebt": 45200000,
        "interestexpenseother": 1000000,
        "costsandexpenses": 523000000,
        "incomelossfromcontinuingoperationsbeforeincometaxesminorityinterestandincomelossfromequitymethodinvestments": 25500000,
        "remeasurementofmarketablesecurities": -34500000,
        "foreigncurrencytransactiongainlossbeforetax": -2200000,
        "gainlossonsaleofproperties": 13400000,
        "othernonoperatingincomeexpense": -600000,
        "lossonremeasurementofnotesreceivable": 200000,
        "distributionsfromaffiliate": 900000,
        "lossonremeasurementofinvestment": 100000,
        "stateandlocalincometaxexpensebenefitcontinuingoperations": 1300000,
        "profitloss": 1500000,
        "preferredreturntoseriesa1preferredopunits": -3000000,
        "netincomelossattributabletononcontrollinginterest": -2200000,
        "netincomeloss": 1500000,
        "weightedaveragenumberofsharesoutstandingbasic": 115300000,
        "weightedaveragenumberofdilutedsharesoutstanding": 115900000,
        "earningspersharebasic": 0.01,
        "earningspersharediluted": 0.01,
        "othercomprehensiveincomelossforeigncurrencytransactionandtranslationadjustmentnetoftax": -1300000,
        "othercomprehensiveincomelosscashflowhedgegainlossbeforereclassificationaftertax": 25200000,
        "comprehensiveincomenetoftaxincludingportionattributabletononcontrollinginterest": 25400000,
        "comprehensiveincomenetoftaxattributabletononcontrollinginterest": -1100000,
        "comprehensiveincomenetoftax": 26500000
    },
    {
        "date": "2021-12-30",
        "symbol": "SUI",
        "period": "Q4",
        "revenuefromcontractwithcustomerincludingassessedtax": 1578116000,
        "revenuefromhomesales": 65006000,
        "ancillaryrevenue": 80135000,
        "interestincomeoperating": 4192000,
        "brokeragecommissionsandotherincomenet": 8387000,
        "revenues": 529854000,
        "realestatetaxexpense": 24454000,
        "othercostofoperatingrevenue": 128848000,
        "generalandadministrativeexpense": 54604000,
        "lossfromcatastrophes": -858000,
        "businesscombinationintegrationrelatedcosts": -2393000,
        "depreciationdepletionandamortization": 144677000,
        "gainslossesonextinguishmentofdebt": -19000,
        "interestexpensedebt": 42405000,
        "interestexpenseother": 1047000,
        "costsandexpenses": 521484000,
        "incomelossfromcontinuingoperationsbeforeincometaxesminorityinterestandincomelossfromequitymethodinvestments": 20949000,
        "remeasurementofmarketablesecurities": -9770000,
        "foreigncurrencytransactiongainlossbeforetax": 3364000,
        "othernonoperatingincomeexpense": -2081000,
        "lossonremeasurementofnotesreceivable": 124000,
        "lossonremeasurementofinvestment": -30000,
        "deferredincometaxexpensebenefit": -983000,
        "profitloss": 14786000,
        "preferredreturntoseriesa1preferredopunits": -3095000,
        "netincomelossattributabletononcontrollinginterest": 1139000,
        "weightedaveragenumberofsharesoutstandingbasic": 865000,
        "weightedaveragenumberofdilutedsharesoutstanding": 853000,
        "earningspersharebasic": 0.08999999999999983,
        "earningspersharediluted": 0.08999999999999983,
        "comprehensiveincomenetoftaxincludingportionattributabletononcontrollinginterest": 16146000,
        "comprehensiveincomenetoftaxattributabletononcontrollinginterest": -1080000,
        "comprehensiveincomenetoftax": 17226000
    },
    {
        "date": "2021-09-29",
        "symbol": "SUI",
        "period": "Q3",
        "revenuefromcontractwithcustomerincludingassessedtax": 8841000,
        "revenuefromhomesales": 81099000,
        "ancillaryrevenue": 113039000,
        "interestincomeoperating": 2690000,
        "brokeragecommissionsandotherincomenet": 8841000,
        "revenues": 672763000,
        "costofotherpropertyoperatingexpense": 158095000,
        "realestatetaxexpense": 24751000,
        "othercostofoperatingrevenue": 56567000,
        "othercostandexpenseoperating": 87106000,
        "generalandadministrativeexpense": 43276000,
        "lossfromcatastrophes": 328000,
        "businesscombinationintegrationrelatedcosts": -1201000,
        "depreciationdepletionandamortization": 128341000,
        "gainslossesonextinguishmentofdebt": -3403000,
        "interestexpensedebt": 39026000,
        "interestexpenseother": 1047000,
        "costsandexpenses": 538537000,
        "incomelossfromcontinuingoperationsbeforeincometaxesminorityinterestandincomelossfromequitymethodinvestments": 145757000,
        "remeasurementofmarketablesecurities": 12072000,
        "foreigncurrencytransactiongainlossbeforetax": -6868000,
        "othernonoperatingincomeexpense": -8282000,
        "lossonremeasurementofnotesreceivable": 92000,
        "distributionsfromaffiliate": 962000,
        "lossonremeasurementofinvestment": -119000,
        "stateandlocalincometaxexpensebenefitcontinuingoperations": 402000,
        "deferredincometaxexpensebenefit": 1155000,
        "profitloss": 250161000,
        "preferredreturntoseriesa1preferredopunits": -3101000,
        "netincomelossattributabletononcontrollinginterest": -15290000,
        "netincomeloss": 218532000,
        "weightedaveragenumberofsharesoutstandingbasic": -108297000,
        "weightedaveragenumberofdilutedsharesoutstanding": -105952000,
        "earningspersharebasic": 2.06,
        "earningspersharediluted": 2.06,
        "othercomprehensiveincomeunrealizedgainlossonderivativesarisingduringperiodnetoftax": -3606000,
        "comprehensiveincomenetoftaxincludingportionattributabletononcontrollinginterest": 246555000,
        "comprehensiveincomenetoftaxattributabletononcontrollinginterest": 15129000,
        "comprehensiveincomenetoftax": 231426000
    },
    {
        "date": "2021-06-29",
        "symbol": "SUI",
        "period": "Q2",
        "revenuefromcontractwithcustomerincludingassessedtax": 405905000,
        "revenuefromhomesales": 81848000,
        "ancillaryrevenue": 106452000,
        "interestincomeoperating": 2719000,
        "brokeragecommissionsandotherincomenet": 6939000,
        "revenues": 603863000,
        "costofotherpropertyoperatingexpense": 129961000,
        "realestatetaxexpense": 23202000,
        "othercostofoperatingrevenue": 58763000,
        "othercostandexpenseoperating": 78585000,
        "businesscombinationintegrationrelatedcosts": -201000,
        "generalandadministrativeexpense": 45127000,
        "lossfromcatastrophes": 355000,
        "depreciationdepletionandamortization": 126423000,
        "gainslossesonextinguishmentofdebt": -8108000,
        "interestexpensedebt": 37681000,
        "interestexpenseother": 1041000,
        "costsandexpenses": 509045000,
        "incomelossfromcontinuingoperationsbeforeincometaxesminorityinterestandincomelossfromequitymethodinvestments": 94818000,
        "remeasurementofmarketablesecurities": 27494000,
        "foreigncurrencytransactiongainlossbeforetax": -264000,
        "othernonoperatingincomeexpense": -660000,
        "lossonremeasurementofnotesreceivable": 93000,
        "stateandlocalincometaxexpensebenefitcontinuingoperations": 1245000,
        "lossonremeasurementofinvestment": -115000,
        "deferredincometaxexpensebenefit": 66000,
        "profitloss": 120849000,
        "preferredreturntoseriesa1preferredopunits": -3035000,
        "netincomelossattributabletononcontrollinginterest": -7044000,
        "netincomeloss": 110770000,
        "netincomelossavailabletocommonstockholdersbasic": 110770000,
        "weightedaveragenumberofsharesoutstandingbasic": 112082000,
        "weightedaveragenumberofdilutedsharesoutstanding": 112082000,
        "earningspersharebasic": 0.98,
        "earningspersharediluted": 0.98,
        "distributionsfromaffiliate": 794000,
        "othercomprehensiveincomeunrealizedgainlossonderivativesarisingduringperiodnetoftax": 1220000,
        "comprehensiveincomenetoftaxincludingportionattributabletononcontrollinginterest": 122069000,
        "comprehensiveincomenetoftaxattributabletononcontrollinginterest": 7100000,
        "comprehensiveincomenetoftax": 114969000
    },
    {
        "date": "2021-03-30",
        "symbol": "SUI",
        "period": "Q1",
        "revenuefromcontractwithcustomerincludingassessedtax": 330613000,
        "revenuefromhomesales": 52199000,
        "ancillaryrevenue": 50612000,
        "interestincomeoperating": 2631000,
        "brokeragecommissionsandotherincomenet": 5960000,
        "revenues": 442015000,
        "costofotherpropertyoperatingexpense": 103553000,
        "realestatetaxexpense": 22408000,
        "othercostofoperatingrevenue": 41590000,
        "othercostandexpenseoperating": 45431000,
        "businesscombinationintegrationrelatedcosts": 1232000,
        "generalandadministrativeexpense": 38203000,
        "lossfromcatastrophes": 2414000,
        "depreciationdepletionandamortization": 123304000,
        "gainslossesonextinguishmentofdebt": 1930000,
        "interestexpensedebt": 39517000,
        "interestexpenseother": 1036000,
        "costsandexpenses": 418688000,
        "incomelossfromcontinuingoperationsbeforeincometaxesminorityinterestandincomelossfromequitymethodinvestments": 23327000,
        "remeasurementofmarketablesecurities": 3661000,
        "foreigncurrencytransactiongainlossbeforetax": 25000,
        "othernonoperatingincomeexpense": -1099000,
        "lossonremeasurementofnotesreceivable": 376000,
        "stateandlocalincometaxexpensebenefitcontinuingoperations": -229000,
        "lossonremeasurementofinvestment": 104000,
        "deferredincometaxexpensebenefit": -147000,
        "profitloss": 27941000,
        "preferredreturntoseriesa1preferredopunits": -2864000,
        "netincomelossattributabletononcontrollinginterest": -295000,
        "netincomeloss": 24782000,
        "netincomelossavailabletocommonstockholdersbasic": 24782000,
        "weightedaveragenumberofsharesoutstandingbasic": 107932000,
        "weightedaveragenumberofdilutedsharesoutstanding": 108161000,
        "earningspersharebasic": 0.23,
        "earningspersharediluted": 0.23,
        "distributionsfromaffiliate": 1171000,
        "othercomprehensiveincomeunrealizedgainlossonderivativesarisingduringperiodnetoftax": 895000,
        "comprehensiveincomenetoftaxincludingportionattributabletononcontrollinginterest": 28836000,
        "comprehensiveincomenetoftaxattributabletononcontrollinginterest": 335000,
        "comprehensiveincomenetoftax": 28501000
    },
    {
        "date": "2020-12-30",
        "symbol": "SUI",
        "period": "Q4",
        "revenuefromcontractwithcustomerincludingassessedtax": 276994000,
        "revenuefromhomesales": 48920000,
        "rentalhomerevenue": 16035000,
        "ancillaryrevenue": 35644000,
        "interestincomeoperating": 2510000,
        "brokeragecommissionsandotherincomenet": 4162000,
        "revenues": 384265000,
        "costofotherpropertyoperatingexpense": 88889000,
        "realestatetaxexpense": 20265000,
        "directcostsofleasedandrentedpropertyorequipment": 6058000,
        "othercostandexpenseoperating": 27671000,
        "sellingexpense": 4626000,
        "generalandadministrativeexpense": 31795000,
        "lossfromcatastrophes": 831000,
        "depreciationdepletionandamortization": 117423000,
        "interestexpensedebt": 35013000,
        "interestexpenseother": 1047000,
        "costsandexpenses": 393060000,
        "incomelossfromcontinuingoperationsbeforeincometaxesminorityinterestandincomelossfromequitymethodinvestments": -8795000,
        "remeasurementofmarketablesecurities": 8765000,
        "foreigncurrencytransactiongainlossbeforetax": 10480000,
        "othernonoperatingincomeexpense": -390000,
        "lossonremeasurementofinvestment": -103000,
        "lossonremeasurementofnotesreceivable": -964000,
        "deferredincometaxexpensebenefit": -761000,
        "profitloss": 9818000,
        "preferredreturntoseriesa1preferredopunits": -2136000,
        "netincomelossattributabletononcontrollinginterest": -96000,
        "netincomeloss": 7586000,
        "netincomelossavailabletocommonstockholdersbasic": 7586000,
        "weightedaveragenumberofsharesoutstandingbasic": 2251000,
        "weightedaveragenumberofdilutedsharesoutstanding": 2249000,
        "earningspersharebasic": 0.05000000000000002,
        "earningspersharediluted": 0.05000000000000002,
        "comprehensiveincomenetoftaxincludingportionattributabletononcontrollinginterest": 15305000,
        "comprehensiveincomenetoftaxattributabletononcontrollinginterest": 179000,
        "comprehensiveincomenetoftax": 15126000
    },
    {
        "date": "2020-09-29",
        "symbol": "SUI",
        "period": "Q3",
        "revenuefromcontractwithcustomerincludingassessedtax": 284373000,
        "revenuefromhomesales": 47662000,
        "rentalhomerevenue": 16171000,
        "ancillaryrevenue": 43803000,
        "interestincomeoperating": 2624000,
        "brokeragecommissionsandotherincomenet": 5881000,
        "revenues": 400514000,
        "realestatetaxexpense": 17442000,
        "costofotherpropertyoperatingexpense": 90647000,
        "directcostsofleasedandrentedpropertyorequipment": 5949000,
        "othercostandexpenseoperating": 20023000,
        "sellingexpense": 3652000,
        "generalandadministrativeexpense": 27243000,
        "lossfromcatastrophes": 14000,
        "depreciationdepletionandamortization": 88499000,
        "gainslossesonextinguishmentofdebt": 0,
        "interestexpensedebt": 30214000,
        "interestexpenseother": 1047000,
        "costsandexpenses": 320967000,
        "incomelossfromcontinuingoperationsbeforeincometaxesminorityinterestandincomelossfromequitymethodinvestments": 79547000,
        "remeasurementofmarketablesecurities": 1492000,
        "foreigncurrencytransactiongainlossbeforetax": 4664000,
        "othernonoperatingincomeexpense": -2524000,
        "lossonremeasurementofnotesreceivable": -445000,
        "stateandlocalincometaxexpensebenefitcontinuingoperations": -107000,
        "lossonremeasurementofinvestment": -446000,
        "deferredincometaxexpensebenefit": -562000,
        "profitloss": 89756000,
        "preferredreturntoseriesa1preferredopunits": -1645000,
        "netincomelossattributabletononcontrollinginterest": -6907000,
        "netincomeloss": 81204000,
        "netincomelossavailabletocommonstockholdersbasic": 81204000,
        "weightedaveragenumberofsharesoutstandingbasic": -92999000,
        "weightedaveragenumberofdilutedsharesoutstanding": -93827000,
        "earningspersharebasic": 0.8500000000000001,
        "earningspersharediluted": 0.8500000000000001,
        "distributionsfromaffiliate": 1204000,
        "othercomprehensiveincomeunrealizedgainlossonderivativesarisingduringperiodnetoftax": 2146000,
        "comprehensiveincomenetoftaxincludingportionattributabletononcontrollinginterest": 91902000,
        "comprehensiveincomenetoftaxattributabletononcontrollinginterest": 6804000,
        "comprehensiveincomenetoftax": 85098000
    },
    {
        "date": "2020-06-29",
        "symbol": "SUI",
        "period": "Q2",
        "revenuefromcontractwithcustomerincludingassessedtax": 231484000,
        "revenuefromhomesales": 38530000,
        "rentalhomerevenue": 14968000,
        "ancillaryrevenue": 12375000,
        "interestincomeoperating": 2635000,
        "brokeragecommissionsandotherincomenet": 3274000,
        "revenues": 303266000,
        "realestatetaxexpense": 17723000,
        "costofotherpropertyoperatingexpense": 65204000,
        "costofgoodsandservicessold": 29181000,
        "directcostsofleasedandrentedpropertyorequipment": 4685000,
        "othercostandexpenseoperating": 8226000,
        "sellingexpense": 2864000,
        "generalandadministrativeexpense": 26733000,
        "lossfromcatastrophes": -566000,
        "depreciationdepletionandamortization": 87265000,
        "gainslossesonextinguishmentofdebt": -1930000,
        "interestexpensedebt": 31428000,
        "interestexpenseother": 1042000,
        "costsandexpenses": 275715000,
        "incomelossfromcontinuingoperationsbeforeincometaxesminorityinterestandincomelossfromequitymethodinvestments": 27551000,
        "remeasurementofmarketablesecurities": 24519000,
        "foreigncurrencytransactiongainlossbeforetax": 10374000,
        "othernonoperatingincomeexpense": -552000,
        "lossonremeasurementofnotesreceivable": 246000,
        "stateandlocalincometaxexpensebenefitcontinuingoperations": 119000,
        "lossonremeasurementofinvestment": 1132000,
        "deferredincometaxexpensebenefit": -112000,
        "profitloss": 63355000,
        "preferredreturntoseriesa1preferredopunits": -1584000,
        "netincomelossattributabletononcontrollinginterest": -2861000,
        "netincomeloss": 58910000,
        "netincomelossavailabletocommonstockholdersbasic": 58910000,
        "weightedaveragenumberofsharesoutstandingbasic": 95859000,
        "weightedaveragenumberofdilutedsharesoutstanding": 96165000,
        "earningspersharebasic": 0.61,
        "earningspersharediluted": 0.61,
        "distributionsfromaffiliate": 92000,
        "othercomprehensiveincomeunrealizedgainlossonderivativesarisingduringperiodnetoftax": 3872000,
        "comprehensiveincomenetoftaxincludingportionattributabletononcontrollinginterest": 67227000,
        "comprehensiveincomenetoftaxattributabletononcontrollinginterest": 2883000,
        "comprehensiveincomenetoftax": 64344000
    },
    {
        "date": "2020-03-30",
        "symbol": "SUI",
        "period": "Q1",
        "profitloss": -15478000,
        "othercomprehensiveincomeunrealizedgainlossonderivativesarisingduringperiodnetoftax": -7300000,
        "comprehensiveincomenetoftaxincludingportionattributabletononcontrollinginterest": -22778000,
        "comprehensiveincomenetoftaxattributabletononcontrollinginterest": -1268000,
        "comprehensiveincomenetoftax": -21510000,
        "revenuefromcontractwithcustomerincludingassessedtax": 237785000,
        "revenuefromhomesales": 40587000,
        "rentalhomerevenue": 15472000,
        "ancillaryrevenue": 10195000,
        "interestincomeoperating": 2350000,
        "brokeragecommissionsandotherincomenet": 3913000,
        "revenues": 310302000,
        "realestatetaxexpense": 17176000,
        "costofotherpropertyoperatingexpense": 64057000,
        "costofgoodsandservicessold": 30032000,
        "directcostsofleasedandrentedpropertyorequipment": 5494000,
        "othercostandexpenseoperating": 7482000,
        "sellingexpense": 3992000,
        "generalandadministrativeexpense": 25517000,
        "lossfromcatastrophes": 606000,
        "depreciationdepletionandamortization": 83689000,
        "gainslossesonextinguishmentofdebt": -3279000,
        "interestexpensedebt": 32416000,
        "interestexpenseother": 1041000,
        "costsandexpenses": 274781000,
        "incomelossfromcontinuingoperationsbeforeincometaxesminorityinterestandincomelossfromequitymethodinvestments": 35521000,
        "remeasurementofmarketablesecurities": -28647000,
        "foreigncurrencytransactiongainlossbeforetax": -17479000,
        "othernonoperatingincomeexpense": -302000,
        "lossonremeasurementofnotesreceivable": -2112000,
        "stateandlocalincometaxexpensebenefitcontinuingoperations": 450000,
        "lossonremeasurementofinvestment": -2191000,
        "deferredincometaxexpensebenefit": -130000,
        "preferredreturntoseriesa1preferredopunits": -1570000,
        "netincomelossattributabletononcontrollinginterest": 962000,
        "netincomeloss": -16086000,
        "netincomelossavailabletocommonstockholdersbasic": -16086000,
        "weightedaveragenumberofsharesoutstandingbasic": 92410000,
        "weightedaveragenumberofdilutedsharesoutstanding": 92935000,
        "earningspersharebasic": -0.17,
        "earningspersharediluted": -0.17,
        "distributionsfromaffiliate": 52000
    },
    {
        "date": "2019-12-30",
        "symbol": "SUI",
        "period": "Q4",
        "profitloss": 30685000,
        "comprehensiveincomenetoftaxincludingportionattributabletononcontrollinginterest": 36068000,
        "comprehensiveincomenetoftaxattributabletononcontrollinginterest": 965000,
        "comprehensiveincomenetoftax": 35103000,
        "revenuefromcontractwithcustomerincludingassessedtax": 226363000,
        "revenuefromhomesales": 45271000,
        "rentalhomerevenue": 14745000,
        "ancillaryrevenue": 9135000,
        "interestincomeoperating": 3368000,
        "brokeragecommissionsandotherincomenet": 2937000,
        "revenues": 301819000,
        "costofotherpropertyoperatingexpense": 63486000,
        "realestatetaxexpense": 15425000,
        "costofgoodsandservicessold": 34327000,
        "directcostsofleasedandrentedpropertyorequipment": 6108000,
        "othercostandexpenseoperating": 9144000,
        "sellingexpense": 3752000,
        "lossfromcatastrophes": 435000,
        "depreciationdepletionandamortization": 98826000,
        "gainslossesonextinguishmentofdebt": -3027000,
        "interestexpensedebt": 33259000,
        "interestexpenseother": 1207000,
        "costsandexpenses": 294401000,
        "incomelossfromcontinuingoperationsbeforeincometaxesminorityinterestandincomelossfromequitymethodinvestments": 7418000,
        "remeasurementofmarketablesecurities": 17692000,
        "othernonoperatingincomeexpense": 4946000,
        "deferredincometaxexpensebenefit": -258000,
        "preferredreturntoseriesa1preferredopunits": 1418000,
        "netincomelossattributabletononcontrollinginterest": 720000,
        "netincomeloss": 28547000,
        "preferredstockdividendsincomestatementimpact": 0,
        "netincomelossavailabletocommonstockholdersbasic": 28547000,
        "weightedaveragenumberofsharesoutstandingbasic": -174037000,
        "weightedaveragenumberofdilutedsharesoutstanding": -175014000,
        "earningspersharebasic": 0.30999999999999994,
        "earningspersharediluted": 0.30999999999999994
    },
    {
        "date": "2019-09-29",
        "symbol": "SUI",
        "period": "Q3",
        "profitloss": 64451000,
        "othercomprehensiveincomeunrealizedgainlossonderivativesarisingduringperiodnetoftax": -1717000,
        "comprehensiveincomenetoftaxincludingportionattributabletononcontrollinginterest": 62734000,
        "comprehensiveincomenetoftaxattributabletononcontrollinginterest": 5346000,
        "comprehensiveincomenetoftax": 57388000,
        "revenuefromcontractwithcustomerincludingassessedtax": 256423000,
        "revenuefromhomesales": 49805000,
        "rentalhomerevenue": 14444000,
        "ancillaryrevenue": 31999000,
        "interestincomeoperating": 4770000,
        "brokeragecommissionsandotherincomenet": 5002000,
        "revenues": 362443000,
        "realestatetaxexpense": 15399000,
        "costofotherpropertyoperatingexpense": 79095000,
        "costofgoodsandservicessold": 36318000,
        "directcostsofleasedandrentedpropertyorequipment": 6008000,
        "othercostandexpenseoperating": 18707000,
        "sellingexpense": 3988000,
        "generalandadministrativeexpense": 22975000,
        "depreciationdepletionandamortization": 76532000,
        "gainslossesonextinguishmentofdebt": -12755000,
        "interestexpensedebt": 32219000,
        "interestexpenseother": 1216000,
        "costsandexpenses": 305553000,
        "incomelossfromcontinuingoperationsbeforeincometaxesminorityinterestandincomelossfromequitymethodinvestments": 56890000,
        "remeasurementofmarketablesecurities": 12661000,
        "lossfromcatastrophes": 341000,
        "othernonoperatingincomeexpense": -4408000,
        "stateandlocalincometaxexpensebenefitcontinuingoperations": 420000,
        "currentstateandlocaltaxexpensebenefit": 400000,
        "deferredincometaxexpensebenefit": 349000,
        "preferredreturntoseriesa1preferredopunits": 1599000,
        "netincomelossattributabletononcontrollinginterest": 5422000,
        "netincomeloss": 57430000,
        "preferredstockdividendsincomestatementimpact": 428000,
        "netincomelossavailabletocommonstockholdersbasic": 57002000,
        "weightedaveragenumberofsharesoutstandingbasic": 89847000,
        "weightedaveragenumberofdilutedsharesoutstanding": 90332000,
        "earningspersharebasic": 0.63,
        "earningspersharediluted": 0.63,
        "distributionsfromaffiliate": 77000
    },
    {
        "date": "2019-06-29",
        "symbol": "SUI",
        "period": "Q2",
        "profitloss": 45116000,
        "othercomprehensiveincomeunrealizedgainlossonderivativesarisingduringperiodnetoftax": 1913000,
        "comprehensiveincomenetoftaxincludingportionattributabletononcontrollinginterest": 43203000,
        "comprehensiveincomenetoftaxattributabletononcontrollinginterest": 2494000,
        "comprehensiveincomenetoftax": 40709000,
        "revenuefromcontractwithcustomerincludingassessedtax": 226099000,
        "revenuefromhomesales": 47242000,
        "rentalhomerevenue": 14412000,
        "ancillaryrevenue": 17265000,
        "interestincomeoperating": 4919000,
        "brokeragecommissionsandotherincomenet": 2508000,
        "revenues": 312445000,
        "realestatetaxexpense": 15726000,
        "costofotherpropertyoperatingexpense": 65888000,
        "costofgoodsandservicessold": 34435000,
        "directcostsofleasedandrentedpropertyorequipment": 5091000,
        "othercostandexpenseoperating": 12480000,
        "sellingexpense": 3626000,
        "generalandadministrativeexpense": 23697000,
        "depreciationdepletionandamortization": 76153000,
        "gainslossesonextinguishmentofdebt": -70000,
        "interestexpensedebt": 33661000,
        "interestexpenseother": 1181000,
        "costsandexpenses": 272187000,
        "incomelossfromcontinuingoperationsbeforeincometaxesminorityinterestandincomelossfromequitymethodinvestments": 40258000,
        "remeasurementofmarketablesecurities": 3620000,
        "lossfromcatastrophes": 179000,
        "othernonoperatingincomeexpense": 1021000,
        "stateandlocalincometaxexpensebenefitcontinuingoperations": 272000,
        "currentstateandlocaltaxexpensebenefit": 300000,
        "deferredincometaxexpensebenefit": -96000,
        "preferredreturntoseriesa1preferredopunits": 1718000,
        "netincomelossattributabletononcontrollinginterest": 2585000,
        "netincomeloss": 40813000,
        "preferredstockdividendsincomestatementimpact": 428000,
        "netincomelossavailabletocommonstockholdersbasic": 40385000,
        "weightedaveragenumberofsharesoutstandingbasic": 87130000,
        "weightedaveragenumberofdilutedsharesoutstanding": 87564000,
        "earningspersharebasic": 0.46,
        "earningspersharediluted": 0.46,
        "distributionsfromaffiliate": 393000
    },
    {
        "date": "2019-03-30",
        "symbol": "SUI",
        "period": "Q1",
        "profitloss": 37127000,
        "othercomprehensiveincomeunrealizedgainlossonderivativesarisingduringperiodnetoftax": 1575000,
        "comprehensiveincomenetoftaxincludingportionattributabletononcontrollinginterest": 38702000,
        "comprehensiveincomenetoftaxattributabletononcontrollinginterest": 1118000,
        "comprehensiveincomenetoftax": 37584000,
        "revenuefromcontractwithcustomerincludingassessedtax": 216779000,
        "revenuefromhomesales": 39618000,
        "rentalhomerevenue": 13971000,
        "ancillaryrevenue": 8482000,
        "interestincomeoperating": 4800000,
        "brokeragecommissionsandotherincomenet": 3680000,
        "revenues": 287330000,
        "realestatetaxexpense": 15330000,
        "costofotherpropertyoperatingexpense": 57909000,
        "costofgoodsandservicessold": 29277000,
        "directcostsofleasedandrentedpropertyorequipment": 4788000,
        "othercostandexpenseoperating": 7101000,
        "sellingexpense": 3324000,
        "generalandadministrativerealproperty": 21887000,
        "depreciationdepletionandamortization": 76556000,
        "gainslossesonextinguishmentofdebt": -653000,
        "interestexpensedebt": 34014000,
        "interestexpenseother": 1094000,
        "costsandexpenses": 252715000,
        "incomelossfromcontinuingoperationsbeforeincometaxesminorityinterestandincomelossfromequitymethodinvestments": 34615000,
        "remeasurementofmarketablesecurities": 267000,
        "lossfromcatastrophes": 782000,
        "othernonoperatingincomeexpense": 1898000,
        "stateandlocalincometaxexpensebenefitcontinuingoperations": 214000,
        "currentstateandlocaltaxexpensebenefit": 200000,
        "deferredincometaxexpensebenefit": -217000,
        "preferredreturntoseriesa1preferredopunits": 1323000,
        "netincomelossattributabletononcontrollinginterest": 1041000,
        "netincomeloss": 34763000,
        "preferredstockdividendsincomestatementimpact": 432000,
        "netincomelossavailabletocommonstockholdersbasic": 34331000,
        "weightedaveragenumberofsharesoutstandingbasic": 85520000,
        "weightedaveragenumberofdilutedsharesoutstanding": 86033000,
        "earningspersharebasic": 0.4,
        "earningspersharediluted": 0.4,
        "distributionsfromaffiliate": 344000
    },
    {
        "date": "2018-12-30",
        "symbol": "SUI",
        "period": "Q4",
        "profitloss": -5903000,
        "comprehensiveincomenetoftaxincludingportionattributabletononcontrollinginterest": 6359000,
        "comprehensiveincomenetoftaxattributabletononcontrollinginterest": -148000,
        "comprehensiveincomenetoftax": 6507000,
        "revenuefromhomesales": 43783000,
        "rentalhomerevenue": 13700000,
        "interestincomeoperating": 5004000,
        "brokeragecommissionsandotherincomenet": 3073000,
        "revenues": 273945000,
        "costofotherpropertyoperatingexpense": 54412000,
        "realestatetaxexpense": 14110000,
        "directcostsofleasedandrentedpropertyorequipment": 6522000,
        "othercostandexpenseoperating": 8755000,
        "sellingexpense": 4403000,
        "lossfromcatastrophes": 2298000,
        "depreciationdepletionandamortization": 81070000,
        "interestexpensedebt": 32170000,
        "interestexpenseother": 1143000,
        "costsandexpenses": 257131000,
        "incomelossfromcontinuingoperationsbeforeincometaxesminorityinterestandincomelossfromequitymethodinvestments": 16814000,
        "othernonoperatingincomeexpense": -3238000,
        "stateandlocalincometaxexpensebenefitcontinuingoperations": -17000,
        "deferredincometaxexpensebenefit": -471000,
        "preferredreturntoseriesa1preferredopunits": 1151000,
        "netincomeloss": -6284000,
        "preferredstockdividendsincomestatementimpact": 431000,
        "netincomelossavailabletocommonstockholdersbasic": -6715000,
        "weightedaveragenumberofsharesoutstandingbasic": -158679000,
        "weightedaveragenumberofdilutedsharesoutstanding": -159621000,
        "earningspersharebasic": 0.09999999999999998,
        "earningspersharediluted": 0.09999999999999998
    },
    {
        "date": "2018-09-29",
        "symbol": "SUI",
        "period": "Q3",
        "profitloss": 56568000,
        "othercomprehensiveincomeunrealizedgainlossonderivativesarisingduringperiodnetoftax": 1890000,
        "comprehensiveincomenetoftaxincludingportionattributabletononcontrollinginterest": 53605000,
        "comprehensiveincomenetoftaxattributabletononcontrollinginterest": 4167000,
        "comprehensiveincomenetoftax": 49438000,
        "realestaterevenuenet": 229607000,
        "revenuefromhomesales": 46131000,
        "rentalhomerevenue": 13589000,
        "salesrevenueservicesgross": 27608000,
        "interestincomeoperating": 5256000,
        "brokeragecommissionsandotherincomenet": 1347000,
        "revenues": 323538000,
        "costofotherpropertyoperatingexpense": 71364000,
        "realestatetaxexpense": 14533000,
        "costofrealestatesales": 33692000,
        "directcostsofleasedandrentedpropertyorequipment": 6139000,
        "othercostandexpenseoperating": 15361000,
        "sellingexpense": 4043000,
        "generalandadministrativerealproperty": 20127000,
        "businesscombinationacquisitionrelatedcosts": 24000,
        "depreciationdepletionandamortization": 71982000,
        "gainslossesonextinguishmentofdebt": -939000,
        "interestexpensedebt": 33521000,
        "interestexpenseother": 1142000,
        "costsandexpenses": 273040000,
        "incomelossfromcontinuingoperationsbeforeincometaxesminorityinterestandincomelossfromequitymethodinvestments": 50498000,
        "lossfromcatastrophes": 173000,
        "othernonoperatingincomeexpense": 1230000,
        "stateandlocalincometaxexpensebenefitcontinuingoperations": 213000,
        "currentstateandlocaltaxexpensebenefit": -200000,
        "deferredincometaxexpensebenefit": 199000,
        "preferredreturntoseriesa1preferredopunits": 1152000,
        "netincomelossattributabletononcontrollinginterest": 4071000,
        "netincomeloss": 51112000,
        "preferredstockdividendsincomestatementimpact": 432000,
        "netincomelossavailabletocommonstockholdersbasic": 50680000,
        "weightedaveragenumberofsharesoutstandingbasic": 81599000,
        "weightedaveragenumberofdilutedsharesoutstanding": 82081000,
        "earningspersharebasic": 0.56,
        "earningspersharediluted": 0.56
    },
    {
        "date": "2018-06-29",
        "symbol": "SUI",
        "period": "Q2",
        "profitloss": 29822000,
        "othercomprehensiveincomeunrealizedgainlossonderivativesarisingduringperiodnetoftax": -1594000,
        "comprehensiveincomenetoftaxincludingportionattributabletononcontrollinginterest": 22576000,
        "comprehensiveincomenetoftaxattributabletononcontrollinginterest": 2147000,
        "comprehensiveincomenetoftax": 20429000,
        "realestaterevenuenet": 198670000,
        "revenuefromhomesales": 41217000,
        "rentalhomerevenue": 13348000,
        "salesrevenueservicesgross": 12031000,
        "interestincomeoperating": 5277000,
        "brokeragecommissionsandotherincomenet": 883000,
        "revenues": 271426000,
        "costofotherpropertyoperatingexpense": 58691000,
        "realestatetaxexpense": 14076000,
        "costofrealestatesales": 30932000,
        "directcostsofleasedandrentedpropertyorequipment": 5268000,
        "othercostandexpenseoperating": 8241000,
        "sellingexpense": 3986000,
        "generalandadministrativerealproperty": 21442000,
        "businesscombinationacquisitionrelatedcosts": 57000,
        "depreciationdepletionandamortization": 67773000,
        "gainslossesonextinguishmentofdebt": -1522000,
        "interestexpensedebt": 32260000,
        "interestexpenseother": 790000,
        "costsandexpenses": 245091000,
        "incomelossfromcontinuingoperationsbeforeincometaxesminorityinterestandincomelossfromequitymethodinvestments": 26335000,
        "lossfromcatastrophes": -22000,
        "othernonoperatingincomeexpense": -1829000,
        "stateandlocalincometaxexpensebenefitcontinuingoperations": 225000,
        "currentstateandlocaltaxexpensebenefit": -200000,
        "deferredincometaxexpensebenefit": 112000,
        "preferredreturntoseriesa1preferredopunits": 1103000,
        "netincomelossattributabletononcontrollinginterest": 2227000,
        "netincomeloss": 26210000,
        "preferredstockdividendsincomestatementimpact": 432000,
        "netincomelossavailabletocommonstockholdersbasic": 25778000,
        "weightedaveragenumberofsharesoutstandingbasic": 79612000,
        "weightedaveragenumberofdilutedsharesoutstanding": 80116000,
        "earningspersharebasic": 0.25,
        "earningspersharediluted": 0.25
    },
    {
        "date": "2018-03-30",
        "symbol": "SUI",
        "period": "Q1",
        "profitloss": 39671000,
        "othercomprehensiveincomeunrealizedgainlossonderivativesarisingduringperiodnetoftax": -89000,
        "comprehensiveincomenetoftaxincludingportionattributabletononcontrollinginterest": 31740000,
        "comprehensiveincomenetoftaxattributabletononcontrollinginterest": 2005000,
        "comprehensiveincomenetoftax": 29735000,
        "realestaterevenuenet": 197211000,
        "revenuefromhomesales": 34900000,
        "rentalhomerevenue": 13020000,
        "salesrevenueservicesgross": 6568000,
        "interestincomeoperating": 5316000,
        "brokeragecommissionsandotherincomenet": 901000,
        "revenues": 257916000,
        "costofotherpropertyoperatingexpense": 51630000,
        "realestatetaxexpense": 13836000,
        "costofrealestatesales": 26571000,
        "directcostsofleasedandrentedpropertyorequipment": 5170000,
        "othercostandexpenseoperating": 5266000,
        "sellingexpense": 3290000,
        "generalandadministrativerealproperty": 19931000,
        "depreciationdepletionandamortization": 66437000,
        "gainslossesonextinguishmentofdebt": -196000,
        "interestexpensedebt": 31138000,
        "interestexpenseother": 619000,
        "costsandexpenses": 221871000,
        "incomelossfromcontinuingoperationsbeforeincometaxesminorityinterestandincomelossfromequitymethodinvestments": 36045000,
        "lossfromcatastrophes": -2357000,
        "othernonoperatingincomeexpense": -2616000,
        "stateandlocalincometaxexpensebenefitcontinuingoperations": 174000,
        "currentstateandlocaltaxexpensebenefit": -200000,
        "deferredincometaxexpensebenefit": -347000,
        "preferredreturntoseriesa1preferredopunits": 1080000,
        "netincomelossattributabletononcontrollinginterest": 2094000,
        "netincomeloss": 36191000,
        "preferredstockdividendsincomestatementimpact": 441000,
        "netincomelossavailabletocommonstockholdersbasic": 35750000,
        "weightedaveragenumberofsharesoutstandingbasic": 78855000,
        "weightedaveragenumberofdilutedsharesoutstanding": 79464000,
        "earningspersharebasic": 0.38,
        "earningspersharediluted": 0.38
    },
    {
        "date": "2017-12-30",
        "symbol": "SUI",
        "period": "Q4",
        "profitloss": -7991000,
        "comprehensiveincomenetoftaxincludingportionattributabletononcontrollinginterest": 9892000,
        "comprehensiveincomenetoftaxattributabletononcontrollinginterest": 855000,
        "comprehensiveincomenetoftax": 9037000,
        "realestaterevenuenet": 181450000,
        "revenuefromhomesales": 36089000,
        "rentalhomerevenue": 12775000,
        "salesrevenueservicesgross": 5425000,
        "interestincomeoperating": 5571000,
        "brokeragecommissionsandotherincomenet": 716000,
        "revenues": 242026000,
        "costofotherpropertyoperatingexpense": 50417000,
        "realestatetaxexpense": 12966000,
        "costofrealestatesales": 27115000,
        "directcostsofleasedandrentedpropertyorequipment": 5179000,
        "othercostandexpenseoperating": 5352000,
        "sellingexpense": 3066000,
        "businesscombinationacquisitionrelatedcosts": 2811000,
        "depreciationdepletionandamortization": 71817000,
        "gainslossesonextinguishmentofdebt": -5260000,
        "interestexpensedebt": 31363000,
        "interestexpenseother": 753000,
        "costsandexpenses": 242974000,
        "incomelossfromcontinuingoperationsbeforeincometaxesminorityinterestandincomelossfromequitymethodinvestments": -948000,
        "othernonoperatingincomeexpense": 3642000,
        "stateandlocalincometaxexpensebenefitcontinuingoperations": -195000,
        "deferredincometaxexpensebenefit": 163000,
        "preferredreturntoseriesa1preferredopunits": 1099000,
        "netincomeloss": 13991000,
        "preferredstockdividendsincomestatementimpact": 929000,
        "netincomelossavailabletocommonstockholdersbasic": 13062000,
        "weightedaveragenumberofsharesoutstandingbasic": 850000,
        "weightedaveragenumberofdilutedsharesoutstanding": 865000,
        "earningspersharebasic": 0.09000000000000002,
        "earningspersharediluted": 0.09000000000000002
    },
    {
        "date": "2017-09-29",
        "symbol": "SUI",
        "period": "Q3",
        "profitloss": 36588000,
        "othercomprehensiveincomeunrealizedgainlossonderivativesarisingduringperiodnetoftax": -1513000,
        "comprehensiveincomenetoftaxincludingportionattributabletononcontrollinginterest": 31606000,
        "comprehensiveincomenetoftaxattributabletononcontrollinginterest": 1912000,
        "comprehensiveincomenetoftax": 29694000,
        "realestaterevenuenet": 198263000,
        "revenuefromhomesales": 33197000,
        "rentalhomerevenue": 12757000,
        "salesrevenueservicesgross": 17017000,
        "interestincomeoperating": 5920000,
        "brokeragecommissionsandotherincomenet": 1091000,
        "revenues": 268245000,
        "costofotherpropertyoperatingexpense": 59249000,
        "realestatetaxexpense": 13053000,
        "costofrealestatesales": 25094000,
        "directcostsofleasedandrentedpropertyorequipment": 6775000,
        "othercostandexpenseoperating": 9993000,
        "sellingexpense": 3290000,
        "generalandadministrativerealproperty": 18267000,
        "businesscombinationacquisitionrelatedcosts": 2153000,
        "depreciationdepletionandamortization": 64232000,
        "gainslossesonextinguishmentofdebt": -932000,
        "interestexpensedebt": 32085000,
        "interestexpenseother": 790000,
        "costsandexpenses": 234995000,
        "incomelossfromcontinuingoperationsbeforeincometaxesminorityinterestandincomelossfromequitymethodinvestments": 33250000,
        "othernonoperatingincomeexpense": 3702000,
        "stateandlocalincometaxexpensebenefitcontinuingoperations": -38000,
        "deferredincometaxexpensebenefit": -81000,
        "preferredreturntoseriesa1preferredopunits": 1112000,
        "netincomeloss": 33302000,
        "preferredstockdividendsincomestatementimpact": 1955000,
        "netincomelossavailabletocommonstockholdersbasic": 31347000,
        "weightedaveragenumberofsharesoutstandingbasic": -72121000,
        "weightedaveragenumberofdilutedsharesoutstanding": -72428000,
        "earningspersharebasic": 0.31,
        "earningspersharediluted": 0.31
    },
    {
        "date": "2017-06-29",
        "symbol": "SUI",
        "period": "Q2",
        "profitloss": 20506000,
        "othercomprehensiveincomeunrealizedgainlossonderivativesarisingduringperiodnetoftax": 1745000,
        "comprehensiveincomenetoftaxincludingportionattributabletononcontrollinginterest": 18719000,
        "comprehensiveincomenetoftaxattributabletononcontrollinginterest": 1411000,
        "comprehensiveincomenetoftax": 17308000,
        "realestaterevenuenet": 179461000,
        "revenuefromhomesales": 30859000,
        "rentalhomerevenue": 12678000,
        "salesrevenueservicesgross": 8850000,
        "interestincomeoperating": 5043000,
        "brokeragecommissionsandotherincomenet": 1008000,
        "revenues": 237899000,
        "costofotherpropertyoperatingexpense": 53446000,
        "realestatetaxexpense": 13126000,
        "costofrealestatesales": 22022000,
        "directcostsofleasedandrentedpropertyorequipment": 4944000,
        "othercostandexpenseoperating": 7058000,
        "sellingexpense": 2990000,
        "generalandadministrativerealproperty": 19989000,
        "businesscombinationacquisitionrelatedcosts": 2437000,
        "depreciationdepletionandamortization": 62721000,
        "gainslossesonextinguishmentofdebt": -293000,
        "interestexpensedebt": 32358000,
        "interestexpenseother": 787000,
        "costsandexpenses": 222171000,
        "incomelossfromcontinuingoperationsbeforeincometaxesminorityinterestandincomelossfromequitymethodinvestments": 15728000,
        "othernonoperatingincomeexpense": 1095000,
        "stateandlocalincometaxexpensebenefitcontinuingoperations": -7000,
        "deferredincometaxexpensebenefit": -364000,
        "preferredreturntoseriesa1preferredopunits": 1196000,
        "netincomelossattributabletononcontrollinginterest": 1315000,
        "netincomeloss": 17804000,
        "preferredstockdividendsincomestatementimpact": 2099000,
        "netincomelossavailabletocommonstockholdersbasic": 15705000,
        "weightedaveragenumberofsharesoutstandingbasic": 74678000,
        "weightedaveragenumberofdilutedsharesoutstanding": 75154000,
        "earningspersharebasic": 0.16,
        "earningspersharediluted": 0.16
    },
    {
        "date": "2017-03-30",
        "symbol": "SUI",
        "period": "Q1",
        "profitloss": 32511000,
        "othercomprehensiveincomeunrealizedgainlossonderivativesarisingduringperiodnetoftax": 33000,
        "comprehensiveincomenetoftaxincludingportionattributabletononcontrollinginterest": 26129000,
        "comprehensiveincomenetoftaxattributabletononcontrollinginterest": 1121000,
        "comprehensiveincomenetoftax": 25008000,
        "realestaterevenuenet": 183054000,
        "revenuefromhomesales": 27263000,
        "rentalhomerevenue": 12339000,
        "salesrevenueservicesgross": 6219000,
        "interestincomeoperating": 4646000,
        "brokeragecommissionsandotherincomenet": 879000,
        "revenues": 234400000,
        "costofotherpropertyoperatingexpense": 47166000,
        "realestatetaxexpense": 13143000,
        "costofrealestatesales": 20883000,
        "directcostsofleasedandrentedpropertyorequipment": 5102000,
        "othercostandexpenseoperating": 4668000,
        "sellingexpense": 3111000,
        "generalandadministrativerealproperty": 17932000,
        "businesscombinationacquisitionrelatedcosts": 2411000,
        "depreciationdepletionandamortization": 62766000,
        "gainslossesonextinguishmentofdebt": 466000,
        "interestexpensedebt": 31322000,
        "interestexpenseother": 784000,
        "costsandexpenses": 209729000,
        "incomelossfromcontinuingoperationsbeforeincometaxesminorityinterestandincomelossfromequitymethodinvestments": 24671000,
        "othernonoperatingincomeexpense": 544000,
        "stateandlocalincometaxexpensebenefitcontinuingoperations": 178000,
        "deferredincometaxexpensebenefit": -300000,
        "preferredreturntoseriesa1preferredopunits": 1174000,
        "noncontrollinginterestinnetincomelossoperatingpartnershipsredeemable": 1483000,
        "netincomeloss": 29854000,
        "preferredstockdividendsincomestatementimpact": 2179000,
        "netincomelossavailabletocommonstockholdersbasic": 27675000,
        "weightedaveragenumberofsharesoutstandingbasic": 72677000,
        "weightedaveragenumberofdilutedsharesoutstanding": 73120000,
        "earningspersharebasic": 0.29,
        "earningspersharediluted": 0.29
    },
    {
        "date": "2016-12-30",
        "symbol": "SUI",
        "period": "Q4",
        "profitloss": -8929000,
        "comprehensiveincomenetoftaxattributabletononcontrollinginterest": -204000,
        "comprehensiveincomenetoftax": 3530000,
        "realestaterevenuenet": 167357000,
        "revenuefromhomesales": 28520000,
        "rentalhomerevenue": 12084000,
        "salesrevenueservicesgross": 4982000,
        "interestincomeoperating": 4791000,
        "brokeragecommissionsandotherincomenet": 900000,
        "revenues": 218634000,
        "costofotherpropertyoperatingexpense": 47917000,
        "realestatetaxexpense": 12184000,
        "costofrealestatesales": 21617000,
        "directcostsofleasedandrentedpropertyorequipment": 6657000,
        "othercostandexpenseoperating": 6177000,
        "sellingexpense": 1055000,
        "businesscombinationacquisitionrelatedcosts": 3873000,
        "depreciationdepletionandamortization": 62205000,
        "interestexpensedebt": 30641000,
        "interestexpenseother": 789000,
        "costsandexpenses": 211569000,
        "incomelossfromcontinuingoperationsbeforeincometaxesminorityinterestandincomelossfromequitymethodinvestments": 7065000,
        "stateandlocalincometaxexpensebenefitcontinuingoperations": -14000,
        "preferredreturntoseriesa1preferredopunits": 1213000,
        "noncontrollinginterestinnetincomelossoperatingpartnershipsredeemable": -11000,
        "netincomeloss": 5494000,
        "preferredstockdividendsincomestatementimpact": 2198000,
        "netincomelossavailabletocommonstockholdersbasic": 3296000,
        "weightedaveragenumberofsharesoutstandingbasic": -125292000,
        "weightedaveragenumberofdilutedsharesoutstanding": -125631000,
        "earningspersharebasic": -0.020000000000000018,
        "earningspersharediluted": -0.030000000000000027
    },
    {
        "date": "2016-09-29",
        "symbol": "SUI",
        "period": "Q3",
        "profitloss": 28316000,
        "othercomprehensiveincomeunrealizedgainlossonderivativesarisingduringperiodnetoftax": -5227000,
        "comprehensiveincomenetoftaxincludingportionattributabletononcontrollinginterest": 18003000,
        "comprehensiveincomenetoftaxattributabletononcontrollinginterest": 553000,
        "comprehensiveincomenetoftax": 17450000,
        "realestaterevenuenet": 184324000,
        "revenuefromhomesales": 31211000,
        "rentalhomerevenue": 12031000,
        "salesrevenueservicesgross": 16446000,
        "interestincomeoperating": 4705000,
        "brokeragecommissionsandotherincomenet": 984000,
        "revenues": 249701000,
        "costofotherpropertyoperatingexpense": 57089000,
        "realestatetaxexpense": 12384000,
        "costofrealestatesales": 21935000,
        "directcostsofleasedandrentedpropertyorequipment": 6350000,
        "othercostandexpenseoperating": 8539000,
        "sellingexpense": 3553000,
        "generalandadministrativerealproperty": 16575000,
        "businesscombinationacquisitionrelatedcosts": 4171000,
        "depreciationdepletionandamortization": 61483000,
        "interestexpensedebt": 33800000,
        "interestexpenseother": 789000,
        "costsandexpenses": 226688000,
        "incomelossfromcontinuingoperationsbeforeincometaxesminorityinterestandincomelossfromequitymethodinvestments": 23013000,
        "stateandlocalincometaxexpensebenefitcontinuingoperations": 242000,
        "distributionsfromaffiliate": 500000,
        "preferredreturntoseriesa1preferredopunits": 1257000,
        "noncontrollinginterestinnetincomelossoperatingpartnershipsredeemable": 1192000,
        "netincomeloss": 25867000,
        "preferredstockdividendsincomestatementimpact": 2197000,
        "netincomelossavailabletocommonstockholdersbasic": 23670000,
        "weightedaveragenumberofsharesoutstandingbasic": 68655000,
        "weightedaveragenumberofdilutedsharesoutstanding": 69069000,
        "earningspersharebasic": 0.27,
        "earningspersharediluted": 0.27
    },
    {
        "date": "2016-06-29",
        "symbol": "SUI",
        "period": "Q2",
        "profitloss": 252000,
        "othercomprehensiveincomeunrealizedgainlossonderivativesarisingduringperiodnetoftax": 1000,
        "comprehensiveincomenetoftaxincludingportionattributabletononcontrollinginterest": -5037000,
        "comprehensiveincomenetoftaxattributabletononcontrollinginterest": -695000,
        "comprehensiveincomenetoftax": -4342000,
        "realestaterevenuenet": 140001000,
        "revenuefromhomesales": 26039000,
        "rentalhomerevenue": 11957000,
        "salesrevenueservicesgross": 7383000,
        "interestincomeoperating": 4672000,
        "brokeragecommissionsandotherincomenet": 747000,
        "revenues": 190799000,
        "costofotherpropertyoperatingexpense": 37067000,
        "realestatetaxexpense": 10153000,
        "costofrealestatesales": 18684000,
        "directcostsofleasedandrentedpropertyorequipment": 5411000,
        "othercostandexpenseoperating": 5201000,
        "sellingexpense": 2858000,
        "generalandadministrativerealproperty": 16543000,
        "businesscombinationacquisitionrelatedcosts": 21098000,
        "depreciationdepletionandamortization": 49670000,
        "interestexpensedebt": 28428000,
        "interestexpenseother": 787000,
        "costsandexpenses": 195781000,
        "incomelossfromcontinuingoperationsbeforeincometaxesminorityinterestandincomelossfromequitymethodinvestments": -4982000,
        "stateandlocalincometaxexpensebenefitcontinuingoperations": 56000,
        "preferredreturntoseriesa1preferredopunits": 1263000,
        "noncontrollinginterestinnetincomelossoperatingpartnershipsredeemable": -346000,
        "netincomeloss": -665000,
        "preferredstockdividendsincomestatementimpact": 2197000,
        "netincomelossavailabletocommonstockholdersbasic": -2862000,
        "weightedaveragenumberofsharesoutstandingbasic": 64757000,
        "weightedaveragenumberofdilutedsharesoutstanding": 64757000,
        "earningspersharebasic": -0.12,
        "earningspersharediluted": -0.12
    },
    {
        "date": "2016-03-30",
        "symbol": "SUI",
        "period": "Q1",
        "profitloss": 11742000,
        "comprehensiveincomenetoftaxattributabletononcontrollinginterest": 276000,
        "comprehensiveincomenetoftax": 11502000,
        "realestaterevenuenet": 129235000,
        "revenuefromhomesales": 24737000,
        "rentalhomerevenue": 11708000,
        "salesrevenueservicesgross": 4613000,
        "interestincomeoperating": 3945000,
        "brokeragecommissionsandotherincomenet": 406000,
        "revenues": 174644000,
        "costofotherpropertyoperatingexpense": 31201000,
        "realestatetaxexpense": 9585000,
        "costofrealestatesales": 18184000,
        "directcostsofleasedandrentedpropertyorequipment": 5876000,
        "othercostandexpenseoperating": 3508000,
        "sellingexpense": 2278000,
        "generalandadministrativerealproperty": 11774000,
        "generalandadministrativeexpenseshomesalesandrentals": 2018000,
        "businesscombinationacquisitionrelatedcosts": 2721000,
        "depreciationdepletionandamortization": 48412000,
        "interestexpensedebt": 26294000,
        "interestexpenseother": 787000,
        "costsandexpenses": 162638000,
        "incomelossfromcontinuingoperationsbeforeincometaxesminorityinterestandincomelossfromequitymethodinvestments": 12006000,
        "gainlossonsaleofproperties": -25000,
        "stateandlocalincometaxexpensebenefitcontinuingoperations": 187000,
        "preferredreturntoseriesa1preferredopunits": 1273000,
        "noncontrollinginterestinnetincomelossoperatingpartnershipsredeemable": 643000,
        "netincomeloss": 14844000,
        "preferredstockdividendsincomestatementimpact": 2354000,
        "netincomelossavailabletocommonstockholdersbasic": 12490000,
        "weightedaveragenumberofsharesoutstandingbasic": 57736000,
        "weightedaveragenumberofdilutedsharesoutstanding": 58126000,
        "earningspersharebasic": 0.14,
        "earningspersharediluted": 0.14
    },
    {
        "date": "2015-12-30",
        "symbol": "SUI",
        "period": "Q4",
        "profitloss": 99502000,
        "comprehensiveincomenetoftaxincludingportionattributabletononcontrollinginterest": 100042000,
        "comprehensiveincomenetoftaxattributabletononcontrollinginterest": 6922000,
        "comprehensiveincomenetoftax": 93120000,
        "realestaterevenuenet": 123172000,
        "revenuefromhomesales": 25169000,
        "rentalhomerevenue": 11756000,
        "interestincomeoperating": 4074000,
        "brokeragecommissionsandotherincomenet": 491000,
        "revenues": -477126000,
        "costofotherpropertyoperatingexpense": 33360000,
        "realestatetaxexpense": 8683000,
        "costofrealestatesales": 19296000,
        "directcostsofleasedandrentedpropertyorequipment": 6841000,
        "generalandadministrativerealproperty": 9184000,
        "generalandadministrativeexpenseshomesalesandrentals": 3406000,
        "businesscombinationacquisitionrelatedcosts": 4652000,
        "depreciationdepletionandamortization": 47530000,
        "interestexpensedebt": 28066000,
        "interestexpenseother": 790000,
        "costsandexpenses": 165697000,
        "incomelossfromcontinuingoperationsbeforeincometaxesminorityinterestandincomelossfromequitymethodinvestments": 2541000,
        "gainlossonsaleofproperties": 83721000,
        "stateandlocalincometaxexpensebenefitcontinuingoperations": -173000,
        "preferredreturntoseriesa1preferredopunits": 587000,
        "preferredreturntoseriesa3preferredopunits": 45000,
        "preferredreturntoseriesa4preferredopunits": 308000,
        "noncontrollinginterestinnetincomelossoperatingpartnershipsredeemable": 6306000,
        "netincomeloss": 84597000,
        "preferredstockdividendsincomestatementimpact": 2440000,
        "netincomelossavailabletocommonstockholdersbasic": 82157000,
        "weightedaveragenumberofsharesoutstandingbasic": 831000,
        "weightedaveragenumberofdilutedsharesoutstanding": 431000,
        "earningspersharebasic": 1.63,
        "earningspersharediluted": 1.62
    },
    {
        "date": "2015-09-29",
        "symbol": "SUI",
        "period": "Q3",
        "profitloss": 33233000,
        "comprehensiveincomenetoftaxincludingportionattributabletononcontrollinginterest": 39697000,
        "comprehensiveincomenetoftaxattributabletononcontrollinginterest": 2125000,
        "comprehensiveincomenetoftax": 37572000,
        "realestaterevenuenet": 137548000,
        "revenuefromhomesales": 18991000,
        "rentalhomerevenue": 11856000,
        "interestincomeoperating": 3987000,
        "brokeragecommissionsandotherincomenet": 462000,
        "revenues": 187901000,
        "costofotherpropertyoperatingexpense": 38716000,
        "realestatetaxexpense": 8520000,
        "costofrealestatesales": 13386000,
        "directcostsofleasedandrentedpropertyorequipment": 7031000,
        "generalandadministrativerealproperty": 10735000,
        "generalandadministrativeexpenseshomesalesandrentals": 3819000,
        "businesscombinationacquisitionrelatedcosts": 1664000,
        "depreciationdepletionandamortization": 44695000,
        "interestexpensedebt": 27453000,
        "interestexpenseother": 790000,
        "costsandexpenses": 166291000,
        "incomelossfromcontinuingoperationsbeforeincometaxesminorityinterestandincomelossfromequitymethodinvestments": 21610000,
        "gainlossonsaleofproperties": 13415000,
        "stateandlocalincometaxexpensebenefitcontinuingoperations": 103000,
        "preferredreturntoseriesa1preferredopunits": 591000,
        "preferredreturntoseriesa3preferredopunits": 45000,
        "preferredreturntoseriesa4preferredopunits": 326000,
        "noncontrollinginterestinnetincomelossoperatingpartnershipsredeemable": 2295000,
        "netincomeloss": 38128000,
        "preferredstockdividendsincomestatementimpact": 3179000,
        "netincomelossavailabletocommonstockholdersbasic": 30621000,
        "weightedaveragenumberofsharesoutstandingbasic": -52489000,
        "weightedaveragenumberofdilutedsharesoutstanding": -52858000,
        "earningspersharebasic": 0.54,
        "earningspersharediluted": 0.54
    },
    {
        "date": "2015-06-29",
        "symbol": "SUI",
        "period": "Q2",
        "profitloss": 24670000,
        "comprehensiveincomenetoftaxincludingportionattributabletononcontrollinginterest": 18486000,
        "comprehensiveincomenetoftaxattributabletononcontrollinginterest": 743000,
        "comprehensiveincomenetoftax": 17743000,
        "realestaterevenuenet": 125833000,
        "revenuefromhomesales": 18734000,
        "rentalhomerevenue": 11495000,
        "salesrevenueservicesgross": 5254000,
        "interestincomeoperating": 3893000,
        "brokeragecommissionsandotherincomenet": 729000,
        "revenues": 165938000,
        "costofotherpropertyoperatingexpense": 34507000,
        "realestatetaxexpense": 8796000,
        "costofrealestatesales": 13702000,
        "directcostsofleasedandrentedpropertyorequipment": 5479000,
        "othercostandexpenseoperating": 4149000,
        "generalandadministrativerealproperty": 10486000,
        "generalandadministrativeexpenseshomesalesandrentals": 3957000,
        "businesscombinationacquisitionrelatedcosts": 2037000,
        "depreciationdepletionandamortization": 41411000,
        "repaymentsofdebt": -2800000,
        "interestexpensedebt": 26751000,
        "interestexpenseother": 787000,
        "costsandexpenses": 154862000,
        "incomelossfromcontinuingoperationsbeforeincometaxesminorityinterestandincomelossfromequitymethodinvestments": 11076000,
        "gainlossonsaleofproperties": -2000,
        "stateandlocalincometaxexpensebenefitcontinuingoperations": 77000,
        "distributionsfromaffiliate": 7500000,
        "preferredreturntoseriesa1preferredopunits": 622000,
        "preferredreturntoseriesa3preferredopunits": 46000,
        "preferredreturntoseriesa4preferredopunits": 353000,
        "preferredreturntoseriescpreferredopunits": 340000,
        "noncontrollinginterestinnetincomelossoperatingpartnershipsredeemable": 1261000,
        "netincomeloss": 22048000,
        "preferredstockdividendsincomestatementimpact": 4088000,
        "netincomelossavailabletocommonstockholdersbasic": 17960000,
        "weightedaveragenumberofsharesoutstandingbasic": 52846000,
        "weightedaveragenumberofdilutedsharesoutstanding": 53237000,
        "earningspersharebasic": 0.23,
        "earningspersharediluted": 0.23
    },
    {
        "date": "2015-03-30",
        "symbol": "SUI",
        "period": "Q1",
        "profitloss": 12198000,
        "comprehensiveincomenetoftaxincludingportionattributabletononcontrollinginterest": 12248000,
        "comprehensiveincomenetoftaxattributabletononcontrollinginterest": 264000,
        "comprehensiveincomenetoftax": 11984000,
        "realestaterevenuenet": 119525000,
        "revenuefromhomesales": 16834000,
        "rentalhomerevenue": 11129000,
        "othersalesrevenuenet": 645000,
        "interestincomeoperating": 3984000,
        "brokeragecommissionsandotherincomenet": 537000,
        "revenues": 152654000,
        "costofotherpropertyoperatingexpense": 29214000,
        "realestatetaxexpense": 8715000,
        "costofrealestatesales": 12557000,
        "directcostsofleasedandrentedpropertyorequipment": 5605000,
        "generalandadministrativerealproperty": 9830000,
        "generalandadministrativeexpenseshomesalesandrentals": 3514000,
        "businesscombinationacquisitionrelatedcosts": 9449000,
        "depreciationdepletionandamortization": 44001000,
        "interestexpensedebt": 25389000,
        "interestexpenseother": 852000,
        "costsandexpenses": 149126000,
        "incomelossfromcontinuingoperationsbeforeincometaxesminorityinterestandincomelossfromequitymethodinvestments": 3528000,
        "gainlossonsaleofproperties": 9479000,
        "stateandlocalincometaxexpensebenefitcontinuingoperations": 49000,
        "preferredreturntoseriesa1preferredopunits": 631000,
        "preferredreturntoseriesa3preferredopunits": 45000,
        "preferredreturntoseriesa4preferredopunits": 353000,
        "noncontrollinginterestinnetincomelossoperatingpartnershipsredeemable": 760000,
        "netincomeloss": 17388000,
        "preferredstockdividendsincomestatementimpact": 4086000,
        "netincomelossavailabletocommonstockholdersbasic": 13302000,
        "weightedaveragenumberofsharesoutstandingbasic": 52498000,
        "weightedaveragenumberofdilutedsharesoutstanding": 52892000,
        "earningspersharebasic": 0.13,
        "earningspersharediluted": 0.13
    },
    {
        "date": "2014-12-30",
        "symbol": "SUI",
        "period": "Q4",
        "profitloss": 52551000,
        "othercomprehensiveincomeunrealizedgainlossonderivativesarisingduringperiodnetoftax": 89000,
        "comprehensiveincomenetoftaxincludingportionattributabletononcontrollinginterest": -12017000,
        "comprehensiveincomenetoftaxattributabletononcontrollinginterest": -1618000,
        "comprehensiveincomenetoftax": -10399000,
        "realestaterevenuenet": 89946000,
        "revenuefromhomesales": 15105000,
        "rentalhomerevenue": 10249000,
        "othersalesrevenuenet": 19000,
        "interestincomeoperating": 4037000,
        "brokeragecommissionsandotherincomenet": 316000,
        "revenues": 119672000,
        "costofotherpropertyoperatingexpense": 24721000,
        "realestatetaxexpense": 6089000,
        "costofrealestatesales": 11084000,
        "directcostsofleasedandrentedpropertyorequipment": 6574000,
        "generalandadministrativerealproperty": 8592000,
        "generalandadministrativeexpenseshomesalesandrentals": 2921000,
        "businesscombinationacquisitionrelatedcosts": 18259000,
        "depreciationdepletionandamortization": 44875000,
        "interestexpensedebt": 19622000,
        "interestexpenseother": 793000,
        "costsandexpenses": 139267000,
        "incomelossfromcontinuingoperationsbeforeincometaxesminorityinterestandincomelossfromequitymethodinvestments": -19595000,
        "stateandlocalincometaxexpensebenefitcontinuingoperations": 12000,
        "distributionsfromaffiliate": 0,
        "preferredreturntoseriesa1preferredopunits": 657000,
        "preferredreturntoseriesa3preferredopunits": 45000,
        "noncontrollinginterestinnetincomelossoperatingpartnershipsredeemable": -866000,
        "netincomeloss": -4945000,
        "preferredstockdividendsincomestatementimpact": 1591000,
        "netincomelossavailabletocommonstockholdersbasic": 64677000,
        "weightedaveragenumberofsharesoutstandingbasic": 1394000,
        "weightedaveragenumberofdilutedsharesoutstanding": 1846000,
        "earningspersharebasic": -0.35000000000000003,
        "earningspersharediluted": -0.35000000000000003
    },
    {
        "date": "2014-09-29",
        "symbol": "SUI",
        "period": "Q3",
        "profitloss": -49136000,
        "othercomprehensiveincomeunrealizedgainlossonderivativesarisingduringperiodnetoftax": -89000,
        "comprehensiveincomenetoftaxincludingportionattributabletononcontrollinginterest": 26742000,
        "comprehensiveincomenetoftaxattributabletononcontrollinginterest": 1851000,
        "comprehensiveincomenetoftax": 24891000,
        "realestaterevenuenet": 94245000,
        "revenuefromhomesales": 13913000,
        "rentalhomerevenue": 9829000,
        "othersalesrevenuenet": 3565000,
        "interestincomeoperating": 3545000,
        "brokeragecommissionsandotherincomenet": 338000,
        "revenues": 125435000,
        "costofotherpropertyoperatingexpense": 28031000,
        "realestatetaxexpense": 6004000,
        "costofrealestatesales": 10524000,
        "directcostsofleasedandrentedpropertyorequipment": 6232000,
        "generalandadministrativerealproperty": 6971000,
        "generalandadministrativeexpenseshomesalesandrentals": 2313000,
        "businesscombinationacquisitionrelatedcosts": 1848000,
        "depreciationdepletionandamortization": 29917000,
        "interestexpensedebt": 18619000,
        "interestexpenseother": 808000,
        "costsandexpenses": 112655000,
        "incomelossfromcontinuingoperationsbeforeincometaxesminorityinterestandincomelossfromequitymethodinvestments": 12780000,
        "stateandlocalincometaxexpensebenefitcontinuingoperations": 69000,
        "distributionsfromaffiliate": 400000,
        "preferredreturntoseriesa1preferredopunits": 661000,
        "preferredreturntoseriesa3preferredopunits": 45000,
        "noncontrollinginterestinnetincomelossoperatingpartnershipsredeemable": 2442000,
        "netincomeloss": 68301000,
        "preferredstockdividendsincomestatementimpact": 1514000,
        "netincomelossavailabletocommonstockholdersbasic": -41088000,
        "weightedaveragenumberofsharesoutstandingbasic": 883000,
        "weightedaveragenumberofdilutedsharesoutstanding": 884000,
        "earningspersharebasic": 0.56,
        "earningspersharediluted": 0.56,
        "commonstockdividendspersharedeclared": 0.6499999999999998
    },
    {
        "date": "2014-06-29",
        "symbol": "SUI",
        "period": "Q2",
        "profitloss": 36397000,
        "othercomprehensiveincomeunrealizedgainlossonderivativesarisingduringperiodnetoftax": 89000,
        "comprehensiveincomenetoftaxincludingportionattributabletononcontrollinginterest": 7610000,
        "comprehensiveincomenetoftaxattributabletononcontrollinginterest": 458000,
        "comprehensiveincomenetoftax": 7152000,
        "realestaterevenuenet": 86105000,
        "revenuefromhomesales": 14813000,
        "rentalhomerevenue": 9733000,
        "othersalesrevenuenet": 1115000,
        "interestincomeoperating": 3526000,
        "brokeragecommissionsandotherincomenet": 95000,
        "revenues": 115387000,
        "costofotherpropertyoperatingexpense": 25193000,
        "realestatetaxexpense": 6079000,
        "costofrealestatesales": 11100000,
        "directcostsofleasedandrentedpropertyorequipment": 5213000,
        "generalandadministrativerealproperty": 8393000,
        "generalandadministrativeexpenseshomesalesandrentals": 3120000,
        "businesscombinationacquisitionrelatedcosts": -1104000,
        "depreciationdepletionandamortization": 30045000,
        "interestexpensedebt": 17940000,
        "interestexpenseother": 806000,
        "costsandexpenses": 108993000,
        "incomelossfromcontinuingoperationsbeforeincometaxesminorityinterestandincomelossfromequitymethodinvestments": 6394000,
        "stateandlocalincometaxexpensebenefitcontinuingoperations": 69000,
        "distributionsfromaffiliate": 400000,
        "preferredreturntoseriesa1preferredopunits": 664000,
        "preferredreturntoseriesa3preferredopunits": 46000,
        "noncontrollinginterestinnetincomelossoperatingpartnershipsredeemable": 2663000,
        "netincomeloss": -25865000,
        "preferredstockdividendsincomestatementimpact": 1514000,
        "netincomelossavailabletocommonstockholdersbasic": 29279000,
        "weightedaveragenumberofsharesoutstandingbasic": 1920000,
        "weightedaveragenumberofdilutedsharesoutstanding": 1921000,
        "earningspersharebasic": 0.12000000000000002,
        "earningspersharediluted": 0.12000000000000002,
        "commonstockdividendspersharedeclared": 0.65
    },
    {
        "date": "2014-03-30",
        "symbol": "SUI",
        "period": "Q1",
        "profitloss": -6616000,
        "othercomprehensiveincomeunrealizedgainlossonderivativesarisingduringperiodnetoftax": 8000,
        "comprehensiveincomenetoftaxincludingportionattributabletononcontrollinginterest": 10958000,
        "comprehensiveincomenetoftaxattributabletononcontrollinginterest": 792000,
        "comprehensiveincomenetoftax": 10166000,
        "realestaterevenuenet": 87497000,
        "revenuefromhomesales": 10123000,
        "rentalhomerevenue": 9402000,
        "othersalesrevenuenet": 518000,
        "interestincomeoperating": 3354000,
        "brokeragecommissionsandotherincomenet": 287000,
        "revenues": 111181000,
        "costofotherpropertyoperatingexpense": 23189000,
        "realestatetaxexpense": 6009000,
        "costofrealestatesales": 7848000,
        "directcostsofleasedandrentedpropertyorequipment": 5251000,
        "generalandadministrativerealproperty": 7813000,
        "generalandadministrativeexpenseshomesalesandrentals": 2499000,
        "businesscombinationacquisitionrelatedcosts": -752000,
        "depreciationdepletionandamortization": 28889000,
        "interestexpensedebt": 17590000,
        "interestexpenseother": 803000,
        "costsandexpenses": 100651000,
        "incomelossfromcontinuingoperationsbeforeincometaxesminorityinterestandincomelossfromequitymethodinvestments": 10530000,
        "stateandlocalincometaxexpensebenefitcontinuingoperations": 69000,
        "distributionsfromaffiliate": 400000,
        "preferredreturntoseriesa1preferredopunits": 672000,
        "preferredreturntoseriesa3preferredopunits": 45000,
        "noncontrollinginterestinnetincomelossoperatingpartnershipsredeemable": -541000,
        "netincomeloss": 15435000,
        "preferredstockdividendsincomestatementimpact": 1514000,
        "netincomelossavailabletocommonstockholdersbasic": -6075000,
        "weightedaveragenumberofsharesoutstandingbasic": 37140000,
        "weightedaveragenumberofdilutedsharesoutstanding": 37154000,
        "earningspersharebasic": 0.21,
        "earningspersharediluted": 0.21,
        "commonstockdividendspersharedeclared": 0.65
    },
    {
        "date": "2013-12-30",
        "symbol": "SUI",
        "period": "Q4",
        "profitloss": -25033000,
        "othercomprehensiveincomeunrealizedgainlossonderivativesarisingduringperiodnetoftax": 147000,
        "comprehensiveincomenetoftaxincludingportionattributabletononcontrollinginterest": 2729000,
        "comprehensiveincomenetoftaxattributabletononcontrollinginterest": 311000,
        "comprehensiveincomenetoftax": 2418000,
        "realestaterevenuenet": 78128000,
        "revenuefromhomesales": 14652000,
        "rentalhomerevenue": 8422000,
        "otherincomelossnet": 200000,
        "revenues": 379177000,
        "costofotherpropertyoperatingexpense": 21044000,
        "realestatetaxexpense": 5138000,
        "directcostsofleasedandrentedpropertyorequipment": 6154000,
        "generalandadministrativerealproperty": 6855000,
        "generalandadministrativeexpenseshomesalesandrentals": 2002000,
        "businesscombinationacquisitionrelatedcosts": 1159000,
        "costsandexpenses": 102510000,
        "incomelossfromcontinuingoperationsbeforeincometaxesminorityinterestandincomelossfromequitymethodinvestments": 1981000,
        "minorityinterestinnetincomelossoperatingpartnerships": 1513000,
        "netincomeloss": 8520000,
        "preferredstockdividendsincomestatementimpact": 1514000,
        "netincomelossavailabletocommonstockholdersbasic": 40182000,
        "weightedaveragenumberofsharesoutstandingbasic": -68057000,
        "weightedaveragenumberofdilutedsharesoutstanding": -68092000,
        "earningspersharebasic": -0.010000000000000009,
        "earningspersharediluted": -0.010000000000000009
    },
    {
        "date": "2013-09-29",
        "symbol": "SUI",
        "period": "Q3",
        "profitloss": -3613000,
        "othercomprehensiveincomeunrealizedgainlossonderivativesarisingduringperiodnetoftax": 89000,
        "comprehensiveincomenetoftaxincludingportionattributabletononcontrollinginterest": 6059000,
        "comprehensiveincomenetoftaxattributabletononcontrollinginterest": -20000,
        "comprehensiveincomenetoftax": 6079000,
        "realestaterevenuenet": 80158000,
        "revenuefromhomesales": 14145000,
        "rentalhomerevenue": 8445000,
        "nonoperatingincomeexpense": 932000,
        "interestincomeoperating": 3442000,
        "otherincomelossnet": 79000,
        "revenues": 7598000,
        "costofotherpropertyoperatingexpense": 24379000,
        "realestatetaxexpense": 5602000,
        "costofrealestatesales": 10161000,
        "directcostsofleasedandrentedpropertyorequipment": 5504000,
        "generalandadministrativerealproperty": 5927000,
        "generalandadministrativeexpenseshomesalesandrentals": 2227000,
        "businesscombinationacquisitionrelatedcosts": 619000,
        "depreciationdepletionandamortization": 28790000,
        "interestexpensedebt": 17823000,
        "interestexpenseother": 809000,
        "costsandexpenses": 101841000,
        "incomelossfromcontinuingoperationsbeforeincometaxesminorityinterestandincomelossfromequitymethodinvestments": 5360000,
        "stateandlocalincometaxexpensebenefitcontinuingoperations": 90000,
        "distributionsfromaffiliate": 700000,
        "preferredreturntoseriesa1preferredopunits": 690000,
        "preferredreturntoseriesa3preferredopunits": 45000,
        "minorityinterestinnetincomelossoperatingpartnerships": -300000,
        "netincomeloss": 8576000,
        "preferredstockdividendsincomestatementimpact": 1514000,
        "netincomelossavailabletocommonstockholdersbasic": -3313000,
        "weightedaveragenumberofsharesoutstandingbasic": 36128000,
        "weightedaveragenumberofdilutedsharesoutstanding": 36143000,
        "earningspersharebasic": 0.1,
        "earningspersharediluted": 0.1,
        "commonstockdividendspersharedeclared": 0.63
    },
    {
        "date": "2013-06-29",
        "symbol": "SUI",
        "period": "Q2",
        "profitloss": -4205000,
        "othercomprehensiveincomeunrealizedgainlossonderivativesarisingduringperiodnetoftax": 85000,
        "comprehensiveincomenetoftaxincludingportionattributabletononcontrollinginterest": 3359000,
        "comprehensiveincomenetoftaxattributabletononcontrollinginterest": 40000,
        "comprehensiveincomenetoftax": 3319000,
        "realestaterevenuenet": 75746000,
        "revenuefromhomesales": 13199000,
        "rentalhomerevenue": 7977000,
        "nonoperatingincomeexpense": -27000,
        "interestincomeoperating": 3182000,
        "otherincomelossnet": 74000,
        "revenues": 13312000,
        "costofotherpropertyoperatingexpense": 22268000,
        "realestatetaxexpense": 5788000,
        "costofrealestatesales": 9383000,
        "directcostsofleasedandrentedpropertyorequipment": 4485000,
        "generalandadministrativerealproperty": 6369000,
        "generalandadministrativeexpenseshomesalesandrentals": 2812000,
        "businesscombinationacquisitionrelatedcosts": 1108000,
        "depreciationdepletionandamortization": 26064000,
        "interestexpensedebt": 18201000,
        "interestexpenseother": 812000,
        "costsandexpenses": 97290000,
        "incomelossfromcontinuingoperationsbeforeincometaxesminorityinterestandincomelossfromequitymethodinvestments": 2861000,
        "stateandlocalincometaxexpensebenefitcontinuingoperations": 37000,
        "distributionsfromaffiliate": 450000,
        "preferredreturntoseriesa1preferredopunits": 646000,
        "preferredreturntoseriesa3preferredopunits": 46000,
        "minorityinterestinnetincomelossoperatingpartnerships": 386000,
        "netincomeloss": 6401000,
        "preferredstockdividendsincomestatementimpact": 1514000,
        "netincomelossavailabletocommonstockholdersbasic": -3852000,
        "weightedaveragenumberofsharesoutstandingbasic": 35887000,
        "weightedaveragenumberofdilutedsharesoutstanding": 35907000,
        "earningspersharebasic": 0.03,
        "earningspersharediluted": 0.03,
        "commonstockdividendspersharedeclared": 0.63
    },
    {
        "date": "2013-03-30",
        "symbol": "SUI",
        "period": "Q1",
        "profitloss": 12871000,
        "othercomprehensiveincomeunrealizedgainlossonderivativesarisingduringperiodnetoftax": 9000,
        "comprehensiveincomenetoftaxincludingportionattributabletononcontrollinginterest": 8363000,
        "comprehensiveincomenetoftaxattributabletononcontrollinginterest": 419000,
        "comprehensiveincomenetoftax": 7944000,
        "realestaterevenuenet": 79065000,
        "revenuefromhomesales": 12856000,
        "rentalhomerevenue": 7656000,
        "othersalesrevenuenet": 643000,
        "interestincomeexpensenonoperatingnet": 2963000,
        "otherincomelossnet": 196000,
        "revenues": 15135000,
        "costofotherpropertyoperatingexpense": 19946000,
        "realestatetaxexpense": 5756000,
        "costofhomesales": 9816000,
        "directcostsofleasedandrentedpropertyorequipment": 4292000,
        "generalandadministrativerealproperty": 6790000,
        "generalandadministrativeexpenseshomesalesandrentals": 2872000,
        "businesscombinationacquisitionrelatedcosts": 1042000,
        "depreciationandamortization": 16796000,
        "interestexpenselongtermdebt": 18864000,
        "interestexpensecapitalsecurities": 809000,
        "costsandexpenses": 95449000,
        "incomelossfromcontinuingoperationsbeforeincometaxesminorityinterestandincomelossfromequitymethodinvestments": 7930000,
        "incometaxexpensebenefit": 59000,
        "equityincomelossanddistributionsfromaffiliates": 400000,
        "preferredreturntononcontrollinginterest": 573000,
        "minorityinterestinnetincomelossoperatingpartnerships": 851000,
        "netincomelossavailabletocommonstockholdersbasic": -4159000,
        "preferredstockdividendsincomestatementimpact": 1514000,
        "netincomeloss": 11417000,
        "weightedaveragenumberofsharesoutstandingbasic": 30774000,
        "weightedaveragenumberofdilutedsharesoutstanding": 30789000,
        "earningspersharebasic": 0.19,
        "earningspersharediluted": 0.19,
        "commonstockdividendspersharedeclared": 0.63
    },
    {
        "date": "2012-12-30",
        "symbol": "SUI",
        "period": "Q4",
        "profitloss": 29473000,
        "othercomprehensiveincomeunrealizedgainlossonderivativesarisingduringperiodnetoftax": -66000,
        "comprehensiveincomenetoftaxincludingportionattributabletononcontrollinginterest": -602000,
        "comprehensiveincomenetoftaxattributabletononcontrollinginterest": -781000,
        "comprehensiveincomenetoftax": 179000,
        "realestaterevenuenet": 66943000,
        "revenuefromhomesales": 13634000,
        "rentalhomerevenue": 7075000,
        "othersalesrevenuenet": 135000,
        "interestincomeexpensenonoperatingnet": 3111000,
        "otherincomelossnet": 87000,
        "revenues": -135121000,
        "costofotherpropertyoperatingexpense": 17578000,
        "realestatetaxexpense": 4466000,
        "costofhomesales": 10383000,
        "directcostsofleasedandrentedpropertyorequipment": 5051000,
        "generalandadministrativerealproperty": 4632000,
        "generalandadministrativeexpenseshomesalesandrentals": 2522000,
        "businesscombinationacquisitionrelatedcosts": 2862000,
        "depreciationandamortization": 25295000,
        "interestexpenselongtermdebt": 17215000,
        "interestexpensecapitalsecurities": 822000,
        "costsandexpenses": 92178000,
        "incomelossfromcontinuingoperationsbeforeincometaxesminorityinterestandincomelossfromequitymethodinvestments": -1193000,
        "incometaxexpensebenefit": 59000,
        "preferredreturntononcontrollinginterest": 585000,
        "minorityinterestinnetincomelossoperatingpartnerships": -1303000,
        "netincomeloss": -35495000,
        "weightedaveragenumberofsharesoutstandingbasic": -51739000,
        "weightedaveragenumberofdilutedsharesoutstanding": -51756000,
        "earningspersharebasic": -0.07,
        "earningspersharediluted": -0.07,
        "commonstockdividendspersharedeclared": -0.97
    },
    {
        "date": "2012-09-29",
        "symbol": "SUI",
        "period": "Q3",
        "profitloss": -5091000,
        "othercomprehensiveincomeunrealizedgainlossonderivativesarisingduringperiodnetoftax": 44000,
        "comprehensiveincomenetoftaxincludingportionattributabletononcontrollinginterest": -231000,
        "comprehensiveincomenetoftaxattributabletononcontrollinginterest": -206000,
        "comprehensiveincomenetoftax": -25000,
        "realestaterevenuenet": 63015000,
        "revenuefromhomesales": 10461000,
        "rentalhomerevenue": 6712000,
        "othersalesrevenuenet": -6000,
        "interestincomeexpensenonoperatingnet": 2847000,
        "otherincomelossnet": 95000,
        "revenues": 83124000,
        "costofotherpropertyoperatingexpense": 18067000,
        "realestatetaxexpense": 4933000,
        "costofhomesales": 7791000,
        "directcostsofleasedandrentedpropertyorequipment": 5118000,
        "generalandadministrativerealproperty": 5165000,
        "generalandadministrativeexpenseshomesalesandrentals": 2011000,
        "businesscombinationacquisitionrelatedcosts": 847000,
        "depreciationandamortization": 14760000,
        "interestexpenselongtermdebt": 17066000,
        "interestexpensecapitalsecurities": 825000,
        "costsandexpenses": 83915000,
        "incomelossfromcontinuingoperationsbeforeincometaxesminorityinterestandincomelossfromequitymethodinvestments": -791000,
        "incometaxexpensebenefit": 84000,
        "equityincomelossanddistributionsfromaffiliates": 600000,
        "preferredreturntononcontrollinginterest": 586000,
        "minorityinterestinnetincomelossoperatingpartnerships": 328000,
        "netincomeloss": 3902000,
        "weightedaveragenumberofsharesoutstandingbasic": 26938000,
        "weightedaveragenumberofdilutedsharesoutstanding": 26938000,
        "earningspersharebasic": -0.02,
        "earningspersharediluted": -0.02,
        "commonstockdividendspersharedeclared": 0.63
    },
    {
        "date": "2012-06-29",
        "symbol": "SUI",
        "period": "Q2",
        "profitloss": 6793000,
        "othercomprehensiveincomeunrealizedgainlossonderivativesarisingduringperiodnetoftax": 343000,
        "comprehensiveincomenetoftaxincludingportionattributabletononcontrollinginterest": 2822000,
        "comprehensiveincomenetoftaxattributabletononcontrollinginterest": 274000,
        "comprehensiveincomenetoftax": 2548000,
        "realestaterevenuenet": 61507000,
        "revenuefromhomesales": 11439000,
        "rentalhomerevenue": 6511000,
        "othersalesrevenuenet": 92000,
        "interestincomeexpensenonoperatingnet": 2655000,
        "otherincomelossnet": 175000,
        "revenues": 82379000,
        "costofotherpropertyoperatingexpense": 17168000,
        "realestatetaxexpense": 4936000,
        "costofhomesales": 8971000,
        "directcostsofleasedandrentedpropertyorequipment": 4148000,
        "generalandadministrativerealproperty": 5182000,
        "generalandadministrativeexpenseshomesalesandrentals": 2238000,
        "businesscombinationacquisitionrelatedcosts": 423000,
        "depreciationandamortization": 14077000,
        "interestexpenselongtermdebt": 16781000,
        "interestexpensecapitalsecurities": 833000,
        "costsandexpenses": 81747000,
        "incomelossfromcontinuingoperationsbeforeincometaxesminorityinterestandincomelossfromequitymethodinvestments": 632000,
        "incometaxexpensebenefit": 53000,
        "equityincomelossanddistributionsfromaffiliates": 1900000,
        "preferredreturntononcontrollinginterest": 579000,
        "minorityinterestinnetincomelossoperatingpartnerships": -563000,
        "netincomeloss": 5414000,
        "weightedaveragenumberofsharesoutstandingbasic": 26469000,
        "weightedaveragenumberofdilutedsharesoutstanding": 26485000,
        "earningspersharebasic": 0.06,
        "earningspersharediluted": 0.06,
        "commonstockdividendspersharedeclared": 0.63
    },
    {
        "date": "2012-03-30",
        "symbol": "SUI",
        "period": "Q1",
        "profitloss": -4623000,
        "othercomprehensiveincomeunrealizedgainlossonderivativesarisingduringperiodnetoftax": 256000,
        "comprehensiveincomenetoftaxincludingportionattributabletononcontrollinginterest": 6649000,
        "comprehensiveincomenetoftaxattributabletononcontrollinginterest": 461000,
        "comprehensiveincomenetoftax": 6188000,
        "realestaterevenuenet": 64296000,
        "revenuefromhomesales": 9613000,
        "rentalhomerevenue": 6291000,
        "othersalesrevenuenet": 263000,
        "interestincomeexpensenonoperatingnet": 2405000,
        "otherincomelossnet": 260000,
        "revenues": 8175000,
        "costofotherpropertyoperatingexpense": 16026000,
        "realestatetaxexpense": 4872000,
        "costofhomesales": 7773000,
        "directcostsofleasedandrentedpropertyorequipment": 3824000,
        "generalandadministrativerealproperty": 5058000,
        "generalandadministrativeexpenseshomesalesandrentals": 2209000,
        "businesscombinationacquisitionrelatedcosts": 164000,
        "depreciationandamortization": 6907000,
        "interestexpenselongtermdebt": 16797000,
        "interestexpensecapitalsecurities": 841000,
        "costsandexpenses": 77432000,
        "incomelossfromcontinuingoperationsbeforeincometaxesminorityinterestandincomelossfromequitymethodinvestments": 5696000,
        "incometaxexpensebenefit": 53000,
        "stateandlocalincometaxexpensebenefitcontinuingoperations": 100000,
        "equityincomelossanddistributionsfromaffiliates": 750000,
        "preferredreturntononcontrollinginterest": 579000,
        "minorityinterestinnetincomelossoperatingpartnerships": -420000,
        "netincomeloss": 9580000,
        "weightedaveragenumberofsharesoutstandingbasic": 25587000,
        "weightedaveragenumberofdilutedsharesoutstanding": 25605000,
        "earningspersharebasic": 0.21,
        "earningspersharediluted": 0.21,
        "commonstockdividendspersharedeclared": 0.63
    },
    {
        "date": "2011-09-29",
        "symbol": "SUI",
        "period": "Q3",
        "realestaterevenuenet": 58251000,
        "revenuefromhomesales": 8115000,
        "operatingleasesincomestatementminimumleaserevenue": 5650000,
        "othersalesrevenuenet": 31000,
        "interestincomeexpensenonoperatingnet": 2430000,
        "otherincomelossnet": 246000,
        "revenues": 74723000,
        "costofotherpropertyoperatingexpense": 16354000,
        "realestatetaxexpense": 4504000,
        "costofhomesales": 6357000,
        "directcostsofleasedandrentedpropertyorequipment": 4253000,
        "generalandadministrativerealproperty": 5138000,
        "generalandadministrativeexpenseshomesalesandrentals": 2109000,
        "businesscombinationacquisitionrelatedcosts": 121000,
        "depreciationandamortization": 18748000,
        "interestexpense": 16626000,
        "interestexpensecapitalsecurities": 834000,
        "costsandexpenses": 75044000,
        "incomelossfromcontinuingoperationsbeforeincometaxesminorityinterestandincomelossfromequitymethodinvestments": -321000,
        "incometaxexpensebenefit": 150000,
        "incomelossfromequitymethodinvestments": 450000,
        "profitloss": -21000,
        "preferredreturntononcontrollinginterest": 585000,
        "minorityinterestinnetincomelossoperatingpartnerships": -233000,
        "netincomeloss": -373000,
        "weightedaveragenumberofsharesoutstandingbasic": 21366000,
        "weightedaveragenumberofdilutedsharesoutstanding": 21366000,
        "earningspersharebasic": -0.02,
        "earningspersharediluted": -0.02,
        "commonstockdividendspersharecashpaid": 0.63,
        "othercomprehensiveincomeunrealizedgainlossonderivativesarisingduringperiodnetoftax": 222000,
        "comprehensiveincomenetoftaxincludingportionattributabletononcontrollinginterest": 201000,
        "comprehensiveincomenetoftaxattributabletononcontrollinginterest": -212000,
        "comprehensiveincomenetoftax": 413000
    },
    {
        "date": "2011-06-29",
        "symbol": "SUI",
        "period": "Q2",
        "realestaterevenuenet": 52264000,
        "revenuefromhomesales": 8146000,
        "operatingleasesincomestatementminimumleaserevenue": 5427000,
        "othersalesrevenuenet": 109000,
        "interestincomeexpensenonoperatingnet": 2291000,
        "otherincomelossnet": 25000,
        "revenues": 68262000,
        "costofotherpropertyoperatingexpense": 13994000,
        "realestatetaxexpense": 4098000,
        "costofhomesales": 6401000,
        "directcostsofleasedandrentedpropertyorequipment": 3754000,
        "generalandadministrativerealproperty": 4833000,
        "generalandadministrativeexpenseshomesalesandrentals": 1952000,
        "businesscombinationacquisitionrelatedcosts": 1151000,
        "depreciationandamortization": 18121000,
        "interestexpense": 15225000,
        "interestexpensecapitalsecurities": 829000,
        "costsandexpenses": 70358000,
        "incomelossfromcontinuingoperationsbeforeincometaxesminorityinterestandincomelossfromequitymethodinvestments": -2096000,
        "incometaxexpensebenefit": -259000,
        "incomelossfromequitymethodinvestments": 850000,
        "profitloss": -987000,
        "preferredreturntononcontrollinginterest": 51000,
        "minorityinterestinnetincomelossoperatingpartnerships": -148000,
        "netincomeloss": -890000,
        "weightedaveragenumberofsharesoutstandingbasic": 21090000,
        "weightedaveragenumberofdilutedsharesoutstanding": 21090000,
        "earningspersharebasic": -0.04,
        "earningspersharediluted": -0.04,
        "commonstockdividendspersharecashpaid": 0.63,
        "othercomprehensiveincomeunrealizedgainlossonderivativesarisingduringperiodnetoftax": 19000,
        "comprehensiveincomenetoftaxincludingportionattributabletononcontrollinginterest": -968000,
        "comprehensiveincomenetoftaxattributabletononcontrollinginterest": -147000,
        "comprehensiveincomenetoftax": -821000
    }
]