[
    {
        "date": "2024-09-27",
        "symbol": "SYY",
        "period": "Q1",
        "revenuefromcontractwithcustomerexcludingassessedtax": 20484000000,
        "costofrevenue": 16731000000,
        "grossprofit": 3753000000,
        "operatingexpenses": 2945000000,
        "operatingincomeloss": 808000000,
        "interestincomeexpensenonoperatingnet": -160000000,
        "othernonoperatingincomeexpense": -6000000,
        "incomelossfromcontinuingoperationsbeforeincometaxesextraordinaryitemsnoncontrollinginterest": 642000000,
        "incometaxexpensebenefit": 152000000,
        "netincomeloss": 490000000,
        "earningspersharebasic": 1,
        "earningspersharediluted": 0.99,
        "weightedaveragenumberofsharesoutstandingbasic": 492023827,
        "weightedaveragenumberofdilutedsharesoutstanding": 493785973,
        "othercomprehensiveincomeforeigncurrencytransactionandtranslationgainlossbeforereclassificationandtax": 168000000,
        "othercomprehensiveincomelosscashflowhedgegainlossreclassificationaftertax": -1000000,
        "othercomprehensiveincomelossnetinvestmenthedgegainlossnetoftax": -13000000,
        "othercomprehensiveincomelosscashflowhedgegainlossbeforereclassificationaftertax": -14000000,
        "othercomprehensiveincomelossreclassificationadjustmentfromaocipensionandotherpostretirementbenefitplansfornetgainlossnetoftax": -5000000,
        "othercomprehensiveincomedefinedbenefitplansnetunamortizedgainlossarisingduringperiodnetoftax": 23000000,
        "othercomprehensiveincomeavailableforsalesecuritiesadjustmentnetoftaxportionattributabletoparent": 3000000,
        "othercomprehensiveincomelossnetoftaxportionattributabletoparent": 173000000,
        "comprehensiveincomenetoftax": 663000000
    },
    {
        "date": "2023-12-29",
        "symbol": "SYY",
        "period": "Q2",
        "revenuefromcontractwithcustomerexcludingassessedtax": 19287942000,
        "costofrevenue": 15774309000,
        "grossprofit": 3513633000,
        "operatingexpenses": 2813590000,
        "operatingincomeloss": 700043000,
        "interestincomeexpensenet": -149680000,
        "nonoperatingincomeexpense": -5245000,
        "incomelossfromcontinuingoperationsbeforeincometaxesextraordinaryitemsnoncontrollinginterest": 545118000,
        "incometaxexpensebenefit": 129876000,
        "netincomeloss": 415242000,
        "earningspersharebasic": 0.8200000000000001,
        "earningspersharediluted": 0.8200000000000001,
        "weightedaveragenumberofsharesoutstandingbasic": 504719562,
        "weightedaveragenumberofdilutedsharesoutstanding": 506499390,
        "othercomprehensiveincomeforeigncurrencytransactionandtranslationgainlossbeforereclassificationandtax": 163084000,
        "othercomprehensiveincomelosscashflowhedgegainlossreclassificationaftertax": -2170000,
        "othercomprehensiveincomelosscashflowhedgegainlossbeforereclassificationaftertax": -20225000,
        "othercomprehensiveincomelossfuelhedgegainlossnetoftax": 158000,
        "othercomprehensiveincomelossamortizationadjustmentfromaocipensionandotherpostretirementbenefitplansfornetpriorservicecostcreditnetoftax": 146000,
        "othercomprehensiveincomelossreclassificationadjustmentfromaocipensionandotherpostretirementbenefitplansfornetgainlossnetoftax": -5011000,
        "othercomprehensiveincomedefinedbenefitplansnetunamortizedgainlossarisingduringperiodnetoftax": 0,
        "othercomprehensiveincomeavailableforsalesecuritiesadjustmentnetoftaxportionattributabletoparent": 3444000,
        "othercomprehensiveincomelossnetoftaxportionattributabletoparent": 137047000,
        "comprehensiveincomenetoftax": 552289000
    },
    {
        "date": "2023-09-29",
        "symbol": "SYY",
        "period": "Q1",
        "revenuefromcontractwithcustomerexcludingassessedtax": 19620454000,
        "costofrevenue": 15972682000,
        "grossprofit": 3647772000,
        "operatingexpenses": 2844190000,
        "operatingincomeloss": 803582000,
        "interestincomeexpensenet": -134334000,
        "nonoperatingincomeexpense": -6640000,
        "incomelossfromcontinuingoperationsbeforeincometaxesextraordinaryitemsnoncontrollinginterest": 662608000,
        "incometaxexpensebenefit": 159216000,
        "netincomeloss": 503392000,
        "earningspersharebasic": 1,
        "earningspersharediluted": 0.99,
        "weightedaveragenumberofsharesoutstandingbasic": 505126492,
        "weightedaveragenumberofdilutedsharesoutstanding": 507069435,
        "othercomprehensiveincomeforeigncurrencytransactionandtranslationgainlossbeforereclassificationandtax": -108194000,
        "othercomprehensiveincomelosscashflowhedgegainlossreclassificationaftertax": -2170000,
        "othercomprehensiveincomelosscashflowhedgegainlossbeforereclassificationaftertax": 27148000,
        "othercomprehensiveincomelossfuelhedgegainlossnetoftax": -20000,
        "othercomprehensiveincomelossamortizationadjustmentfromaocipensionandotherpostretirementbenefitplansfornetpriorservicecostcreditnetoftax": 146000,
        "othercomprehensiveincomelossreclassificationadjustmentfromaocipensionandotherpostretirementbenefitplansfornetgainlossnetoftax": -4982000,
        "othercomprehensiveincomedefinedbenefitplansnetunamortizedgainlossarisingduringperiodnetoftax": 503000,
        "othercomprehensiveincomeavailableforsalesecuritiesadjustmentnetoftaxportionattributabletoparent": -945000,
        "othercomprehensiveincomelossnetoftaxportionattributabletoparent": -74210000,
        "comprehensiveincomenetoftax": 429182000
    },
    {
        "date": "2023-03-31",
        "symbol": "SYY",
        "period": "Q3",
        "revenuefromcontractwithcustomerexcludingassessedtax": 18875676000,
        "costofrevenue": 15444316000,
        "grossprofit": 3431360000,
        "operatingexpenses": 2737183000,
        "operatingincomeloss": -247216000,
        "interestincomeexpensenet": -134931000,
        "nonoperatingincomeexpense": -5209000,
        "incomelossfromcontinuingoperationsbeforeincometaxesextraordinaryitemsnoncontrollinginterest": 554037000,
        "incometaxexpensebenefit": 124433000,
        "netincomeloss": 429604000,
        "earningspersharebasic": 0.84,
        "earningspersharediluted": 0.8399999999999997,
        "weightedaveragenumberofsharesoutstandingbasic": -507553189,
        "weightedaveragenumberofdilutedsharesoutstanding": -510405161,
        "othercomprehensiveincomeforeigncurrencytransactionandtranslationgainlossbeforereclassificationandtax": 62771000,
        "othercomprehensiveincomelosscashflowhedgegainlossreclassificationaftertax": -2170000,
        "othercomprehensiveincomelossnetinvestmenthedgegainlossnetoftax": -5401000,
        "othercomprehensiveincomelosscashflowhedgegainlossbeforereclassificationaftertax": -22455000,
        "othercomprehensiveincomelossamortizationadjustmentfromaocipensionandotherpostretirementbenefitplansfornetpriorservicecostcreditnetoftax": 74000,
        "othercomprehensiveincomelossreclassificationadjustmentfromaocipensionandotherpostretirementbenefitplansfornetgainlossnetoftax": -5605000,
        "othercomprehensiveincomeavailableforsalesecuritiesadjustmentnetoftaxportionattributabletoparent": 1146000,
        "othercomprehensiveincomelossnetoftaxportionattributabletoparent": 43903000,
        "comprehensiveincomenetoftax": 473507000
    },
    {
        "date": "2022-12-30",
        "symbol": "SYY",
        "period": "Q2",
        "revenuefromcontractwithcustomerexcludingassessedtax": 18593953000,
        "costofrevenue": 15244337000,
        "grossprofit": 3349616000,
        "operatingexpenses": 2708974000,
        "operatingincomeloss": -214390000,
        "interestincomeexpensenet": -132042000,
        "nonoperatingincomeexpense": -330124000,
        "incomelossfromcontinuingoperationsbeforeincometaxesextraordinaryitemsnoncontrollinginterest": 178476000,
        "incometaxexpensebenefit": 37260000,
        "netincomeloss": 141216000,
        "earningspersharebasic": 0.28,
        "earningspersharediluted": 0.28,
        "weightedaveragenumberofsharesoutstandingbasic": 507609696,
        "weightedaveragenumberofdilutedsharesoutstanding": 510145794,
        "definedbenefitplanrecognizednetgainlossduetosettlements1": -315400000,
        "othercomprehensiveincomeforeigncurrencytransactionandtranslationgainlossbeforereclassificationandtax": 241814000,
        "othercomprehensiveincomelosscashflowhedgegainlossreclassificationaftertax": -2170000,
        "othercomprehensiveincomelossnetinvestmenthedgegainlossnetoftax": -33749000,
        "othercomprehensiveincomelosscashflowhedgegainlossbeforereclassificationaftertax": 203000,
        "othercomprehensiveincomelossgainlossreclassificationadjustmentaftertax": -22000,
        "othercomprehensiveincomelossamortizationadjustmentfromaocipensionandotherpostretirementbenefitplansfornetpriorservicecostcreditnetoftax": 74000,
        "othercomprehensiveincomelossreclassificationadjustmentfromaocipensionandotherpostretirementbenefitplansfornetgainlossnetoftax": -5628000,
        "othercomprehensiveincomelossfinalizationofpensionandnonpensionpostretirementplanvaluationnetoftax": 236591000,
        "othercomprehensiveincomedefinedbenefitplansnetunamortizedgainlossarisingduringperiodnetoftax": -67388000,
        "othercomprehensiveincomeavailableforsalesecuritiesadjustmentnetoftaxportionattributabletoparent": 1172000,
        "othercomprehensiveincomelossnetoftaxportionattributabletoparent": 386537000,
        "comprehensiveincomenetoftax": 527753000
    },
    {
        "date": "2022-09-30",
        "symbol": "SYY",
        "period": "Q1",
        "revenuefromcontractwithcustomerexcludingassessedtax": 19126830000,
        "costofrevenue": 15637975000,
        "grossprofit": 3488855000,
        "operatingexpenses": 2754522000,
        "operatingincomeloss": -273712000,
        "interestincomeexpensenet": -124150000,
        "nonoperatingincomeexpense": -15281000,
        "incomelossfromcontinuingoperationsbeforeincometaxesextraordinaryitemsnoncontrollinginterest": 594902000,
        "incometaxexpensebenefit": 129334000,
        "netincomeloss": 465568000,
        "earningspersharebasic": 0.92,
        "earningspersharediluted": 0.91,
        "weightedaveragenumberofsharesoutstandingbasic": 507578576,
        "weightedaveragenumberofdilutedsharesoutstanding": 510383149,
        "othercomprehensiveincomeforeigncurrencytransactionandtranslationgainlossbeforereclassificationandtax": -232182000,
        "othercomprehensiveincomelosscashflowhedgegainlossreclassificationaftertax": -2155000,
        "othercomprehensiveincomelossnetinvestmenthedgegainlossnetoftax": 23509000,
        "othercomprehensiveincomelosscashflowhedgegainlossbeforereclassificationaftertax": -26390000,
        "othercomprehensiveincomelossamortizationadjustmentfromaocipensionandotherpostretirementbenefitplansfornetpriorservicecostcreditnetoftax": 74000,
        "othercomprehensiveincomelossreclassificationadjustmentfromaocipensionandotherpostretirementbenefitplansfornetgainlossnetoftax": -6891000,
        "othercomprehensiveincomeavailableforsalesecuritiesadjustmentnetoftaxportionattributabletoparent": -3328000,
        "othercomprehensiveincomelossnetoftaxportionattributabletoparent": -229271000,
        "comprehensiveincomenetoftax": 236297000
    },
    {
        "date": "2022-04-01",
        "symbol": "SYY",
        "period": "Q3",
        "revenuefromcontractwithcustomerexcludingassessedtax": 16902139000,
        "costofrevenue": 13888745000,
        "grossprofit": 3013394000,
        "operatingexpenses": 2517665000,
        "operatingincomeloss": 495729000,
        "interestincomeexpensenet": -124018000,
        "nonoperatingincomeexpense": 13777000,
        "incomelossfromcontinuingoperationsbeforeincometaxesextraordinaryitemsnoncontrollinginterest": 385488000,
        "incometaxexpensebenefit": 82163000,
        "netincomeloss": 303325000,
        "earningspersharebasic": 0.6,
        "earningspersharediluted": 0.59,
        "weightedaveragenumberofsharesoutstandingbasic": 508368159,
        "weightedaveragenumberofdilutedsharesoutstanding": 512238523,
        "othercomprehensiveincomeforeigncurrencytransactionandtranslationgainlossbeforereclassificationandtax": -96582000,
        "othercomprehensiveincomelosscashflowhedgegainlossreclassificationaftertax": -2155000,
        "othercomprehensiveincomelossnetinvestmenthedgegainlossnetoftax": 12041000,
        "othercomprehensiveincomelosscashflowhedgegainlossbeforereclassificationaftertax": 18375000,
        "othercomprehensiveincomelossamortizationadjustmentfromaocipensionandotherpostretirementbenefitplansfornetpriorservicecostcreditnetoftax": 74000,
        "othercomprehensiveincomelossreclassificationadjustmentfromaocipensionandotherpostretirementbenefitplansfornetgainlossnetoftax": -6514000,
        "othercomprehensiveincomeavailableforsalesecuritiesadjustmentnetoftaxportionattributabletoparent": -5323000,
        "othercomprehensiveincomelossnetoftaxportionattributabletoparent": -62746000,
        "comprehensiveincomenetoftax": 240579000
    },
    {
        "date": "2021-10-01",
        "symbol": "SYY",
        "period": "Q1",
        "revenuefromcontractwithcustomerexcludingassessedtax": 16456546000,
        "costofrevenue": 13484838000,
        "grossprofit": 2971708000,
        "operatingexpenses": 2340026000,
        "operatingincomeloss": -206526000,
        "interestincomeexpensenet": -128214000,
        "nonoperatingincomeexpense": 3252000,
        "incomelossfromcontinuingoperationsbeforeincometaxesextraordinaryitemsnoncontrollinginterest": 506720000,
        "incometaxexpensebenefit": 128707000,
        "netincomeloss": 378013000,
        "earningspersharebasic": 0.74,
        "earningspersharediluted": 0.73,
        "weightedaveragenumberofsharesoutstandingbasic": 512516067,
        "weightedaveragenumberofdilutedsharesoutstanding": 515782928,
        "othercomprehensiveincomeforeigncurrencytransactionandtranslationgainlossbeforereclassificationandtax": -87194000,
        "othercomprehensiveincomelosscashflowhedgegainlossreclassificationaftertax": -2155000,
        "othercomprehensiveincomelossnetinvestmenthedgegainlossnetoftax": 10165000,
        "othercomprehensiveincomelosscashflowhedgegainlossbeforereclassificationaftertax": -429000,
        "othercomprehensiveincomelossamortizationadjustmentfromaocipensionandotherpostretirementbenefitplansfornetpriorservicecostcreditnetoftax": 74000,
        "othercomprehensiveincomelossreclassificationadjustmentfromaocipensionandotherpostretirementbenefitplansfornetgainlossnetoftax": -6367000,
        "othercomprehensiveincomeavailableforsalesecuritiesadjustmentnetoftaxportionattributabletoparent": -311000,
        "othercomprehensiveincomelossnetoftaxportionattributabletoparent": -69173000,
        "comprehensiveincomenetoftax": 308840000
    },
    {
        "date": "2021-07-02",
        "symbol": "SYY",
        "period": "Q4",
        "revenuefromcontractwithcustomerexcludingassessedtax": 1975996000,
        "costofrevenue": 41941094000,
        "grossprofit": 9356749000,
        "operatingexpenses": 7919507000,
        "operatingincomeloss": -248728000,
        "interestincomeexpensenet": -441149000,
        "nonoperatingincomeexpense": 13483000,
        "incomelossfromcontinuingoperationsbeforeincometaxesextraordinaryitemsnoncontrollinginterest": 142018000,
        "incometaxexpensebenefit": -9075000,
        "earningspersharebasic": 0.3,
        "earningspersharediluted": 0.3,
        "weightedaveragenumberofsharesoutstandingbasic": 510696398,
        "weightedaveragenumberofdilutedsharesoutstanding": 513555088,
        "othercomprehensiveincomeforeigncurrencytransactionandtranslationgainlossbeforereclassificationandtax": 16840000,
        "othercomprehensiveincomelosscashflowhedgegainlossreclassificationaftertax": -2311000,
        "othercomprehensiveincomelossnetinvestmenthedgegainlossnetoftax": -1616000,
        "othercomprehensiveincomelosscashflowhedgegainlossbeforereclassificationaftertax": 5622000,
        "othercomprehensiveincomelossamortizationadjustmentfromaocipensionandotherpostretirementbenefitplansfornetpriorservicecostcreditnetoftax": 137000,
        "othercomprehensiveincomelossreclassificationadjustmentfromaocipensionandotherpostretirementbenefitplansfornetgainlossnetoftax": 39871000,
        "othercomprehensiveincomelossnetoftaxportionattributabletoparent": 203682000,
        "comprehensiveincomenetoftax": 354775000
    },
    {
        "date": "2021-03-26",
        "symbol": "SYY",
        "period": "Q3",
        "revenuefromcontractwithcustomerexcludingassessedtax": 11824589000,
        "costofrevenue": 9701921000,
        "grossprofit": 2122668000,
        "operatingexpenses": 1886751000,
        "operatingincomeloss": 235917000,
        "interestincomeexpensenet": -145773000,
        "nonoperatingincomeexpense": 12708000,
        "incomelossfromcontinuingoperationsbeforeincometaxesextraordinaryitemsnoncontrollinginterest": 102852000,
        "incometaxexpensebenefit": 13925000,
        "netincomeloss": 88927000,
        "earningspersharebasic": 0.17,
        "earningspersharediluted": 0.17,
        "weightedaveragenumberofsharesoutstandingbasic": 511110670,
        "weightedaveragenumberofdilutedsharesoutstanding": 514585129,
        "othercomprehensiveincomeforeigncurrencytransactionandtranslationgainlossbeforereclassificationandtax": 9805000,
        "othercomprehensiveincomelosscashflowhedgegainlossreclassificationaftertax": -2191000,
        "othercomprehensiveincomelossnetinvestmenthedgegainlossnetoftax": 9388000,
        "othercomprehensiveincomelosscashflowhedgegainlossbeforereclassificationaftertax": 9135000,
        "othercomprehensiveincomelossamortizationadjustmentfromaocipensionandotherpostretirementbenefitplansfornetpriorservicecostcreditnetoftax": 137000,
        "othercomprehensiveincomelossreclassificationadjustmentfromaocipensionandotherpostretirementbenefitplansfornetgainlossnetoftax": -7820000,
        "othercomprehensiveincomeavailableforsalesecuritiesadjustmentnetoftaxportionattributabletoparent": -2753000,
        "othercomprehensiveincomelossnetoftaxportionattributabletoparent": 35723000,
        "comprehensiveincomenetoftax": 124650000
    },
    {
        "date": "2020-12-25",
        "symbol": "SYY",
        "period": "Q2",
        "revenuefromcontractwithcustomerexcludingassessedtax": 11558982000,
        "costofrevenue": 9460524000,
        "grossprofit": 2098458000,
        "operatingexpenses": 1886396000,
        "operatingincomeloss": 212062000,
        "interestincomeexpensenet": -146498000,
        "nonoperatingincomeexpense": 15556000,
        "incomelossfromcontinuingoperationsbeforeincometaxesextraordinaryitemsnoncontrollinginterest": 81120000,
        "incometaxexpensebenefit": 13831000,
        "netincomeloss": 67289000,
        "earningspersharebasic": 0.13,
        "earningspersharediluted": 0.13,
        "weightedaveragenumberofsharesoutstandingbasic": 510006754,
        "weightedaveragenumberofdilutedsharesoutstanding": 512742792,
        "othercomprehensiveincomeforeigncurrencytransactionandtranslationgainlossbeforereclassificationandtax": 222507000,
        "othercomprehensiveincomelosscashflowhedgegainlossreclassificationaftertax": -2155000,
        "othercomprehensiveincomelossnetinvestmenthedgegainlossnetoftax": -20666000,
        "othercomprehensiveincomelosscashflowhedgegainlossbeforereclassificationaftertax": 12335000,
        "othercomprehensiveincomelossamortizationadjustmentfromaocipensionandotherpostretirementbenefitplansfornetpriorservicecostcreditnetoftax": 137000,
        "othercomprehensiveincomelossreclassificationadjustmentfromaocipensionandotherpostretirementbenefitplansfornetgainlossnetoftax": -7793000,
        "othercomprehensiveincomeavailableforsalesecuritiesadjustmentnetoftaxportionattributabletoparent": -44000,
        "othercomprehensiveincomelossnetoftaxportionattributabletoparent": 224217000,
        "comprehensiveincomenetoftax": 291506000
    },
    {
        "date": "2020-09-25",
        "symbol": "SYY",
        "period": "Q1",
        "revenuefromcontractwithcustomerexcludingassessedtax": 11777379000,
        "costofrevenue": 9557534000,
        "grossprofit": 2219845000,
        "operatingexpenses": 1800266000,
        "operatingincomeloss": 419579000,
        "interestincomeexpensenet": -146717000,
        "nonoperatingincomeexpense": -14124000,
        "incomelossfromcontinuingoperationsbeforeincometaxesextraordinaryitemsnoncontrollinginterest": 258738000,
        "incometaxexpensebenefit": 41838000,
        "netincomelossavailabletocommonstockholdersbasic": 216900000,
        "earningspersharebasic": 0.43,
        "earningspersharediluted": 0.42,
        "weightedaveragenumberofsharesoutstandingbasic": 509127405,
        "weightedaveragenumberofdilutedsharesoutstanding": 510738760,
        "othercomprehensiveincomeforeigncurrencytransactionandtranslationgainlossbeforereclassificationandtax": 113140000,
        "othercomprehensiveincomelosscashflowhedgegainlossreclassificationaftertax": -2155000,
        "othercomprehensiveincomelossnetinvestmenthedgegainlossnetoftax": -11261000,
        "othercomprehensiveincomelosscashflowhedgegainlossbeforereclassificationaftertax": -12967000,
        "othercomprehensiveincomelossamortizationadjustmentfromaocipensionandotherpostretirementbenefitplansfornetpriorservicecostcreditnetoftax": 137000,
        "othercomprehensiveincomelossreclassificationadjustmentfromaocipensionandotherpostretirementbenefitplansfornetgainlossnetoftax": -7765000,
        "othercomprehensiveincomeavailableforsalesecuritiesadjustmentnetoftaxportionattributabletoparent": -474000,
        "othercomprehensiveincomelossnetoftaxportionattributabletoparent": 98495000,
        "comprehensiveincomenetoftax": 315395000
    },
    {
        "date": "2020-06-26",
        "symbol": "SYY",
        "period": "Q4",
        "revenuefromcontractwithcustomerexcludingassessedtax": 8866564000,
        "costofrevenue": 7300909000,
        "grossprofit": 1565655000,
        "operatingexpenses": 2097235000,
        "operatingincomeloss": -531580000,
        "interestincomeexpensenet": -164269000,
        "nonoperatingincomeexpense": -40396000,
        "incomelossfromcontinuingoperationsbeforeincometaxesextraordinaryitemsnoncontrollinginterest": -736245000,
        "incometaxexpensebenefit": -117826000,
        "netincomelossavailabletocommonstockholdersbasic": -618419000,
        "earningspersharebasic": -1.2,
        "earningspersharediluted": -1.18,
        "weightedaveragenumberofsharesoutstandingbasic": -1022105221,
        "weightedaveragenumberofdilutedsharesoutstanding": -1032910931,
        "othercomprehensiveincomeforeigncurrencytransactionandtranslationgainlossbeforereclassificationandtax": 10132000,
        "othercomprehensiveincomelosscashflowhedgegainlossreclassificationaftertax": -2155000,
        "othercomprehensiveincomelossnetinvestmenthedgegainlossnetoftax": -2061000,
        "othercomprehensiveincomelosscashflowhedgegainlossbeforereclassificationaftertax": 15032000,
        "othercomprehensiveincomelossamortizationadjustmentfromaocipensionandotherpostretirementbenefitplansfornetpriorservicecostcreditnetoftax": 1428000,
        "othercomprehensiveincomelossreclassificationadjustmentfromaocipensionandotherpostretirementbenefitplansfornetgainlossnetoftax": -16997000,
        "othercomprehensiveincomelossavailableforsalesecuritiesadjustmentnetoftax": 3701000,
        "othercomprehensiveincomelossnetoftaxportionattributabletoparent": -45359000,
        "comprehensiveincomenetoftax": -663778000
    },
    {
        "date": "2020-03-27",
        "symbol": "SYY",
        "period": "Q3",
        "revenuefromcontractwithcustomerexcludingassessedtax": 13698699000,
        "costofrevenue": 11134459000,
        "grossprofit": 2564240000,
        "operatingexpenses": 2503966000,
        "operatingincomeloss": 60274000,
        "interestincomeexpensenet": -83854000,
        "nonoperatingincomeexpense": -5200000,
        "incomelossfromcontinuingoperationsbeforeincometaxesextraordinaryitemsnoncontrollinginterest": -28780000,
        "incometaxexpensebenefit": -25483000,
        "netincomelossavailabletocommonstockholdersbasic": -3297000,
        "earningspersharebasic": -0.01,
        "earningspersharediluted": -0.01,
        "weightedaveragenumberofsharesoutstandingbasic": 508745253,
        "weightedaveragenumberofdilutedsharesoutstanding": 512657657,
        "othercomprehensiveincomeforeigncurrencytransactionandtranslationgainlossbeforereclassificationandtax": -151143000,
        "othercomprehensiveincomelosscashflowhedgegainlossreclassificationaftertax": -2155000,
        "othercomprehensiveincomelossnetinvestmenthedgegainlossnetoftax": 57069000,
        "othercomprehensiveincomelosscashflowhedgegainlossbeforereclassificationaftertax": -16751000,
        "othercomprehensiveincomelossamortizationadjustmentfromaocipensionandotherpostretirementbenefitplansfornetpriorservicecostcreditnetoftax": 1428000,
        "othercomprehensiveincomelossreclassificationadjustmentfromaocipensionandotherpostretirementbenefitplansfornetgainlossnetoftax": -8029000,
        "othercomprehensiveincomelossavailableforsalesecuritiesadjustmentnetoftax": 20000,
        "othercomprehensiveincomelossnetoftaxportionattributabletoparent": -99193000,
        "comprehensiveincomenetoftax": -102490000
    },
    {
        "date": "2019-12-27",
        "symbol": "SYY",
        "period": "Q2",
        "revenuefromcontractwithcustomerexcludingassessedtax": 15025042000,
        "costofrevenue": 12196643000,
        "grossprofit": 2828399000,
        "operatingexpenses": 2275906000,
        "operatingincomeloss": 552493000,
        "interestincomeexpensenet": -76762000,
        "nonoperatingincomeexpense": 807000,
        "incomelossfromcontinuingoperationsbeforeincometaxesextraordinaryitemsnoncontrollinginterest": 476538000,
        "incometaxexpensebenefit": 93128000,
        "netincomelossavailabletocommonstockholdersbasic": 383410000,
        "earningspersharebasic": 0.75,
        "earningspersharediluted": 0.74,
        "weightedaveragenumberofsharesoutstandingbasic": 509984743,
        "weightedaveragenumberofdilutedsharesoutstanding": 515517792,
        "othercomprehensiveincomeforeigncurrencytransactionandtranslationgainlossbeforereclassificationandtax": 154955000,
        "othercomprehensiveincomelosscashflowhedgegainlossreclassificationaftertax": -2155000,
        "othercomprehensiveincomelossnetinvestmenthedgegainlossnetoftax": -41479000,
        "othercomprehensiveincomelosscashflowhedgegainlossbeforereclassificationaftertax": -14797000,
        "othercomprehensiveincomelossamortizationadjustmentfromaocipensionandotherpostretirementbenefitplansfornetpriorservicecostcreditnetoftax": 1428000,
        "othercomprehensiveincomelossreclassificationadjustmentfromaocipensionandotherpostretirementbenefitplansfornetgainlossnetoftax": -7225000,
        "othercomprehensiveincomelossavailableforsalesecuritiesadjustmentnetoftax": -386000,
        "othercomprehensiveincomelossnetoftaxportionattributabletoparent": 109101000,
        "comprehensiveincomenetoftax": 492511000
    },
    {
        "date": "2019-09-27",
        "symbol": "SYY",
        "period": "Q1",
        "revenuefromcontractwithcustomerexcludingassessedtax": 15303005000,
        "costofrevenue": 12359635000,
        "grossprofit": 2943370000,
        "operatingexpenses": 2275052000,
        "operatingincomeloss": 668318000,
        "interestincomeexpensenet": -83335000,
        "nonoperatingincomeexpense": -3112000,
        "incomelossfromcontinuingoperationsbeforeincometaxesextraordinaryitemsnoncontrollinginterest": 581871000,
        "incometaxexpensebenefit": 128090000,
        "netincomelossavailabletocommonstockholdersbasic": 453781000,
        "earningspersharebasic": 0.88,
        "earningspersharediluted": 0.87,
        "weightedaveragenumberofsharesoutstandingbasic": 513496296,
        "weightedaveragenumberofdilutedsharesoutstanding": 518761456,
        "othercomprehensiveincomeforeigncurrencytransactionandtranslationgainlossbeforereclassificationandtax": -126159000,
        "othercomprehensiveincomelosscashflowhedgegainlossreclassificationaftertax": -2155000,
        "othercomprehensiveincomelossderivativeexcludedcomponentincreasedecreaseadjustmentsaftertax": -2155000,
        "othercomprehensiveincomelossnetinvestmenthedgegainlossnetoftax": 30000000,
        "othercomprehensiveincomelossderivativeexcludedcomponentincreasedecreaseafteradjustmentsandtax": 9259000,
        "othercomprehensiveincomelosscashflowhedgegainlossbeforereclassificationaftertax": 9259000,
        "othercomprehensiveincomelossamortizationadjustmentfromaocipensionandotherpostretirementbenefitplansfornetpriorservicecostcreditnetoftax": 1428000,
        "othercomprehensiveincomelossreclassificationadjustmentfromaocipensionandotherpostretirementbenefitplansfornetgainlossnetoftax": -6683000,
        "othercomprehensiveincomelossavailableforsalesecuritiesadjustmentnetoftax": 933000,
        "othercomprehensiveincomelossnetoftaxportionattributabletoparent": -75701000,
        "comprehensiveincomenetoftax": 378080000
    },
    {
        "date": "2019-06-28",
        "symbol": "SYY",
        "period": "Q4",
        "grossprofit": 2979192000,
        "operatingexpenses": 2258662000,
        "operatingincomeloss": 720530000,
        "interestincomeexpensenet": -89780000,
        "nonoperatingincomeexpense": 51558000,
        "incomelossfromcontinuingoperationsbeforeincometaxesextraordinaryitemsnoncontrollinginterest": 682308000,
        "incometaxexpensebenefit": 146542000,
        "netincomelossavailabletocommonstockholdersbasic": 535766000,
        "earningspersharebasic": 1.04,
        "earningspersharediluted": 1.0300000000000002,
        "weightedaveragenumberofsharesoutstandingbasic": -747371,
        "weightedaveragenumberofdilutedsharesoutstanding": -1106386,
        "othercomprehensiveincomeforeigncurrencytransactionandtranslationgainlossbeforereclassificationandtax": -30137000,
        "othercomprehensiveincomelossamortizationadjustmentfromaocipensionandotherpostretirementbenefitplansfornetpriorservicecostcreditnetoftax": 1600000,
        "othercomprehensiveincomelossreclassificationadjustmentfromaocipensionandotherpostretirementbenefitplansfornetgainlossnetoftax": -6529000,
        "othercomprehensiveincomelossnetoftaxportionattributabletoparent": -116260000,
        "comprehensiveincomenetoftax": 419506000
    },
    {
        "date": "2019-03-29",
        "symbol": "SYY",
        "period": "Q3",
        "grossprofit": 6293332000,
        "operatingexpenses": 6367273000,
        "operatingincomeloss": 1593567000,
        "interestincomeexpensenet": -165738000,
        "nonoperatingincomeexpense": 2351000,
        "incomelossfromcontinuingoperationsbeforeincometaxesextraordinaryitemsnoncontrollinginterest": 1891707000,
        "incometaxexpensebenefit": 351668000,
        "netincomelossavailabletocommonstockholdersbasic": 2460832000,
        "earningspersharebasic": 0.86,
        "earningspersharediluted": 0.8399999999999999,
        "weightedaveragenumberofsharesoutstandingbasic": -1726021,
        "weightedaveragenumberofdilutedsharesoutstanding": -2329991,
        "othercomprehensiveincomeforeigncurrencytransactionandtranslationgainlossbeforereclassificationandtax": 37471000,
        "othercomprehensiveincomelossamortizationadjustmentfromaocipensionandotherpostretirementbenefitplansfornetpriorservicecostcreditnetoftax": 1600000,
        "othercomprehensiveincomelossreclassificationadjustmentfromaocipensionandotherpostretirementbenefitplansfornetgainlossnetoftax": -6529000,
        "othercomprehensiveincomelossnetoftaxportionattributabletoparent": -200660000,
        "comprehensiveincomenetoftax": 2260172000
    },
    {
        "date": "2018-12-28",
        "symbol": "SYY",
        "period": "Q2",
        "costofgoodssoldexcludingdepreciationdepletionandamortization": -13475251000,
        "grossprofit": -767322000,
        "operatingexpenses": -1822743000,
        "operatingincomeloss": -612087000,
        "interestincomeexpensenet": -15889000,
        "nonoperatingincomeexpense": -8900000,
        "incomelossfromcontinuingoperationsbeforeincometaxesextraordinaryitemsnoncontrollinginterest": -1106171000,
        "incometaxexpensebenefit": -273595000,
        "netincomelossavailabletocommonstockholdersbasic": -1753369000,
        "earningspersharebasic": 0.5100000000000001,
        "earningspersharediluted": 0.52,
        "weightedaveragenumberofsharesoutstandingbasic": -1492626,
        "weightedaveragenumberofdilutedsharesoutstanding": -2216969,
        "othercomprehensiveincomeforeigncurrencytransactionandtranslationgainlossbeforereclassificationandtax": -101533000,
        "othercomprehensiveincomelossamortizationadjustmentfromaocipensionandotherpostretirementbenefitplansfornetpriorservicecostcreditnetoftax": 1600000,
        "othercomprehensiveincomelossreclassificationadjustmentfromaocipensionandotherpostretirementbenefitplansfornetgainlossnetoftax": -6529000,
        "othercomprehensiveincomedefinedbenefitplansnetunamortizedgainlossarisingduringperiodnetoftax": 0,
        "othercomprehensiveincomelossnetoftaxportionattributabletoparent": 168034000,
        "comprehensiveincomenetoftax": -1585367000
    },
    {
        "date": "2018-09-28",
        "symbol": "SYY",
        "period": "Q1",
        "salesrevenuegoodsnet": 15215279000,
        "costofgoodssoldexcludingdepreciationdepletionandamortization": 12311494000,
        "grossprofit": 2903785000,
        "operatingexpenses": 2275645000,
        "operatingincomeloss": 628140000,
        "interestincomeexpensenet": -89016000,
        "nonoperatingincomeexpense": -8900000,
        "incomelossfromcontinuingoperationsbeforeincometaxesextraordinaryitemsnoncontrollinginterest": 537992000,
        "incometaxexpensebenefit": 106950000,
        "netincomelossavailabletocommonstockholdersbasic": 431042000,
        "earningspersharebasic": 0.83,
        "earningspersharediluted": 0.81,
        "weightedaveragenumberofsharesoutstandingbasic": 520856599,
        "weightedaveragenumberofdilutedsharesoutstanding": 529034470,
        "othercomprehensiveincomeforeigncurrencytransactionandtranslationgainlossbeforereclassificationandtax": -24927000,
        "othercomprehensiveincomelossreclassificationadjustmentfromaocionderivativesnetoftax": -2155000,
        "othercomprehensiveincomeunrealizedgainlossonderivativesarisingduringperiodnetoftax": 8588000,
        "othercomprehensiveincomelossamortizationadjustmentfromaocipensionandotherpostretirementbenefitplansfornetpriorservicecostcreditnetoftax": 1600000,
        "othercomprehensiveincomelossreclassificationadjustmentfromaocipensionandotherpostretirementbenefitplansfornetgainlossnetoftax": -6529000,
        "othercomprehensiveincomedefinedbenefitplansnetunamortizedgainlossarisingduringperiodnetoftax": -32511000,
        "othercomprehensiveincomelossnetoftaxportionattributabletoparent": -41574000,
        "comprehensiveincomenetoftax": 389500000
    },
    {
        "date": "2018-06-29",
        "symbol": "SYY",
        "period": "Q4",
        "salesrevenuegoodsnet": -4136459000,
        "costofgoodssoldexcludingdepreciationdepletionandamortization": -6090147000,
        "grossprofit": 1111050000,
        "operatingexpenses": 199810000,
        "operatingincomeloss": 228182000,
        "interestincomeexpensenet": 73696000,
        "nonoperatingincomeexpense": 6838000,
        "incomelossfromcontinuingoperationsbeforeincometaxesextraordinaryitemsnoncontrollinginterest": -119276000,
        "incometaxexpensebenefit": 198172000,
        "netincomelossavailabletocommonstockholdersbasic": 2086304000,
        "earningspersharebasic": 0.8600000000000003,
        "earningspersharediluted": 0.8400000000000003,
        "weightedaveragenumberofsharesoutstandingbasic": -1047479614,
        "weightedaveragenumberofdilutedsharesoutstanding": -1059213722,
        "commonstockdividendspersharedeclared": 0.3599999999999998,
        "othercomprehensiveincomeforeigncurrencytransactionandtranslationgainlossbeforereclassificationandtax": -235580000,
        "othercomprehensiveincomelossreclassificationadjustmentfromaocionderivativesnetoftax": -5700000,
        "othercomprehensiveincomelossamortizationadjustmentfromaocipensionandotherpostretirementbenefitplansfornetpriorservicecostcreditnetoftax": -9722000,
        "othercomprehensiveincomelossreclassificationadjustmentfromaocipensionandotherpostretirementbenefitplansfornetgainlossnetoftax": 28945000,
        "othercomprehensiveincomelossnetoftaxportionattributabletoparent": -5908000,
        "comprehensiveincomenetoftax": -1704851000
    },
    {
        "date": "2018-03-30",
        "symbol": "SYY",
        "period": "Q3",
        "salesrevenuegoodsnet": 240005000,
        "costofgoodssoldexcludingdepreciationdepletionandamortization": -491385000,
        "grossprofit": 1018629000,
        "operatingexpenses": 187360000,
        "operatingincomeloss": 5945000,
        "interestincomeexpensenet": -160333000,
        "nonoperatingincomeexpense": 3652000,
        "incomelossfromcontinuingoperationsbeforeincometaxesextraordinaryitemsnoncontrollinginterest": -344041000,
        "incometaxexpensebenefit": -117286000,
        "netincomelossavailabletocommonstockholdersbasic": -556840000,
        "earningspersharebasic": 0.63,
        "earningspersharediluted": 0.63,
        "weightedaveragenumberofsharesoutstandingbasic": 521832671,
        "weightedaveragenumberofdilutedsharesoutstanding": 527990563,
        "commonstockdividendspersharedeclared": 0.36,
        "othercomprehensiveincomeforeigncurrencytransactionandtranslationgainlossbeforereclassificationandtax": 72010000,
        "othercomprehensiveincomelossreclassificationadjustmentfromaocionderivativesnetoftax": -2155000,
        "othercomprehensiveincomeunrealizedgainlossonderivativesarisingduringperiodnetoftax": -31526000,
        "othercomprehensiveincomelossamortizationadjustmentfromaocipensionandotherpostretirementbenefitplansfornetpriorservicecostcreditnetoftax": 1807000,
        "othercomprehensiveincomelossreclassificationadjustmentfromaocipensionandotherpostretirementbenefitplansfornetgainlossnetoftax": -6571000,
        "othercomprehensiveincomelossnetoftaxportionattributabletoparent": -72010000,
        "comprehensiveincomenetoftax": -628850000
    },
    {
        "date": "2017-12-29",
        "symbol": "SYY",
        "period": "Q2",
        "salesrevenuegoodsnet": 228077000,
        "costofgoodssoldexcludingdepreciationdepletionandamortization": -511918000,
        "grossprofit": 1047503000,
        "operatingexpenses": 198800000,
        "operatingincomeloss": 3222000,
        "interestincomeexpensenet": -108768000,
        "nonoperatingincomeexpense": 5030000,
        "incomelossfromcontinuingoperationsbeforeincometaxesextraordinaryitemsnoncontrollinginterest": -302538000,
        "incometaxexpensebenefit": -120313000,
        "netincomelossavailabletocommonstockholdersbasic": -466338000,
        "earningspersharebasic": 0.55,
        "earningspersharediluted": 0.54,
        "weightedaveragenumberofsharesoutstandingbasic": 521284182,
        "weightedaveragenumberofdilutedsharesoutstanding": 527249587,
        "commonstockdividendspersharedeclared": 0.36,
        "othercomprehensiveincomeforeigncurrencytransactionandtranslationgainlossbeforereclassificationandtax": 19254000,
        "othercomprehensiveincomelossreclassificationadjustmentfromaocionderivativesnetoftax": -2155000,
        "othercomprehensiveincomeunrealizedgainlossonderivativesarisingduringperiodnetoftax": -4153000,
        "othercomprehensiveincomelossamortizationadjustmentfromaocipensionandotherpostretirementbenefitplansfornetpriorservicecostcreditnetoftax": 1807000,
        "othercomprehensiveincomelossreclassificationadjustmentfromaocipensionandotherpostretirementbenefitplansfornetgainlossnetoftax": -6571000,
        "othercomprehensiveincomelossnetoftaxportionattributabletoparent": -19254000,
        "comprehensiveincomenetoftax": -485592000
    },
    {
        "date": "2017-09-29",
        "symbol": "SYY",
        "period": "Q1",
        "salesrevenuegoodsnet": 6120313000,
        "costofgoodssoldexcludingdepreciationdepletionandamortization": 5072879000,
        "grossprofit": 1047434000,
        "operatingexpenses": 197864000,
        "operatingincomeloss": -197864000,
        "interestincomeexpensenet": -98996000,
        "nonoperatingincomeexpense": 3615000,
        "incomelossfromcontinuingoperationsbeforeincometaxesextraordinaryitemsnoncontrollinginterest": -293245000,
        "incometaxexpensebenefit": -95958000,
        "netincomelossavailabletocommonstockholdersbasic": 367640000,
        "earningspersharebasic": 0.7,
        "earningspersharediluted": 0.69,
        "weightedaveragenumberofsharesoutstandingbasic": 527289675,
        "weightedaveragenumberofdilutedsharesoutstanding": 533063426,
        "commonstockdividendspersharedeclared": 0.33,
        "othercomprehensiveincomeforeigncurrencytransactionandtranslationgainlossbeforereclassificationandtax": 121329000,
        "othercomprehensiveincomelossreclassificationadjustmentfromaocionderivativesnetoftax": 1770000,
        "othercomprehensiveincomeunrealizedgainlossonderivativesarisingduringperiodnetoftax": -12024000,
        "othercomprehensiveincomelossamortizationadjustmentfromaocipensionandotherpostretirementbenefitplansfornetpriorservicecostcreditnetoftax": 1484000,
        "othercomprehensiveincomelossreclassificationadjustmentfromaocipensionandotherpostretirementbenefitplansfornetgainlossnetoftax": -5397000,
        "othercomprehensiveincomelossnetoftaxportionattributabletoparent": 120159000,
        "comprehensiveincomenetoftax": 487799000
    },
    {
        "date": "2017-03-31",
        "symbol": "SYY",
        "period": "Q3",
        "salesrevenuegoodsnet": 227089000,
        "costofgoodssoldexcludingdepreciationdepletionandamortization": -442226000,
        "grossprofit": 1258737000,
        "operatingexpenses": 241123000,
        "operatingincomeloss": 6078000,
        "interestincomeexpensenet": -195781000,
        "nonoperatingincomeexpense": 3484000,
        "incomelossfromcontinuingoperationsbeforeincometaxesextraordinaryitemsnoncontrollinginterest": -433420000,
        "incometaxexpensebenefit": -149331000,
        "netincomelossavailabletocommonstockholdersbasic": -522368000,
        "earningspersharebasic": 0.44,
        "earningspersharediluted": 0.44,
        "weightedaveragenumberofsharesoutstandingbasic": 539291561,
        "weightedaveragenumberofdilutedsharesoutstanding": 544068915,
        "commonstockdividendspersharedeclared": 0.33,
        "othercomprehensiveincomeforeigncurrencytransactionandtranslationgainlossbeforereclassificationandtax": 89799000,
        "othercomprehensiveincomelossreclassificationadjustmentfromaocionderivativesnetoftax": 2941000,
        "othercomprehensiveincomelossderivativesqualifyingashedgesnetoftax": -16464000,
        "othercomprehensiveincomelossamortizationadjustmentfromaocipensionandotherpostretirementbenefitplansfornetpriorservicecostcreditnetoftax": 1752000,
        "othercomprehensiveincomelossreclassificationadjustmentfromaocipensionandotherpostretirementbenefitplansfornetgainlossnetoftax": -5013000,
        "othercomprehensiveincomelossnetoftaxportionattributabletoparent": -29292000,
        "comprehensiveincomenetoftax": -551660000
    },
    {
        "date": "2016-12-30",
        "symbol": "SYY",
        "period": "Q2",
        "salesrevenuegoodsnet": 225572000,
        "costofgoodssoldexcludingdepreciationdepletionandamortization": -445477000,
        "grossprofit": 1602540000,
        "operatingexpenses": 232825000,
        "operatingincomeloss": 3793000,
        "interestincomeexpensenet": 64696000,
        "nonoperatingincomeexpense": 5295000,
        "incomelossfromcontinuingoperationsbeforeincometaxesextraordinaryitemsnoncontrollinginterest": -162834000,
        "incometaxexpensebenefit": -56637000,
        "netincomelossavailabletocommonstockholdersbasic": -381364000,
        "earningspersharebasic": 0.5,
        "earningspersharediluted": 0.5,
        "weightedaveragenumberofsharesoutstandingbasic": 545132762,
        "weightedaveragenumberofdilutedsharesoutstanding": 550372067,
        "commonstockdividendspersharedeclared": 0.33,
        "othercomprehensiveincomeforeigncurrencytransactionandtranslationgainlossbeforereclassificationandtax": -202195000,
        "othercomprehensiveincomelossreclassificationadjustmentfromaocionderivativesnetoftax": -37326000,
        "othercomprehensiveincomelossderivativesqualifyingashedgesnetoftax": 37326000,
        "othercomprehensiveincomelossamortizationadjustmentfromaocipensionandotherpostretirementbenefitplansfornetpriorservicecostcreditnetoftax": 1752000,
        "othercomprehensiveincomelossreclassificationadjustmentfromaocipensionandotherpostretirementbenefitplansfornetgainlossnetoftax": -5818000,
        "othercomprehensiveincomelossnetoftaxportionattributabletoparent": -29292000,
        "comprehensiveincomenetoftax": -410656000
    },
    {
        "date": "2016-09-30",
        "symbol": "SYY",
        "period": "Q1",
        "salesrevenuegoodsnet": 5880712000,
        "costofgoodssoldexcludingdepreciationdepletionandamortization": 4847470000,
        "grossprofit": 1033242000,
        "operatingexpenses": 217903000,
        "operatingincomeloss": -217903000,
        "interestincomeexpensenet": -68889000,
        "nonoperatingincomeexpense": 14891000,
        "incomelossfromcontinuingoperationsbeforeincometaxesextraordinaryitemsnoncontrollinginterest": -271901000,
        "incometaxexpensebenefit": -95921000,
        "netincomelossavailabletocommonstockholdersbasic": 323888000,
        "earningspersharebasic": 0.58,
        "earningspersharediluted": 0.58,
        "weightedaveragenumberofsharesoutstandingbasic": 555437764,
        "weightedaveragenumberofdilutedsharesoutstanding": 560954068,
        "commonstockdividendspersharedeclared": 0.31,
        "othercomprehensiveincomeforeigncurrencytransactionandtranslationgainlossbeforereclassificationandtax": -89553000,
        "othercomprehensiveincomelossreclassificationadjustmentfromaocionderivativesnetoftax": -1770000,
        "othercomprehensiveincomeunrealizedgainlossonderivativesarisingduringperiodnetoftax": -319000,
        "othercomprehensiveincomelossamortizationadjustmentfromaocipensionandotherpostretirementbenefitplansfornetpriorservicecostcreditnetoftax": 1752000,
        "othercomprehensiveincomelossreclassificationadjustmentfromaocipensionandotherpostretirementbenefitplansfornetgainlossnetoftax": -8790000,
        "othercomprehensiveincomedefinedbenefitplannetpriorservicecostscreditarisingduringperiodnetoftax": -738000,
        "othercomprehensiveincomelossnetoftaxportionattributabletoparent": -76822000,
        "comprehensiveincomenetoftax": 247066000
    },
    {
        "date": "2016-03-25",
        "symbol": "SYY",
        "period": "Q3",
        "salesrevenuegoodsnet": 1470625000,
        "costofgoodssoldexcludingdepreciationdepletionandamortization": -384269000,
        "grossprofit": 617441000,
        "operatingexpenses": 257953000,
        "operatingincomeloss": 45890000,
        "interestincomeexpensenet": -80266000,
        "nonoperatingincomeexpense": 3153000,
        "incomelossfromcontinuingoperationsbeforeincometaxesextraordinaryitemsnoncontrollinginterest": -335066000,
        "incometaxexpensebenefit": -112343000,
        "netincomelossavailabletocommonstockholdersbasic": -439859000,
        "earningspersharebasic": 0.38000000000000006,
        "earningspersharediluted": 0.38000000000000006,
        "weightedaveragenumberofsharesoutstandingbasic": -5138981,
        "weightedaveragenumberofdilutedsharesoutstanding": -5140148,
        "commonstockdividendspersharedeclared": 0.3100000000000001,
        "othercomprehensiveincomeforeigncurrencytransactionandtranslationgainlossbeforereclassificationandtax": 50373000,
        "othercomprehensiveincomelossreclassificationadjustmentfromaocionderivativesnetoftax": 8715000,
        "othercomprehensiveincomeunrealizedgainlossonderivativesarisingduringperiodnetoftax": 0,
        "othercomprehensiveincomelossamortizationadjustmentfromaocipensionandotherpostretirementbenefitplansfornetpriorservicecostcreditnetoftax": 1715000,
        "othercomprehensiveincomelossreclassificationadjustmentfromaocipensionandotherpostretirementbenefitplansfornetgainlossnetoftax": 16375000,
        "othercomprehensiveincomelossnetoftaxportionattributabletoparent": -48738000,
        "comprehensiveincomenetoftax": -488597000
    },
    {
        "date": "2015-12-25",
        "symbol": "SYY",
        "period": "Q2",
        "salesrevenuegoodsnet": -1612432000,
        "costofgoodssoldexcludingdepreciationdepletionandamortization": -4628510000,
        "grossprofit": 627767000,
        "operatingexpenses": 206476000,
        "operatingincomeloss": 262747000,
        "interestincomeexpensenet": -70318000,
        "nonoperatingincomeexpense": 4836000,
        "incomelossfromcontinuingoperationsbeforeincometaxesextraordinaryitemsnoncontrollinginterest": -271958000,
        "incometaxexpensebenefit": -81472000,
        "netincomelossavailabletocommonstockholdersbasic": -1169636000,
        "earningspersharebasic": 0.48000000000000004,
        "earningspersharediluted": 0.47000000000000003,
        "weightedaveragenumberofsharesoutstandingbasic": -14908705,
        "weightedaveragenumberofdilutedsharesoutstanding": -14668900,
        "commonstockdividendspersharedeclared": 0.31,
        "othercomprehensiveincomeforeigncurrencytransactionandtranslationgainlossbeforereclassificationandtax": -44453000,
        "othercomprehensiveincomelossreclassificationadjustmentfromaocionderivativesnetoftax": -1825000,
        "othercomprehensiveincomeunrealizedgainlossonderivativesarisingduringperiodnetoftax": -1000,
        "othercomprehensiveincomelossamortizationadjustmentfromaocipensionandotherpostretirementbenefitplansfornetpriorservicecostcreditnetoftax": 1715000,
        "othercomprehensiveincomelossreclassificationadjustmentfromaocipensionandotherpostretirementbenefitplansfornetgainlossnetoftax": -3276000,
        "othercomprehensiveincomelossnetoftaxportionattributabletoparent": 312190000,
        "comprehensiveincomenetoftax": -857446000
    },
    {
        "date": "2015-09-25",
        "symbol": "SYY",
        "period": "Q1",
        "salesrevenuegoodsnet": 4426998000,
        "costofgoodssoldexcludingdepreciationdepletionandamortization": 3801384000,
        "grossprofit": 625614000,
        "operatingexpenses": 199375000,
        "operatingincomeloss": -199375000,
        "interestincomeexpensenet": -146097000,
        "nonoperatingincomeexpense": 5077000,
        "incomelossfromcontinuingoperationsbeforeincometaxesextraordinaryitemsnoncontrollinginterest": -340395000,
        "incometaxexpensebenefit": -122484000,
        "netincomelossavailabletocommonstockholdersbasic": 244420000,
        "earningspersharebasic": 0.41,
        "earningspersharediluted": 0.41,
        "weightedaveragenumberofsharesoutstandingbasic": 596698935,
        "weightedaveragenumberofdilutedsharesoutstanding": 600789913,
        "commonstockdividendspersharedeclared": 0.3,
        "othercomprehensiveincomeforeigncurrencytransactionandtranslationgainlossbeforereclassificationandtax": -87229000,
        "othercomprehensiveincomelossreclassificationadjustmentfromaocionderivativesnetoftax": -1676000,
        "othercomprehensiveincomeunrealizedgainlossonderivativesarisingduringperiodnetoftax": -3778000,
        "othercomprehensiveincomelossamortizationadjustmentfromaocipensionandotherpostretirementbenefitplansfornetpriorservicecostcreditnetoftax": 1715000,
        "othercomprehensiveincomelossreclassificationadjustmentfromaocipensionandotherpostretirementbenefitplansfornetgainlossnetoftax": -3274000,
        "othercomprehensiveincomelossnetoftaxportionattributabletoparent": -84341000,
        "comprehensiveincomenetoftax": 160079000
    },
    {
        "date": "2015-03-27",
        "symbol": "SYY",
        "period": "Q3",
        "salesrevenuegoodsnet": 4199742000,
        "costofgoodssoldexcludingdepreciationdepletionandamortization": 3597920000,
        "grossprofit": 601822000,
        "operatingexpenses": 584106000,
        "operatingincomeloss": 17716000,
        "interestincomeexpensenet": -13093000,
        "nonoperatingincomeexpense": 8163000,
        "incomelossfromcontinuingoperationsbeforeincometaxesextraordinaryitemsnoncontrollinginterest": 12786000,
        "incometaxexpensebenefit": 4161000,
        "netincomelossavailabletocommonstockholdersbasic": 8625000,
        "earningspersharebasic": 0.30000000000000004,
        "earningspersharediluted": 0.30000000000000004,
        "weightedaveragenumberofsharesoutstandingbasic": 1509985,
        "weightedaveragenumberofdilutedsharesoutstanding": 1436693,
        "commonstockdividendspersharedeclared": 0.3000000000000001,
        "othercomprehensiveincomeforeigncurrencytransactionandtranslationgainlossbeforereclassificationandtax": -97890000,
        "othercomprehensiveincomelossreclassificationadjustmentfromaocionderivativesnetoftax": -1676000,
        "othercomprehensiveincomelossamortizationadjustmentfromaocipensionandotherpostretirementbenefitplansfornetpriorservicecostcreditnetoftax": 1737000,
        "othercomprehensiveincomelossreclassificationadjustmentfromaocipensionandotherpostretirementbenefitplansfornetgainlossnetoftax": -2993000,
        "othercomprehensiveincomelossnetoftaxportionattributabletoparent": -97890000,
        "comprehensiveincomenetoftax": -89265000
    },
    {
        "date": "2014-12-26",
        "symbol": "SYY",
        "period": "Q2",
        "salesrevenuegoodsnet": 4407159000,
        "costofgoodssoldexcludingdepreciationdepletionandamortization": 3775253000,
        "grossprofit": 631906000,
        "operatingexpenses": 599942000,
        "operatingincomeloss": 31964000,
        "interestincomeexpensenet": -7314000,
        "nonoperatingincomeexpense": -650000,
        "incomelossfromcontinuingoperationsbeforeincometaxesextraordinaryitemsnoncontrollinginterest": 24000000,
        "incometaxexpensebenefit": 8015000,
        "netincomelossavailabletocommonstockholdersbasic": 15985000,
        "earningspersharebasic": 0.27,
        "earningspersharediluted": 0.26,
        "weightedaveragenumberofsharesoutstandingbasic": 1222746,
        "weightedaveragenumberofdilutedsharesoutstanding": 1300565,
        "commonstockdividendspersharedeclared": 0.3,
        "othercomprehensiveincomeforeigncurrencytransactionandtranslationgainlossbeforereclassificationandtax": -91853000,
        "othercomprehensiveincomelossreclassificationadjustmentfromaocionderivativesnetoftax": -1639000,
        "othercomprehensiveincomeunrealizedgainlossonderivativesarisingduringperiodnetoftax": 0,
        "othercomprehensiveincomelossamortizationadjustmentfromaocipensionandotherpostretirementbenefitplansfornetpriorservicecostcreditnetoftax": 1737000,
        "othercomprehensiveincomelossreclassificationadjustmentfromaocipensionandotherpostretirementbenefitplansfornetgainlossnetoftax": -2993000,
        "othercomprehensiveincomelossnetoftaxportionattributabletoparent": -91853000,
        "comprehensiveincomenetoftax": -75868000
    },
    {
        "date": "2014-09-26",
        "symbol": "SYY",
        "period": "Q1",
        "salesrevenuegoodsnet": 4464469000,
        "costofgoodssoldexcludingdepreciationdepletionandamortization": 3823552000,
        "grossprofit": 640917000,
        "operatingexpenses": 600012000,
        "operatingincomeloss": 40905000,
        "interestincomeexpensenet": -2242000,
        "nonoperatingincomeexpense": -613000,
        "incomelossfromcontinuingoperationsbeforeincometaxesextraordinaryitemsnoncontrollinginterest": 38050000,
        "incometaxexpensebenefit": 13767000,
        "netincomelossavailabletocommonstockholdersbasic": 24283000,
        "earningspersharebasic": 0.47,
        "earningspersharediluted": 0.47,
        "weightedaveragenumberofsharesoutstandingbasic": 588277056,
        "weightedaveragenumberofdilutedsharesoutstanding": 593309750,
        "commonstockdividendspersharedeclared": 0.29,
        "othercomprehensiveincomeforeigncurrencytransactionandtranslationgainlossbeforereclassificationandtax": -71254000,
        "othercomprehensiveincomelossreclassificationadjustmentfromaocionderivativesnetoftax": -126000,
        "othercomprehensiveincomeunrealizedgainlossonderivativesarisingduringperiodnetoftax": -34111000,
        "othercomprehensiveincomelossamortizationadjustmentfromaocipensionandotherpostretirementbenefitplansfornetpriorservicecostcreditnetoftax": 1737000,
        "othercomprehensiveincomelossreclassificationadjustmentfromaocipensionandotherpostretirementbenefitplansfornetgainlossnetoftax": -2993000,
        "othercomprehensiveincomelossnetoftaxportionattributabletoparent": -71254000,
        "comprehensiveincomenetoftax": -46971000
    },
    {
        "date": "2014-03-28",
        "symbol": "SYY",
        "period": "Q3",
        "salesrevenuegoodsnet": 4106415000,
        "costofgoodssoldexcludingdepreciationdepletionandamortization": 3513004000,
        "grossprofit": 593411000,
        "operatingexpenses": 561133000,
        "operatingincomeloss": 32278000,
        "interestincomeexpensenet": -407000,
        "nonoperatingincomeexpense": -1853000,
        "incomelossfromcontinuingoperationsbeforeincometaxesextraordinaryitemsnoncontrollinginterest": 30018000,
        "incometaxexpensebenefit": 11682000,
        "netincomelossavailabletocommonstockholdersbasic": 18336000,
        "earningspersharebasic": 0.31,
        "earningspersharediluted": 0.31,
        "weightedaveragenumberofsharesoutstandingbasic": 585885137,
        "weightedaveragenumberofdilutedsharesoutstanding": 590470283,
        "commonstockdividendspersharedeclared": 0.29,
        "othercomprehensiveincomeforeigncurrencytransactionandtranslationgainlossbeforereclassificationandtax": -35397000,
        "othercomprehensiveincomelossreclassificationadjustmentfromaocionderivativesnetoftax": -97000,
        "othercomprehensiveincomeunrealizedgainlossonderivativesarisingduringperiodnetoftax": -39439000,
        "othercomprehensiveincomelossamortizationadjustmentfromaocipensionandotherpostretirementbenefitplansfornetpriorservicecostcreditnetoftax": 1742000,
        "othercomprehensiveincomelossreclassificationadjustmentfromaocipensionandotherpostretirementbenefitplansfornetgainlossnetoftax": -2492000,
        "othercomprehensiveincomelossnetoftaxportionattributabletoparent": -35397000,
        "comprehensiveincomenetoftax": -17061000
    },
    {
        "date": "2013-12-27",
        "symbol": "SYY",
        "period": "Q2",
        "salesrevenuegoodsnet": 4181421000,
        "costofgoodssoldexcludingdepreciationdepletionandamortization": 3579665000,
        "grossprofit": 601756000,
        "operatingexpenses": 559684000,
        "operatingincomeloss": 42072000,
        "interestincomeexpensenet": 1871000,
        "nonoperatingincomeexpense": 3335000,
        "incomelossfromcontinuingoperationsbeforeincometaxesextraordinaryitemsnoncontrollinginterest": 47278000,
        "incometaxexpensebenefit": 16923000,
        "netincomelossavailabletocommonstockholdersbasic": 30355000,
        "earningspersharebasic": 0.36,
        "earningspersharediluted": 0.36,
        "weightedaveragenumberofsharesoutstandingbasic": 584253842,
        "weightedaveragenumberofdilutedsharesoutstanding": 587926287,
        "commonstockdividendspersharedeclared": 0.29,
        "othercomprehensiveincomeforeigncurrencytransactionandtranslationgainlossbeforereclassificationandtax": -38947000,
        "othercomprehensiveincomelossreclassificationadjustmentfromaocionderivativesnetoftax": -96000,
        "othercomprehensiveincomelossamortizationadjustmentfromaocipensionandotherpostretirementbenefitplansfornetpriorservicecostcreditnetoftax": 1743000,
        "othercomprehensiveincomelossreclassificationadjustmentfromaocipensionandotherpostretirementbenefitplansfornetgainlossnetoftax": -2492000,
        "othercomprehensiveincomelossnetoftaxportionattributabletoparent": -38947000,
        "comprehensiveincomenetoftax": -8592000
    },
    {
        "date": "2013-09-27",
        "symbol": "SYY",
        "period": "Q1",
        "salesrevenuegoodsnet": 4237699000,
        "costofgoodssoldexcludingdepreciationdepletionandamortization": 3649359000,
        "grossprofit": 588340000,
        "operatingexpenses": 559291000,
        "operatingincomeloss": 29049000,
        "interestexpense": -3342000,
        "nonoperatingincomeexpense": 332000,
        "incomelossfromcontinuingoperationsbeforeincometaxesextraordinaryitemsnoncontrollinginterest": 32723000,
        "incometaxexpensebenefit": 12057000,
        "netincomelossavailabletocommonstockholdersbasic": 20666000,
        "earningspersharebasic": 0.49,
        "earningspersharediluted": 0.48,
        "weightedaveragenumberofsharesoutstandingbasic": 587621529,
        "weightedaveragenumberofdilutedsharesoutstanding": 591458948,
        "commonstockdividendspersharedeclared": 0.28,
        "othercomprehensiveincomeforeigncurrencytransactionandtranslationgainlossbeforereclassificationandtax": 30807000,
        "othercomprehensiveincomelossreclassificationadjustmentfromaocionderivativesnetoftax": -96000,
        "othercomprehensiveincomelossamortizationadjustmentfromaocipensionandotherpostretirementbenefitplansfornetpriorservicecostcreditnetoftax": 1742000,
        "othercomprehensiveincomelossreclassificationadjustmentfromaocipensionandotherpostretirementbenefitplansfornetgainlossnetoftax": -2491000,
        "othercomprehensiveincomelossnetoftaxportionattributabletoparent": 30807000,
        "comprehensiveincomenetoftax": 51473000
    },
    {
        "date": "2013-03-29",
        "symbol": "SYY",
        "period": "Q3",
        "salesrevenuegoodsnet": 3791430000,
        "costofgoodssoldexcludingdepreciationdepletionandamortization": 3250834000,
        "grossprofit": 540596000,
        "operatingexpenses": 508101000,
        "operatingincomeloss": 32495000,
        "interestexpense": 2216000,
        "nonoperatingincomeexpense": 681000,
        "incomelossfromcontinuingoperationsbeforeincometaxesminorityinterestandincomelossfromequitymethodinvestments": 30960000,
        "incometaxexpensebenefit": 10463000,
        "netincomelossavailabletocommonstockholdersbasic": 20497000,
        "earningspersharebasic": 0.33999999999999997,
        "earningspersharediluted": 0.32999999999999996,
        "weightedaveragenumberofsharesoutstandingbasic": -586626967,
        "weightedaveragenumberofdilutedsharesoutstanding": -588536246,
        "commonstockdividendspersharedeclared": 0.2799999999999999,
        "othercomprehensiveincomeforeigncurrencytransactionandtranslationgainlossbeforereclassificationandtax": -27886000,
        "othercomprehensiveincomelossreclassificationadjustmentonderivativesincludedinnetincomenetoftax": -96000,
        "othercomprehensiveincomelossamortizationpensionandotherpostretirementbenefitplansnetpriorservicecostrecognizedinnetperiodicpensioncostnetoftax": 1925000,
        "othercomprehensiveincomereclassificationofdefinedbenefitplansnetgainlossrecognizedinnetperiodicbenefitcostnetoftax": -10832000,
        "othercomprehensiveincomereclassificationofdefinedbenefitplannettransitionassetobligationrecognizedinnetperiodicbenefitcostnetoftax": -22000,
        "othercomprehensiveincomelossnetoftaxportionattributabletoparent": -27886000,
        "comprehensiveincomenetoftax": -7389000
    },
    {
        "date": "2012-12-28",
        "symbol": "SYY",
        "period": "Q2",
        "salesrevenuegoodsnet": 3706570000,
        "costofgoodssoldexcludingdepreciationdepletionandamortization": 3173029000,
        "grossprofit": 533541000,
        "operatingexpenses": 484633000,
        "operatingincomeloss": 48908000,
        "interestexpense": 1736000,
        "nonoperatingincomeexpense": -1078000,
        "incomelossfromcontinuingoperationsbeforeincometaxesminorityinterestandincomelossfromequitymethodinvestments": 46094000,
        "incometaxexpensebenefit": 17112000,
        "netincomelossavailabletocommonstockholdersbasic": 28982000,
        "earningspersharebasic": 0.38,
        "earningspersharediluted": 0.38,
        "weightedaveragenumberofsharesoutstandingbasic": 587091968,
        "weightedaveragenumberofdilutedsharesoutstanding": 589751933,
        "commonstockdividendspersharedeclared": 0.28,
        "othercomprehensiveincomeforeigncurrencytransactionandtranslationgainlossbeforereclassificationandtax": -8771000,
        "othercomprehensiveincomelossreclassificationadjustmentonderivativesincludedinnetincomenetoftax": -96000,
        "othercomprehensiveincomelossamortizationpensionandotherpostretirementbenefitplansnetpriorservicecostrecognizedinnetperiodicpensioncostnetoftax": 6535000,
        "othercomprehensiveincomereclassificationofdefinedbenefitplansnetgainlossrecognizedinnetperiodicbenefitcostnetoftax": -11258000,
        "othercomprehensiveincomereclassificationofdefinedbenefitplannettransitionassetobligationrecognizedinnetperiodicbenefitcostnetoftax": -22000,
        "othercomprehensiveincomedefinedbenefitplannetpriorservicecostscreditarisingduringperiodnetoftax": 24828000,
        "othercomprehensiveincomedefinedbenefitplansnetunamortizedgainlossarisingduringperiodnetoftax": 23954000,
        "othercomprehensiveincomelossnetoftaxportionattributabletoparent": -8771000,
        "comprehensiveincomenetoftax": 20211000
    },
    {
        "date": "2012-09-28",
        "symbol": "SYY",
        "period": "Q1",
        "salesrevenuegoodsnet": 3704672000,
        "costofgoodssoldexcludingdepreciationdepletionandamortization": 3166197000,
        "grossprofit": 538475000,
        "operatingexpenses": 483789000,
        "operatingincomeloss": 54686000,
        "interestexpense": -361000,
        "nonoperatingincomeexpense": 1454000,
        "incomelossfromcontinuingoperationsbeforeincometaxesminorityinterestandincomelossfromequitymethodinvestments": 56501000,
        "incometaxexpensebenefit": 20547000,
        "netincomelossavailabletocommonstockholdersbasic": 35954000,
        "earningspersharebasic": 0.49,
        "earningspersharediluted": 0.49,
        "weightedaveragenumberofsharesoutstandingbasic": 587757832,
        "weightedaveragenumberofdilutedsharesoutstanding": 589838819,
        "commonstockdividendspersharedeclared": 0.27,
        "othercomprehensiveincomeforeigncurrencytransactionandtranslationgainlossbeforereclassificationandtax": 36160000,
        "othercomprehensiveincomelossreclassificationadjustmentonderivativesincludedinnetincomenetoftax": -97000,
        "othercomprehensiveincomelossamortizationpensionandotherpostretirementbenefitplansnetpriorservicecostrecognizedinnetperiodicpensioncostnetoftax": 926000,
        "othercomprehensiveincomereclassificationofdefinedbenefitplansnetgainlossrecognizedinnetperiodicbenefitcostnetoftax": -11686000,
        "othercomprehensiveincomereclassificationofdefinedbenefitplannettransitionassetobligationrecognizedinnetperiodicbenefitcostnetoftax": -22000,
        "othercomprehensiveincomelossnetoftaxportionattributabletoparent": 36160000,
        "comprehensiveincomenetoftax": 72114000
    },
    {
        "date": "2012-03-30",
        "symbol": "SYY",
        "period": "Q3",
        "salesrevenuegoodsnet": 3556677000,
        "costofgoodssoldexcludingdepreciationdepletionandamortization": 3053131000,
        "grossprofit": 503546000,
        "operatingexpenses": 464064000,
        "operatingincomeloss": 39482000,
        "interestexpense": -1259000,
        "nonoperatingincomeexpense": 584000,
        "incomelossfromcontinuingoperationsbeforeincometaxesminorityinterestandincomelossfromequitymethodinvestments": 41325000,
        "incometaxexpensebenefit": 15319000,
        "netincomelossavailabletocommonstockholdersbasic": 26006000,
        "earningspersharebasic": 0.44,
        "earningspersharediluted": 0.44,
        "weightedaveragenumberofsharesoutstandingbasic": 585823393,
        "weightedaveragenumberofdilutedsharesoutstanding": 587214691,
        "commonstockdividendspersharedeclared": 0.27,
        "othercomprehensiveincomeforeigncurrencytransactionandtranslationgainlossbeforereclassificationandtax": 26823000,
        "othercomprehensiveincomereclassificationadjustmentonderivativesincludedinnetincomenetoftax": -107000,
        "othercomprehensiveincomeamortizationofdefinedbenefitplannetpriorservicecostrecognizedinnetperiodicpensioncostnetoftax": 773000,
        "othercomprehensiveincomereclassificationofdefinedbenefitplansnetgainlossrecognizedinnetperiodicbenefitcostnetoftax": 9215000,
        "othercomprehensiveincomereclassificationofdefinedbenefitplannettransitionassetobligationrecognizedinnetperiodicbenefitcostnetoftax": 24000,
        "othercomprehensiveincomelossnetoftaxportionattributabletoparent": 26823000,
        "comprehensiveincomenetoftax": 52829000
    },
    {
        "date": "2011-12-30",
        "symbol": "SYY",
        "period": "Q2",
        "salesrevenuegoodsnet": 3393450000,
        "costofgoodssoldexcludingdepreciationdepletionandamortization": 2907268000,
        "grossprofit": 486182000,
        "operatingexpenses": 433279000,
        "operatingincomeloss": 52903000,
        "interestexpense": -1178000,
        "nonoperatingincomeexpense": 574000,
        "incomelossfromcontinuingoperationsbeforeincometaxesminorityinterestandincomelossfromequitymethodinvestments": 54655000,
        "incometaxexpensebenefit": 20681000,
        "netincomelossavailabletocommonstockholdersbasic": 33974000,
        "earningspersharebasic": 0.43,
        "earningspersharediluted": 0.43,
        "weightedaveragenumberofsharesoutstandingbasic": 586188302,
        "weightedaveragenumberofdilutedsharesoutstanding": 587034204,
        "commonstockdividendspersharedeclared": 0.27,
        "othercomprehensiveincomeforeigncurrencytransactionandtranslationgainlossbeforereclassificationandtax": 18423000,
        "othercomprehensiveincomereclassificationadjustmentonderivativesincludedinnetincomenetoftax": -107000,
        "othercomprehensiveincomeamortizationofdefinedbenefitplannetpriorservicecostrecognizedinnetperiodicpensioncostnetoftax": 773000,
        "othercomprehensiveincomereclassificationofdefinedbenefitplansnetgainlossrecognizedinnetperiodicbenefitcostnetoftax": 9216000,
        "othercomprehensiveincomereclassificationofdefinedbenefitplannettransitionassetobligationrecognizedinnetperiodicbenefitcostnetoftax": 23000,
        "othercomprehensiveincomelossnetoftaxportionattributabletoparent": 28542000,
        "comprehensiveincomenetoftax": 278655000
    },
    {
        "date": "2011-09-30",
        "symbol": "SYY",
        "period": "Q1",
        "salesrevenuegoodsnet": 3457058000,
        "costofgoodssoldexcludingdepreciationdepletionandamortization": 2943184000,
        "grossprofit": 513874000,
        "operatingexpenses": 445120000,
        "operatingincomeloss": 68754000,
        "interestexpense": -2901000,
        "nonoperatingincomeexpense": -2128000,
        "incomelossfromcontinuingoperationsbeforeincometaxesminorityinterestandincomelossfromequitymethodinvestments": 69527000,
        "incometaxexpensebenefit": 25653000,
        "netincomeloss": 43874000,
        "earningspersharebasic": 0.51,
        "earningspersharediluted": 0.51,
        "weightedaveragenumberofsharesoutstandingbasic": 592003631,
        "weightedaveragenumberofdilutedsharesoutstanding": 593449101,
        "commonstockdividendspersharedeclared": 0.26,
        "othercomprehensiveincomeforeigncurrencytransactionandtranslationgainlossbeforereclassificationandtax": -102267000,
        "othercomprehensiveincomereclassificationadjustmentonderivativesincludedinnetincomenetoftax": -107000,
        "othercomprehensiveincomeamortizationofdefinedbenefitplannetpriorservicecostrecognizedinnetperiodicpensioncostnetoftax": 773000,
        "othercomprehensiveincomereclassificationofdefinedbenefitplansnetgainlossrecognizedinnetperiodicbenefitcostnetoftax": 9215000,
        "othercomprehensiveincomereclassificationofdefinedbenefitplannettransitionassetobligationrecognizedinnetperiodicbenefitcostnetoftax": 23000,
        "othercomprehensiveincomelossnetoftaxportionattributabletoparent": -92149000,
        "comprehensiveincomenetoftax": 210504000
    },
    {
        "date": "2011-04-01",
        "symbol": "SYY",
        "period": "Q3",
        "salesrevenuenet": 3204336000,
        "costofgoodssold": 2723422000,
        "grossprofit": 480914000,
        "operatingexpenses": 396428000,
        "operatingincomeloss": 84486000,
        "interestexpense": -1233000,
        "nonoperatingincomeexpense": 1660000,
        "incomelossfromcontinuingoperationsbeforeincometaxesminorityinterestandincomelossfromequitymethodinvestments": 87379000,
        "incometaxexpensebenefit": 31705000,
        "netincomeloss": 55674000,
        "earningspersharebasic": 0.44,
        "earningspersharediluted": 0.44,
        "weightedaveragenumberofsharesoutstandingbasic": 583722009,
        "weightedaveragenumberofdilutedsharesoutstanding": 585421864,
        "commonstockdividendspersharedeclared": 0.26,
        "othercomprehensiveincomeforeigncurrencytransactionandtranslationgainlossbeforereclassificationandtax": 44339000,
        "othercomprehensiveincomereclassificationadjustmentonderivativesincludedinnetincomenetoftax": -107000,
        "othercomprehensiveincomeamortizationofdefinedbenefitplannetpriorservicecostrecognizedinnetperiodicpensioncostnetoftax": 638000,
        "othercomprehensiveincomereclassificationofdefinedbenefitplansnetgainlossrecognizedinnetperiodicbenefitcostnetoftax": 12253000,
        "othercomprehensiveincomereclassificationofdefinedbenefitplannettransitionassetobligationrecognizedinnetperiodicbenefitcostnetoftax": 24000,
        "othercomprehensiveincomelossnetoftaxportionattributabletoparent": 57361000,
        "comprehensiveincomenetoftax": 315839000
    },
    {
        "date": "2010-12-31",
        "symbol": "SYY",
        "period": "Q2",
        "salesrevenuenet": 3090406000,
        "costofgoodssold": 2630567000,
        "grossprofit": 459839000,
        "operatingexpenses": 372926000,
        "operatingincomeloss": 86913000,
        "interestexpense": -1143000,
        "nonoperatingincomeexpense": 847000,
        "incomelossfromcontinuingoperationsbeforeincometaxesminorityinterestandincomelossfromequitymethodinvestments": 88903000,
        "incometaxexpensebenefit": 32968000,
        "netincomeloss": 55935000,
        "earningspersharebasic": 0.44,
        "earningspersharediluted": 0.44,
        "weightedaveragenumberofsharesoutstandingbasic": 584943749,
        "weightedaveragenumberofdilutedsharesoutstanding": 587110338,
        "commonstockdividendspersharedeclared": 0.26,
        "othercomprehensiveincomeforeigncurrencytransactionandtranslationgainlossbeforereclassificationandtax": 15322000,
        "othercomprehensiveincomereclassificationadjustmentonderivativesincludedinnetincomenetoftax": 107000,
        "othercomprehensiveincomeamortizationofdefinedbenefitplannetpriorservicecostrecognizedinnetperiodicpensioncostnetoftax": 638000,
        "othercomprehensiveincomereclassificationofdefinedbenefitplansnetgainlossrecognizedinnetperiodicbenefitcostnetoftax": 12254000,
        "othercomprehensiveincomereclassificationofdefinedbenefitplannettransitionassetobligationrecognizedinnetperiodicbenefitcostnetoftax": 23000,
        "othercomprehensiveincomelossnetoftaxportionattributabletoparent": 28344000,
        "comprehensiveincomenetoftax": 286517000
    },
    {
        "date": "2010-10-01",
        "symbol": "SYY",
        "period": "Q1",
        "salesrevenuenet": 9751274000,
        "costofgoodssold": 7919857000,
        "grossprofit": 1831417000,
        "operatingexpenses": 1257449000,
        "operatingincomeloss": 573968000,
        "interestexpense": -102464000,
        "nonoperatingincomeexpense": 1601000,
        "incomelossfromcontinuingoperationsbeforeincometaxesminorityinterestandincomelossfromequitymethodinvestments": 678033000,
        "incometaxexpensebenefit": 252763000,
        "netincomeloss": 425270000,
        "earningspersharebasic": 0.51,
        "earningspersharediluted": 0.51,
        "weightedaveragenumberofsharesoutstandingbasic": 588711412,
        "weightedaveragenumberofdilutedsharesoutstanding": 591103346,
        "commonstockdividendspersharedeclared": 0.25,
        "othercomprehensiveincomeforeigncurrencytransactionandtranslationgainlossbeforereclassificationandtax": 51465000,
        "othercomprehensiveincomereclassificationadjustmentonderivativesincludedinnetincomenetoftax": 107000,
        "othercomprehensiveincomeamortizationofdefinedbenefitplannetpriorservicecostrecognizedinnetperiodicpensioncostnetoftax": 638000,
        "othercomprehensiveincomereclassificationofdefinedbenefitplansnetgainlossrecognizedinnetperiodicbenefitcostnetoftax": 12253000,
        "othercomprehensiveincomereclassificationofdefinedbenefitplannettransitionassetobligationrecognizedinnetperiodicbenefitcostnetoftax": 23000,
        "othercomprehensiveincomelossnetoftaxportionattributabletoparent": 64486000,
        "comprehensiveincomenetoftax": 363555000
    },
    {
        "date": "2010-03-26",
        "symbol": "SYY",
        "period": "Q3",
        "salesrevenuenet": 8945093000,
        "costofgoodssold": 7261721000,
        "grossprofit": 1683372000,
        "operatingexpenses": 1251269000,
        "operatingincomeloss": 432103000,
        "interestexpense": 27654000,
        "nonoperatingincomeexpense": -1028000,
        "incomelossfromcontinuingoperationsbeforeincometaxesminorityinterestandincomelossfromequitymethodinvestments": 403421000,
        "incometaxexpensebenefit": 155773000,
        "netincomeloss": 247648000,
        "earningspersharebasic": 0.42,
        "earningspersharediluted": 0.42,
        "weightedaveragenumberofsharesoutstandingbasic": 593129783,
        "weightedaveragenumberofdilutedsharesoutstanding": 594883736,
        "commonstockdividendspersharedeclared": 0.25,
        "othercomprehensiveincomeforeigncurrencytransactionandtranslationgainlossbeforereclassificationandtax": 5295000,
        "othercomprehensiveincomereclassificationadjustmentonderivativesincludedinnetincomenetoftax": -107000,
        "othercomprehensiveincomeamortizationofdefinedbenefitplannetpriorservicecostrecognizedinnetperiodicpensioncostnetoftax": 677000,
        "othercomprehensiveincomereclassificationofdefinedbenefitplansnetgainlossrecognizedinnetperiodicbenefitcostnetoftax": 6166000,
        "othercomprehensiveincomereclassificationofdefinedbenefitplannettransitionassetobligationrecognizedinnetperiodicbenefitcostnetoftax": 23000,
        "othercomprehensiveincomelossnetoftaxportionattributabletoparent": 12268000,
        "comprehensiveincomenetoftax": 259916000
    },
    {
        "date": "2009-12-25",
        "symbol": "SYY",
        "period": "Q2",
        "salesrevenuenet": 8868499000,
        "costofgoodssold": 7173612000,
        "grossprofit": 1694887000,
        "operatingexpenses": 1232536000,
        "operatingincomeloss": 462351000,
        "interestexpense": 31522000,
        "nonoperatingincomeexpense": 1138000,
        "incomelossfromcontinuingoperationsbeforeincometaxesminorityinterestandincomelossfromequitymethodinvestments": 431967000,
        "incometaxexpensebenefit": 163618000,
        "netincomeloss": 268349000,
        "earningspersharebasic": 0.45,
        "earningspersharediluted": 0.45,
        "weightedaveragenumberofsharesoutstandingbasic": 592651712,
        "weightedaveragenumberofdilutedsharesoutstanding": 593372477,
        "commonstockdividendspersharedeclared": 0.25,
        "othercomprehensiveincomeforeigncurrencytransactionandtranslationgainlossbeforereclassificationandtax": 46864000,
        "othercomprehensiveincomereclassificationadjustmentonderivativesincludedinnetincomenetoftax": -107000,
        "othercomprehensiveincomeamortizationofdefinedbenefitplannetpriorservicecostrecognizedinnetperiodicpensioncostnetoftax": 677000,
        "othercomprehensiveincomereclassificationofdefinedbenefitplansnetgainlossrecognizedinnetperiodicbenefitcostnetoftax": 6166000,
        "othercomprehensiveincomereclassificationofdefinedbenefitplannettransitionassetobligationrecognizedinnetperiodicbenefitcostnetoftax": 23000,
        "othercomprehensiveincomelossnetoftaxportionattributabletoparent": 53837000,
        "comprehensiveincomenetoftax": 322186000
    },
    {
        "date": "2009-09-25",
        "symbol": "SYY",
        "period": "Q1",
        "salesrevenuenet": 9081426000,
        "costofgoodssold": 7334067000,
        "grossprofit": 1747359000,
        "operatingexpenses": 1250031000,
        "operatingincomeloss": 497328000,
        "interestexpense": 33800000,
        "nonoperatingincomeexpense": 2012000,
        "incomelossfromcontinuingoperationsbeforeincometaxesminorityinterestandincomelossfromequitymethodinvestments": 465540000,
        "incometaxexpensebenefit": 139335000,
        "netincomeloss": 326205000,
        "earningspersharebasic": 0.55,
        "earningspersharediluted": 0.55,
        "weightedaveragenumberofsharesoutstandingbasic": 591568212,
        "weightedaveragenumberofdilutedsharesoutstanding": 591983474,
        "commonstockdividendspersharedeclared": 0.24,
        "othercomprehensiveincomeforeigncurrencytransactionandtranslationgainlossbeforereclassificationandtax": 37082000,
        "othercomprehensiveincomereclassificationadjustmentonderivativesincludedinnetincomenetoftax": -107000,
        "othercomprehensiveincomeamortizationofdefinedbenefitplannetpriorservicecostrecognizedinnetperiodicpensioncostnetoftax": 676000,
        "othercomprehensiveincomereclassificationofdefinedbenefitplansnetgainlossrecognizedinnetperiodicbenefitcostnetoftax": 6166000,
        "othercomprehensiveincomereclassificationofdefinedbenefitplannettransitionassetobligationrecognizedinnetperiodicbenefitcostnetoftax": 23000,
        "othercomprehensiveincomelossnetoftaxportionattributabletoparent": 44054000,
        "comprehensiveincomenetoftax": 370259000
    }
]