[
    {
        "date": "2024-09-29",
        "symbol": "BAH",
        "period": "Q2",
        "revenuefromcontractwithcustomerexcludingassessedtax": 3146386000,
        "costofgoodsandservicessold": 1362282000,
        "billableexpenses": 968022000,
        "generalandadministrativeexpense": 225417000,
        "depreciationandamortization": 42056000,
        "costsandexpenses": 2597777000,
        "operatingincomeloss": 121700000,
        "interestexpensenonoperating": 47045000,
        "othernonoperatingincomeexpense": 11788000,
        "incomelossfromcontinuingoperationsbeforeincometaxesextraordinaryitemsnoncontrollinginterest": 513352000,
        "incometaxexpensebenefit": 123240000,
        "netincomeloss": 90100000,
        "earningspersharebasic": 0.7,
        "earningspersharediluted": 0.7,
        "othercomprehensiveincomelosscashflowhedgegainlossafterreclassificationandtax": -7791000,
        "othercomprehensiveincomelosspensionandotherpostretirementbenefitplansadjustmentnetoftax": -112000,
        "othercomprehensiveincomelossnetoftax": -7679000,
        "comprehensiveincomenetoftax": 382433000
    },
    {
        "date": "2024-06-29",
        "symbol": "BAH",
        "period": "Q1",
        "revenuefromcontractwithcustomerexcludingassessedtax": 2941797000,
        "costofgoodsandservicessold": 1371234000,
        "billableexpenses": 944981000,
        "generalandadministrativeexpense": 329289000,
        "depreciationandamortization": 41129000,
        "costsandexpenses": 2686633000,
        "operatingincomeloss": 255164000,
        "interestexpensenonoperating": 45931000,
        "othernonoperatingincomeexpense": 5128000,
        "incomelossfromcontinuingoperationsbeforeincometaxesextraordinaryitemsnoncontrollinginterest": 214361000,
        "incometaxexpensebenefit": 49128000,
        "netincomeloss": 165233000,
        "earningspersharebasic": 1.27,
        "earningspersharediluted": 1.27,
        "profitloss": 165233000,
        "othercomprehensiveincomelosscashflowhedgegainlossafterreclassificationandtax": -2240000,
        "othercomprehensiveincomelosspensionandotherpostretirementbenefitplansadjustmentnetoftax": -111000,
        "othercomprehensiveincomelossnetoftax": -2129000,
        "comprehensiveincomenetoftax": 163104000
    },
    {
        "date": "2024-03-30",
        "symbol": "BAH",
        "period": "Q4",
        "revenuefromcontractwithcustomerexcludingassessedtax": 5288885000,
        "costofgoodsandservicessold": 1255482000,
        "billableexpenses": 844788000,
        "generalandadministrativeexpense": 366283000,
        "depreciationandamortization": 40336000,
        "costsandexpenses": 2506889000,
        "operatingincomeloss": 264438000,
        "interestexpense": 46089000,
        "othernonoperatingincomeexpense": 930000,
        "incomelossfromcontinuingoperationsbeforeincometaxesextraordinaryitemsnoncontrollinginterest": 219279000,
        "incometaxexpensebenefit": 91323000,
        "profitloss": 127956000,
        "netincomeloss": 127956000,
        "earningspersharebasic": 0.99,
        "earningspersharediluted": 0.9699999999999995,
        "othercomprehensiveincomelosscashflowhedgegainlossafterreclassificationandtax": 354000,
        "othercomprehensiveincomelosspensionandotherpostretirementbenefitplansadjustmentnetoftax": 16325000,
        "othercomprehensiveincomelossnetoftax": -16354000,
        "comprehensiveincomenetoftaxincludingportionattributabletononcontrollinginterest": 111985000,
        "comprehensiveincomenetoftax": 111985000
    },
    {
        "date": "2023-12-30",
        "symbol": "BAH",
        "period": "Q3",
        "revenuefromcontractwithcustomerexcludingassessedtax": 2569801000,
        "costofgoodsandservicessold": 1180961000,
        "billableexpenses": 799896000,
        "generalandadministrativeexpense": 300273000,
        "depreciationandamortization": 41113000,
        "costsandexpenses": 2322243000,
        "operatingincomeloss": 247558000,
        "interestexpense": 46582000,
        "othernonoperatingincomeexpense": 6408000,
        "incomelossfromcontinuingoperationsbeforeincometaxesextraordinaryitemsnoncontrollinginterest": 207384000,
        "incometaxexpensebenefit": 61740000,
        "profitloss": 145644000,
        "netincomeloss": 145644000,
        "earningspersharebasic": 1.11,
        "earningspersharediluted": 1.11,
        "othercomprehensiveincomelosscashflowhedgegainlossafterreclassificationandtax": -6006000,
        "othercomprehensiveincomelosspensionandotherpostretirementbenefitplansadjustmentnetoftax": 383000,
        "othercomprehensiveincomelossnetoftax": -6389000,
        "comprehensiveincomenetoftaxincludingportionattributabletononcontrollinginterest": 139255000,
        "comprehensiveincomenetoftax": 139255000
    },
    {
        "date": "2023-09-29",
        "symbol": "BAH",
        "period": "Q2",
        "revenuefromcontractwithcustomerexcludingassessedtax": 2666282000,
        "costofgoodsandservicessold": 1232712000,
        "billableexpenses": 824788000,
        "generalandadministrativeexpense": 300886000,
        "depreciationandamortization": 40907000,
        "costsandexpenses": 2399293000,
        "operatingincomeloss": 266989000,
        "interestexpense": 44756000,
        "othernonoperatingincomeexpense": 3556000,
        "incomelossfromcontinuingoperationsbeforeincometaxesextraordinaryitemsnoncontrollinginterest": 225789000,
        "incometaxexpensebenefit": 55071000,
        "profitloss": 170718000,
        "netincomeloss": 170718000,
        "earningspersharebasic": 1.29,
        "earningspersharediluted": 1.29,
        "othercomprehensiveincomelosscashflowhedgegainlossafterreclassificationandtax": -416000,
        "othercomprehensiveincomelosspensionandotherpostretirementbenefitplansadjustmentnetoftax": 383000,
        "othercomprehensiveincomelossnetoftax": -799000,
        "comprehensiveincomenetoftaxincludingportionattributabletononcontrollinginterest": 169919000,
        "comprehensiveincomenetoftax": 169919000
    },
    {
        "date": "2023-06-29",
        "symbol": "BAH",
        "period": "Q1",
        "revenuefromcontractwithcustomerexcludingassessedtax": 136928000,
        "costofgoodsandservicessold": 1251916000,
        "billableexpenses": 812304000,
        "generalandadministrativeexpense": 314001000,
        "depreciationandamortization": 41847000,
        "costsandexpenses": 2420068000,
        "operatingincomeloss": 234418000,
        "interestexpense": 35474000,
        "othernonoperatingincomeexpense": 1924000,
        "incomelossfromcontinuingoperationsbeforeincometaxesextraordinaryitemsnoncontrollinginterest": 200868000,
        "incometaxexpensebenefit": 39480000,
        "profitloss": 161388000,
        "netincomeloss": 161388000,
        "earningspersharebasic": 1.22,
        "earningspersharediluted": 1.22,
        "othercomprehensiveincomelosscashflowhedgegainlossafterreclassificationandtax": 3741000,
        "othercomprehensiveincomelosspensionandotherpostretirementbenefitplansadjustmentnetoftax": 383000,
        "othercomprehensiveincomelossnetoftax": 3741000,
        "comprehensiveincomenetoftaxincludingportionattributabletononcontrollinginterest": 164746000,
        "comprehensiveincomenetoftax": 164746000
    },
    {
        "date": "2023-03-30",
        "symbol": "BAH",
        "period": "Q4",
        "revenuefromcontractwithcustomerexcludingassessedtax": 139568000,
        "costofgoodsandservicessold": 1128913000,
        "billableexpenses": 739124000,
        "generalandadministrativeexpense": 563848000,
        "depreciationandamortization": 44284000,
        "costsandexpenses": 2476169000,
        "operatingincomeloss": -42908000,
        "interestexpense": 34822000,
        "othernonoperatingincomeexpense": 2830000,
        "incomelossfromcontinuingoperationsbeforeincometaxesextraordinaryitemsnoncontrollinginterest": -74900000,
        "incometaxexpensebenefit": -6552000,
        "profitloss": 74000,
        "netincomelossattributabletononcontrollinginterest": 74000,
        "netincomeloss": -68422000,
        "earningspersharebasic": -0.5099999999999998,
        "earningspersharediluted": -0.5100000000000002,
        "othercomprehensiveincomelosscashflowhedgegainlossafterreclassificationandtax": -3389000,
        "othercomprehensiveincomelossnetoftax": 7250000,
        "comprehensiveincomenetoftaxincludingportionattributabletononcontrollinginterest": -61094000,
        "comprehensiveincomenetoftaxattributabletononcontrollinginterest": 74000,
        "comprehensiveincomenetoftax": -61168000
    },
    {
        "date": "2022-12-30",
        "symbol": "BAH",
        "period": "Q3",
        "revenuefromcontractwithcustomerexcludingassessedtax": 125809000,
        "costofgoodsandservicessold": 1043474000,
        "billableexpenses": 710526000,
        "generalandadministrativeexpense": 422388000,
        "depreciationandamortization": 42046000,
        "costsandexpenses": 2218434000,
        "operatingincomeloss": 58640000,
        "interestexpense": 32031000,
        "othernonoperatingincomeexpense": 14619000,
        "incomelossfromcontinuingoperationsbeforeincometaxesextraordinaryitemsnoncontrollinginterest": 41228000,
        "incometaxexpensebenefit": 10539000,
        "profitloss": -308000,
        "netincomelossattributabletononcontrollinginterest": -308000,
        "netincomeloss": 30997000,
        "earningspersharebasic": 0.22999999999999976,
        "earningspersharediluted": 0.22999999999999998,
        "othercomprehensiveincomelosscashflowhedgegainlossafterreclassificationandtax": -62000,
        "othercomprehensiveincomelosspensionandotherpostretirementbenefitplansadjustmentnetoftax": 0,
        "othercomprehensiveincomelossnetoftax": -62000,
        "comprehensiveincomenetoftaxincludingportionattributabletononcontrollinginterest": 30627000,
        "comprehensiveincomenetoftaxattributabletononcontrollinginterest": -308000,
        "comprehensiveincomenetoftax": 30935000
    },
    {
        "date": "2022-09-29",
        "symbol": "BAH",
        "period": "Q2",
        "revenuefromcontractwithcustomerexcludingassessedtax": 119601000,
        "costofgoodsandservicessold": 1057450000,
        "billableexpenses": 684941000,
        "generalandadministrativeexpense": 293612000,
        "depreciationandamortization": 39052000,
        "costsandexpenses": 2075055000,
        "operatingincomeloss": 223921000,
        "interestexpense": 28342000,
        "othernonoperatingincomeexpense": 26460000,
        "incomelossfromcontinuingoperationsbeforeincometaxesextraordinaryitemsnoncontrollinginterest": 222039000,
        "incometaxexpensebenefit": 51258000,
        "profitloss": -151000,
        "netincomelossattributabletononcontrollinginterest": -151000,
        "netincomeloss": 170932000,
        "earningspersharebasic": 1.28,
        "earningspersharediluted": 1.28,
        "othercomprehensiveincomelosscashflowhedgegainlossafterreclassificationandtax": 7801000,
        "othercomprehensiveincomelosspensionandotherpostretirementbenefitplansadjustmentnetoftax": 2000,
        "othercomprehensiveincomelossnetoftax": 7801000,
        "comprehensiveincomenetoftaxincludingportionattributabletononcontrollinginterest": 178580000,
        "comprehensiveincomenetoftaxattributabletononcontrollinginterest": -151000,
        "comprehensiveincomenetoftax": 178731000
    },
    {
        "date": "2022-06-29",
        "symbol": "BAH",
        "period": "Q1",
        "revenuefromcontractwithcustomerexcludingassessedtax": 118305000,
        "costofgoodsandservicessold": 1074973000,
        "billableexpenses": 674266000,
        "generalandadministrativeexpense": 253064000,
        "depreciationandamortization": 40102000,
        "costsandexpenses": 2042405000,
        "operatingincomeloss": 207195000,
        "interestexpense": 24655000,
        "othernonoperatingincomeexpense": -2958000,
        "incomelossfromcontinuingoperationsbeforeincometaxesextraordinaryitemsnoncontrollinginterest": 179582000,
        "incometaxexpensebenefit": 41489000,
        "profitloss": -191000,
        "netincomelossattributabletononcontrollinginterest": -191000,
        "netincomeloss": 138284000,
        "earningspersharebasic": 1.04,
        "earningspersharediluted": 1.03,
        "othercomprehensiveincomelosscashflowhedgegainlossafterreclassificationandtax": 5759000,
        "othercomprehensiveincomelosspensionandotherpostretirementbenefitplansadjustmentnetoftax": 2000,
        "othercomprehensiveincomelossnetoftax": 5759000,
        "comprehensiveincomenetoftaxincludingportionattributabletononcontrollinginterest": 143850000,
        "comprehensiveincomenetoftaxattributabletononcontrollinginterest": -191000,
        "comprehensiveincomenetoftax": 144041000
    },
    {
        "date": "2021-12-30",
        "symbol": "BAH",
        "period": "Q3",
        "revenuefromcontractwithcustomerexcludingassessedtax": 116863000,
        "costofgoodsandservicessold": 929568000,
        "billableexpenses": 621550000,
        "generalandadministrativeexpense": 262614000,
        "depreciationandamortization": 39576000,
        "costsandexpenses": 1853308000,
        "operatingincomeloss": 177212000,
        "interestexpense": 23677000,
        "othernonoperatingincomeexpense": 5401000,
        "incomelossfromcontinuingoperationsbeforeincometaxesextraordinaryitemsnoncontrollinginterest": 158936000,
        "incometaxexpensebenefit": 30090000,
        "profitloss": -85000,
        "netincomelossattributabletononcontrollinginterest": -85000,
        "netincomeloss": 128931000,
        "earningspersharebasic": 0.96,
        "earningspersharediluted": 0.95,
        "othercomprehensiveincomelosscashflowhedgegainlossafterreclassificationandtax": 6925000,
        "othercomprehensiveincomelosspensionandotherpostretirementbenefitplansadjustmentnetoftax": -20000,
        "othercomprehensiveincomelossnetoftax": 6925000,
        "comprehensiveincomenetoftaxincludingportionattributabletononcontrollinginterest": 135791000
    },
    {
        "date": "2021-09-29",
        "symbol": "BAH",
        "period": "Q2",
        "revenuefromcontractwithcustomerexcludingassessedtax": 127822000,
        "costofgoodsandservicessold": 947689000,
        "billableexpenses": 640120000,
        "generalandadministrativeexpense": 262260000,
        "depreciationandamortization": 37602000,
        "costsandexpenses": 1887671000,
        "operatingincomeloss": 218367000,
        "interestexpense": 24254000,
        "othernonoperatingincomeexpense": 6848000,
        "incomelossfromcontinuingoperationsbeforeincometaxesextraordinaryitemsnoncontrollinginterest": 200961000,
        "incometaxexpensebenefit": 46127000,
        "netincomeloss": 154834000,
        "earningspersharebasic": 1.14,
        "earningspersharediluted": 1.14,
        "othercomprehensiveincomelosscashflowhedgegainlossafterreclassificationandtax": 2739000,
        "othercomprehensiveincomelosspensionandotherpostretirementbenefitplansadjustmentnetoftax": -20000,
        "othercomprehensiveincomelossnetoftaxportionattributabletoparent": 2739000,
        "comprehensiveincomenetoftax": 157593000
    },
    {
        "date": "2021-06-29",
        "symbol": "BAH",
        "period": "Q1",
        "revenuefromcontractwithcustomerexcludingassessedtax": 1989066000,
        "costofgoodsandservicessold": 962719000,
        "billableexpenses": 555545000,
        "generalandadministrativeexpense": 301800000,
        "depreciationandamortization": 27745000,
        "costsandexpenses": 1847809000,
        "operatingincomeloss": 141257000,
        "interestexpense": 21270000,
        "othernonoperatingincomeexpense": -533000,
        "incomelossfromcontinuingoperationsbeforeincometaxesminorityinterestandincomelossfromequitymethodinvestments": 119454000,
        "incometaxexpensebenefit": 27352000,
        "netincomeloss": 92102000,
        "earningspersharebasic": 0.68,
        "earningspersharediluted": 0.67,
        "othercomprehensiveincomelosscashflowhedgegainlossafterreclassificationandtax": 2994000,
        "othercomprehensiveincomelosspensionandotherpostretirementbenefitplansadjustmentnetoftax": -19000,
        "othercomprehensiveincomelossnetoftaxportionattributabletoparent": 3013000,
        "comprehensiveincomenetoftax": 95115000
    },
    {
        "date": "2021-03-30",
        "symbol": "BAH",
        "period": "Q4",
        "revenuefromcontractwithcustomerexcludingassessedtax": 1979280000,
        "costofgoodsandservicessold": 899260000,
        "billableexpenses": 596100000,
        "generalandadministrativeexpense": 291459000,
        "depreciationandamortization": 21455000,
        "costsandexpenses": 1808274000,
        "operatingincomeloss": 171006000,
        "interestexpense": 20370000,
        "othernonoperatingincomeexpense": -396000,
        "incomelossfromcontinuingoperationsbeforeincometaxesminorityinterestandincomelossfromequitymethodinvestments": 150240000,
        "incometaxexpensebenefit": -48937000,
        "netincomeloss": 199177000,
        "earningspersharebasic": 1.4500000000000002,
        "earningspersharediluted": 1.44,
        "othercomprehensiveincomelosscashflowhedgegainlossafterreclassificationandtax": 7682000,
        "othercomprehensiveincomelosspensionandotherpostretirementbenefitplansadjustmentnetoftax": -2499000,
        "othercomprehensiveincomelossnetoftaxportionattributabletoparent": 10181000,
        "comprehensiveincomenetoftax": 209358000
    },
    {
        "date": "2020-12-30",
        "symbol": "BAH",
        "period": "Q3",
        "revenuefromcontractwithcustomerexcludingassessedtax": 1904020000,
        "costofgoodsandservicessold": 866771000,
        "billableexpenses": 577059000,
        "generalandadministrativeexpense": 254820000,
        "depreciationandamortization": 21113000,
        "costsandexpenses": 1719763000,
        "operatingincomeloss": 184257000,
        "interestexpense": 20878000,
        "othernonoperatingincomeexpense": 2604000,
        "incomelossfromcontinuingoperationsbeforeincometaxesminorityinterestandincomelossfromequitymethodinvestments": 165983000,
        "incometaxexpensebenefit": 21612000,
        "netincomeloss": 144371000,
        "earningspersharebasic": 1.04,
        "earningspersharediluted": 1.03,
        "othercomprehensiveincomelosscashflowhedgegainlossafterreclassificationandtax": 3758000,
        "othercomprehensiveincomelosspensionandotherpostretirementbenefitplansadjustmentnetoftax": -22000,
        "othercomprehensiveincomelossnetoftaxportionattributabletoparent": 3780000,
        "comprehensiveincomenetoftax": 148151000
    },
    {
        "date": "2020-09-29",
        "symbol": "BAH",
        "period": "Q2",
        "revenuefromcontractwithcustomerexcludingassessedtax": 2019185000,
        "costofgoodsandservicessold": 942597000,
        "billableexpenses": 603652000,
        "generalandadministrativeexpense": 244700000,
        "depreciationandamortization": 21015000,
        "costsandexpenses": 1811964000,
        "operatingincomeloss": 207221000,
        "interestexpense": 19787000,
        "othernonoperatingincomeexpense": -12034000,
        "incomelossfromcontinuingoperationsbeforeincometaxesminorityinterestandincomelossfromequitymethodinvestments": 175400000,
        "incometaxexpensebenefit": 39319000,
        "netincomeloss": 136081000,
        "earningspersharebasic": 0.98,
        "earningspersharediluted": 0.98,
        "othercomprehensiveincomelosscashflowhedgegainlossafterreclassificationandtax": 3664000,
        "othercomprehensiveincomelosspensionandotherpostretirementbenefitplansadjustmentnetoftax": -22000,
        "othercomprehensiveincomelossnetoftaxportionattributabletoparent": 3686000,
        "comprehensiveincomenetoftax": 139767000
    },
    {
        "date": "2020-06-29",
        "symbol": "BAH",
        "period": "Q1",
        "netincomeloss": 129329000,
        "othercomprehensiveincomelosscashflowhedgegainlossafterreclassificationandtax": -1439000,
        "othercomprehensiveincomelosspensionandotherpostretirementbenefitplansadjustmentnetoftax": -22000,
        "othercomprehensiveincomelossnetoftaxportionattributabletoparent": -1417000,
        "comprehensiveincomenetoftax": 127912000,
        "revenuefromcontractwithcustomerexcludingassessedtax": 1956453000,
        "costofgoodsandservicessold": 948902000,
        "billableexpenses": 549077000,
        "generalandadministrativeexpense": 245855000,
        "depreciationandamortization": 20732000,
        "costsandexpenses": 1764566000,
        "operatingincomeloss": 191887000,
        "interestexpense": 20235000,
        "othernonoperatingincomeexpense": -836000,
        "incomelossfromcontinuingoperationsbeforeincometaxesminorityinterestandincomelossfromequitymethodinvestments": 170816000,
        "incometaxexpensebenefit": 41487000,
        "earningspersharebasic": 0.93,
        "earningspersharediluted": 0.92
    },
    {
        "date": "2020-03-30",
        "symbol": "BAH",
        "period": "Q4",
        "netincomeloss": 138866000,
        "othercomprehensiveincomelosscashflowhedgegainlossafterreclassificationandtax": -24718000,
        "othercomprehensiveincomelosspensionandotherpostretirementbenefitplansadjustmentnetoftax": -4874000,
        "othercomprehensiveincomelossnetoftaxportionattributabletoparent": -19844000,
        "comprehensiveincomenetoftax": 119022000,
        "revenuefromcontractwithcustomerexcludingassessedtax": 1969647000,
        "costofgoodsandservicessold": 881084000,
        "billableexpenses": 606870000,
        "generalandadministrativeexpense": 311844000,
        "depreciationandamortization": 20773000,
        "costsandexpenses": 1820571000,
        "operatingincomeloss": 149076000,
        "interestexpense": 21679000,
        "othernonoperatingincomeexpense": 1307000,
        "incomelossfromcontinuingoperationsbeforeincometaxesminorityinterestandincomelossfromequitymethodinvestments": 128704000,
        "incometaxexpensebenefit": -10162000,
        "earningspersharebasic": 1,
        "earningspersharediluted": 0.9900000000000001
    },
    {
        "date": "2019-12-30",
        "symbol": "BAH",
        "period": "Q3",
        "netincomeloss": 112026000,
        "othercomprehensiveincomelosscashflowhedgegainlossafterreclassificationandtax": 4945000,
        "othercomprehensiveincomelosspensionandotherpostretirementbenefitplansadjustmentnetoftax": -17000,
        "othercomprehensiveincomelossnetoftaxportionattributabletoparent": 4962000,
        "comprehensiveincomenetoftax": 116988000,
        "revenuefromcontractwithcustomerexcludingassessedtax": 1849441000,
        "costofgoodsandservicessold": 813500000,
        "billableexpenses": 600522000,
        "generalandadministrativeexpense": 245719000,
        "depreciationandamortization": 20655000,
        "costsandexpenses": 1680396000,
        "operatingincomeloss": 169045000,
        "interestexpense": 24231000,
        "othernonoperatingincomeexpense": 1909000,
        "incomelossfromcontinuingoperationsbeforeincometaxesminorityinterestandincomelossfromequitymethodinvestments": 146723000,
        "incometaxexpensebenefit": 34697000,
        "earningspersharebasic": 0.79,
        "earningspersharediluted": 0.79
    },
    {
        "date": "2019-09-29",
        "symbol": "BAH",
        "period": "Q2",
        "netincomeloss": 114325000,
        "othercomprehensiveincomelosscashflowhedgegainlossafterreclassificationandtax": -5014000,
        "othercomprehensiveincomelosspensionandotherpostretirementbenefitplansadjustmentnetoftax": -16000,
        "othercomprehensiveincomelossnetoftaxportionattributabletoparent": -4998000,
        "comprehensiveincomenetoftax": 109327000,
        "revenuefromcontractwithcustomerexcludingassessedtax": 1819577000,
        "costofgoodsandservicessold": 843942000,
        "billableexpenses": 539846000,
        "generalandadministrativeexpense": 244122000,
        "depreciationandamortization": 19632000,
        "costsandexpenses": 1647542000,
        "operatingincomeloss": 172035000,
        "interestexpense": 25863000,
        "othernonoperatingincomeexpense": 2005000,
        "incomelossfromcontinuingoperationsbeforeincometaxesminorityinterestandincomelossfromequitymethodinvestments": 148177000,
        "incometaxexpensebenefit": 33852000,
        "earningspersharebasic": 0.81,
        "earningspersharediluted": 0.8
    },
    {
        "date": "2019-06-29",
        "symbol": "BAH",
        "period": "Q1",
        "netincomeloss": 117386000,
        "othercomprehensiveincomelosscashflowhedgegainlossafterreclassificationandtax": -14965000,
        "othercomprehensiveincomelosspensionandotherpostretirementbenefitplansadjustmentnetoftax": -34000,
        "othercomprehensiveincomelossnetoftaxportionattributabletoparent": -14931000,
        "comprehensiveincomenetoftax": 102455000,
        "revenuefromcontractwithcustomerexcludingassessedtax": 1825176000,
        "costofgoodsandservicessold": 840654000,
        "billableexpenses": 551175000,
        "generalandadministrativeexpense": 234280000,
        "depreciationandamortization": 20021000,
        "costsandexpenses": 1646130000,
        "operatingincomeloss": 179046000,
        "interestexpense": 25187000,
        "othernonoperatingincomeexpense": 1971000,
        "incomelossfromcontinuingoperationsbeforeincometaxesminorityinterestandincomelossfromequitymethodinvestments": 155830000,
        "incometaxexpensebenefit": 38444000,
        "earningspersharebasic": 0.83,
        "earningspersharediluted": 0.83
    },
    {
        "date": "2018-12-30",
        "symbol": "BAH",
        "period": "Q3",
        "netincomeloss": 447000,
        "othercomprehensiveincomeunrealizedgainlossonderivativesarisingduringperiodnetoftax": -7058000,
        "othercomprehensiveincomelossreclassificationadjustmentfromaocipensionandotherpostretirementbenefitplansfornetgainlossnetoftax": -447000,
        "othercomprehensiveincomelossnetoftaxportionattributabletoparent": -6611000,
        "comprehensiveincomenetoftax": 125426000,
        "revenuefromcontractwithcustomerexcludingassessedtax": 128200000,
        "costofgoodsandservicessold": 750680000,
        "billableexpenses": 510047000,
        "generalandadministrativeexpense": 222673000,
        "depreciationandamortization": 17780000,
        "costsandexpenses": 1501180000,
        "operatingincomeloss": 161932000,
        "interestexpense": 22036000,
        "othernonoperatingincomeexpense": 373000,
        "incomelossfromcontinuingoperationsbeforeincometaxesminorityinterestandincomelossfromequitymethodinvestments": 551000,
        "incometaxexpensebenefit": 104000,
        "earningspersharebasic": 0.92,
        "earningspersharediluted": 0.92
    },
    {
        "date": "2018-09-29",
        "symbol": "BAH",
        "period": "Q2",
        "netincomeloss": 424000,
        "othercomprehensiveincomeunrealizedgainlossonderivativesarisingduringperiodnetoftax": 1038000,
        "othercomprehensiveincomelossreclassificationadjustmentfromaocipensionandotherpostretirementbenefitplansfornetgainlossnetoftax": -424000,
        "othercomprehensiveincomelossnetoftaxportionattributabletoparent": 1462000,
        "comprehensiveincomenetoftax": 94175000,
        "revenuefromcontractwithcustomerexcludingassessedtax": 131844000,
        "costofgoodsandservicessold": 748570000,
        "billableexpenses": 478349000,
        "generalandadministrativeexpense": 226901000,
        "depreciationandamortization": 16426000,
        "costsandexpenses": 1470246000,
        "operatingincomeloss": 143751000,
        "interestexpense": 22247000,
        "othernonoperatingincomeexpense": -1617000,
        "incomelossfromcontinuingoperationsbeforeincometaxesminorityinterestandincomelossfromequitymethodinvestments": 551000,
        "incometaxexpensebenefit": 127000,
        "earningspersharebasic": 0.65,
        "earningspersharediluted": 0.64,
        "commonstockdividendspersharedeclared": 0.19
    },
    {
        "date": "2018-06-29",
        "symbol": "BAH",
        "period": "Q1",
        "netincomeloss": 407000,
        "othercomprehensiveincomeunrealizedgainlossonderivativesarisingduringperiodnetoftax": 1920000,
        "othercomprehensiveincomelossreclassificationadjustmentfromaocipensionandotherpostretirementbenefitplansfornetgainlossnetoftax": -407000,
        "othercomprehensiveincomelossnetoftaxportionattributabletoparent": 2327000,
        "comprehensiveincomenetoftax": 106531000,
        "revenuefromcontractwithcustomerexcludingassessedtax": 1646848000,
        "costofgoodsandservicessold": 785812000,
        "billableexpenses": 477435000,
        "generalandadministrativeexpense": 205836000,
        "depreciationandamortization": 16153000,
        "costsandexpenses": 1485236000,
        "operatingincomeloss": 161612000,
        "interestexpense": 23074000,
        "othernonoperatingincomeexpense": -1171000,
        "incomelossfromcontinuingoperationsbeforeincometaxesminorityinterestandincomelossfromequitymethodinvestments": 550000,
        "incometaxexpensebenefit": 143000,
        "earningspersharebasic": 0.72,
        "earningspersharediluted": 0.72,
        "commonstockdividendspersharedeclared": 0.19
    },
    {
        "date": "2018-03-30",
        "symbol": "BAH",
        "period": "Q4",
        "netincomeloss": 84885000,
        "othercomprehensiveincomeunrealizedgainlossonderivativesarisingduringperiodnetoftax": 3575000,
        "othercomprehensiveincomelossreclassificationadjustmentfromaocipensionandotherpostretirementbenefitplansfornetgainlossnetoftax": 1258000,
        "comprehensiveincomenetoftax": 87202000,
        "salesrevenueservicesnet": 1636284000,
        "costofservicesdirectlaboremployeebenefitsandoverhead": 755401000,
        "billableexpenses": 483077000,
        "generalandadministrativeexpense": 245198000,
        "depreciationdepletionandamortization": 16560000,
        "costsandexpenses": 1500236000,
        "operatingincomeloss": 136048000,
        "interestexpense": 21960000,
        "othernonoperatingincomeexpense": -1666000,
        "incomelossfromcontinuingoperationsbeforeincometaxesminorityinterestandincomelossfromequitymethodinvestments": -323195000,
        "incometaxexpensebenefit": 1095000,
        "earningspersharebasic": 0.5900000000000001,
        "earningspersharediluted": 0.5799999999999998
    },
    {
        "date": "2017-12-30",
        "symbol": "BAH",
        "period": "Q3",
        "netincomeloss": 69773000,
        "othercomprehensiveincomeunrealizedgainlossonderivativesarisingduringperiodnetoftax": 2052000,
        "othercomprehensiveincomelossreclassificationadjustmentfromaocipensionandotherpostretirementbenefitplansfornetgainlossnetoftax": -363000,
        "othercomprehensiveincomelossnetoftaxportionattributabletoparent": 2415000,
        "comprehensiveincomenetoftax": 72188000,
        "salesrevenueservicesnet": 1499914000,
        "costofservicesdirectlaboremployeebenefitsandoverhead": 712255000,
        "billableexpenses": 443015000,
        "generalandadministrativeexpense": 209856000,
        "depreciationdepletionandamortization": 16701000,
        "costsandexpenses": 1381827000,
        "operatingincomeloss": 118087000,
        "interestexpense": 20604000,
        "othernonoperatingincomeexpense": 530000,
        "incomelossfromcontinuingoperationsbeforeincometaxesminorityinterestandincomelossfromequitymethodinvestments": 98013000,
        "incometaxexpensebenefit": -234000,
        "earningspersharebasic": 0.48,
        "earningspersharediluted": 0.47,
        "commonstockdividendspersharedeclared": 0.17
    },
    {
        "date": "2017-09-29",
        "symbol": "BAH",
        "period": "Q2",
        "netincomeloss": 70913000,
        "othercomprehensiveincomeunrealizedgainlossonderivativesarisingduringperiodnetoftax": -124000,
        "othercomprehensiveincomelossreclassificationadjustmentfromaocipensionandotherpostretirementbenefitplansfornetgainlossnetoftax": -361000,
        "othercomprehensiveincomelossnetoftaxportionattributabletoparent": 237000,
        "comprehensiveincomenetoftax": 71150000,
        "salesrevenueservicesnet": 1542085000,
        "costofservicesdirectlaboremployeebenefitsandoverhead": 700909000,
        "billableexpenses": 483556000,
        "generalandadministrativeexpense": 215088000,
        "depreciationdepletionandamortization": 16046000,
        "costsandexpenses": 1415599000,
        "operatingincomeloss": 126486000,
        "interestexpense": 20958000,
        "othernonoperatingincomeexpense": 563000,
        "incomelossfromcontinuingoperationsbeforeincometaxesminorityinterestandincomelossfromequitymethodinvestments": 106091000,
        "incometaxexpensebenefit": -235000,
        "earningspersharebasic": 0.48,
        "earningspersharediluted": 0.47,
        "commonstockdividendspersharedeclared": 0.17
    },
    {
        "date": "2017-06-29",
        "symbol": "BAH",
        "period": "Q1",
        "netincomeloss": 79540000,
        "othercomprehensiveincomeunrealizedgainlossonderivativesarisingduringperiodnetoftax": -510000,
        "othercomprehensiveincomelossreclassificationadjustmentfromaocipensionandotherpostretirementbenefitplansfornetgainlossnetoftax": -363000,
        "othercomprehensiveincomelossnetoftaxportionattributabletoparent": -147000,
        "comprehensiveincomenetoftax": 79393000,
        "salesrevenueservicesnet": 1493570000,
        "costofservicesdirectlaboremployeebenefitsandoverhead": 698538000,
        "billableexpenses": 451664000,
        "generalandadministrativeexpense": 188455000,
        "depreciationdepletionandamortization": 15449000,
        "costsandexpenses": 1354106000,
        "operatingincomeloss": 139464000,
        "interestexpense": 18747000,
        "othernonoperatingincomeexpense": 761000,
        "incomelossfromcontinuingoperationsbeforeincometaxesminorityinterestandincomelossfromequitymethodinvestments": 121478000,
        "incometaxexpensebenefit": 234000,
        "earningspersharebasic": 0.53,
        "earningspersharediluted": 0.53,
        "commonstockdividendspersharedeclared": 0.17
    },
    {
        "date": "2017-03-30",
        "symbol": "BAH",
        "period": "Q4",
        "netincomeloss": 66253000,
        "othercomprehensiveincomelossreclassificationadjustmentfromaocipensionandotherpostretirementbenefitplansfornetgainlossnetoftax": -1141000,
        "comprehensiveincomenetoftax": 67394000,
        "salesrevenueservicesnet": 1582071000,
        "costofservicesdirectlaboremployeebenefitsandoverhead": 724724000,
        "billableexpenses": 480136000,
        "generalandadministrativeexpense": 232094000,
        "depreciationdepletionandamortization": 15956000,
        "costsandexpenses": 1452910000,
        "operatingincomeloss": 129161000,
        "interestexpense": 15541000,
        "othernonoperatingincomeexpense": -5446000,
        "incomelossfromcontinuingoperationsbeforeincometaxesminorityinterestandincomelossfromequitymethodinvestments": 108174000,
        "incometaxexpensebenefit": 1483000,
        "earningspersharebasic": 0.4399999999999999,
        "earningspersharediluted": 0.4399999999999999
    },
    {
        "date": "2016-12-30",
        "symbol": "BAH",
        "period": "Q3",
        "netincomeloss": 55590000,
        "othercomprehensiveincomelossreclassificationadjustmentfromaocipensionandotherpostretirementbenefitplansfornetgainlossnetoftax": -481000,
        "comprehensiveincomenetoftax": 56071000,
        "salesrevenueservicesnet": 1404638000,
        "costofservicesdirectlaboremployeebenefitsandoverhead": 652236000,
        "billableexpenses": 428685000,
        "generalandadministrativeexpense": 201183000,
        "depreciationdepletionandamortization": 14410000,
        "costsandexpenses": 1296514000,
        "operatingincomeloss": 108124000,
        "interestexpense": 14176000,
        "othernonoperatingincomeexpense": -1333000,
        "incomelossfromcontinuingoperationsbeforeincometaxesminorityinterestandincomelossfromequitymethodinvestments": 92615000,
        "incometaxexpensebenefit": -281000,
        "earningspersharebasic": 0.37,
        "earningspersharediluted": 0.37,
        "commonstockdividendspersharedeclared": 0.15
    },
    {
        "date": "2016-09-29",
        "symbol": "BAH",
        "period": "Q2",
        "netincomeloss": 62830000,
        "othercomprehensiveincomelossreclassificationadjustmentfromaocipensionandotherpostretirementbenefitplansfornetgainlossnetoftax": -457000,
        "comprehensiveincomenetoftax": 63287000,
        "salesrevenueservicesnet": 1394853000,
        "costofservicesdirectlaboremployeebenefitsandoverhead": 658068000,
        "billableexpenses": 409991000,
        "generalandadministrativeexpense": 194456000,
        "depreciationdepletionandamortization": 14677000,
        "costsandexpenses": 1277192000,
        "operatingincomeloss": 117661000,
        "interestexpense": 14753000,
        "othernonoperatingincomeexpense": -5161000,
        "incomelossfromcontinuingoperationsbeforeincometaxesminorityinterestandincomelossfromequitymethodinvestments": 97747000,
        "incometaxexpensebenefit": -305000,
        "earningspersharebasic": 0.42,
        "earningspersharediluted": 0.41,
        "commonstockdividendspersharedeclared": 0.15
    },
    {
        "date": "2016-06-29",
        "symbol": "BAH",
        "period": "Q1",
        "netincomeloss": 67817000,
        "othercomprehensiveincomelossreclassificationadjustmentfromaocipensionandotherpostretirementbenefitplansfornetgainlossnetoftax": -457000,
        "comprehensiveincomenetoftax": 68274000,
        "salesrevenueservicesnet": 1422722000,
        "costofservicesdirectlaboremployeebenefitsandoverhead": 656954000,
        "billableexpenses": 432265000,
        "generalandadministrativeexpense": 189701000,
        "depreciationdepletionandamortization": 14501000,
        "costsandexpenses": 1293421000,
        "operatingincomeloss": 129301000,
        "interestexpense": 17828000,
        "othernonoperatingincomeexpense": 1891000,
        "incomelossfromcontinuingoperationsbeforeincometaxesminorityinterestandincomelossfromequitymethodinvestments": 113364000,
        "incometaxexpensebenefit": 305000,
        "earningspersharebasic": 0.46,
        "earningspersharediluted": 0.45,
        "commonstockdividendspersharedeclared": 0.15
    },
    {
        "date": "2015-12-30",
        "symbol": "BAH",
        "period": "Q3",
        "netincomeloss": 108055000,
        "othercomprehensiveincomelossreclassificationadjustmentfromaocipensionandotherpostretirementbenefitplansfornetgainlossnetoftax": -534000,
        "comprehensiveincomenetoftax": 108589000,
        "salesrevenueservicesnet": 1307663000,
        "costofservicesdirectlaboremployeebenefitsandoverhead": 630189000,
        "billableexpenses": 355401000,
        "generalandadministrativeexpense": 200809000,
        "depreciationdepletionandamortization": 16148000,
        "costsandexpenses": 1202547000,
        "operatingincomeloss": 105116000,
        "interestexpense": 17762000,
        "othernonoperatingincomeexpense": 555000,
        "incomelossfromcontinuingoperationsbeforeincometaxesminorityinterestandincomelossfromequitymethodinvestments": 87909000,
        "incometaxexpensebenefit": -350000,
        "earningspersharebasic": 0.72,
        "earningspersharediluted": 0.71,
        "commonstockdividendspersharedeclared": 0.13
    },
    {
        "date": "2015-09-29",
        "symbol": "BAH",
        "period": "Q2",
        "netincomeloss": 56216000,
        "othercomprehensiveincomelossreclassificationadjustmentfromaocipensionandotherpostretirementbenefitplansfornetgainlossnetoftax": -524000,
        "comprehensiveincomenetoftax": 56740000,
        "salesrevenueservicesnet": 1322154000,
        "costofservicesdirectlaboremployeebenefitsandoverhead": 626155000,
        "billableexpenses": 363690000,
        "generalandadministrativeexpense": 208141000,
        "depreciationdepletionandamortization": 15352000,
        "costsandexpenses": 1213338000,
        "operatingincomeloss": 108816000,
        "interestexpense": 17685000,
        "othernonoperatingincomeexpense": -178000,
        "incomelossfromcontinuingoperationsbeforeincometaxesminorityinterestandincomelossfromequitymethodinvestments": 90953000,
        "incometaxexpensebenefit": 360000,
        "earningspersharebasic": 0.38,
        "earningspersharediluted": 0.37,
        "commonstockdividendspersharedeclared": 0.13
    },
    {
        "date": "2015-06-29",
        "symbol": "BAH",
        "period": "Q1",
        "netincomeloss": 64306000,
        "othercomprehensiveincomelossreclassificationadjustmentfromaocipensionandotherpostretirementbenefitplansfornetgainlossnetoftax": -524000,
        "comprehensiveincomenetoftax": 64830000,
        "salesrevenueservicesnet": 1351604000,
        "costofservicesdirectlaboremployeebenefitsandoverhead": 643032000,
        "billableexpenses": 378650000,
        "generalandadministrativeexpense": 188661000,
        "depreciationdepletionandamortization": 15117000,
        "costsandexpenses": 1225460000,
        "operatingincomeloss": 126144000,
        "interestexpense": 17490000,
        "othernonoperatingincomeexpense": -68000,
        "incomelossfromcontinuingoperationsbeforeincometaxesminorityinterestandincomelossfromequitymethodinvestments": 108586000,
        "incometaxexpensebenefit": 360000,
        "earningspersharebasic": 0.44,
        "earningspersharediluted": 0.43,
        "commonstockdividendspersharedeclared": 0.13
    },
    {
        "date": "2014-12-30",
        "symbol": "BAH",
        "period": "Q3",
        "netincomeloss": 52807000,
        "othercomprehensiveincomelossreclassificationadjustmentfromaocipensionandotherpostretirementbenefitplansfornetgainlossnetoftax": -86000,
        "comprehensiveincomenetoftax": 52893000,
        "salesrevenueservicesnet": 1304686000,
        "costofservicesdirectlaboremployeebenefitsandoverhead": 641541000,
        "billableexpenses": 366371000,
        "generalandadministrativeexpense": 176327000,
        "depreciationdepletionandamortization": 15191000,
        "costsandexpenses": 1199430000,
        "operatingincomeloss": 105256000,
        "interestexpense": 17863000,
        "othernonoperatingincomeexpense": -777000,
        "incomelossfromcontinuingoperationsbeforeincometaxesminorityinterestandincomelossfromequitymethodinvestments": 86616000,
        "incometaxexpensebenefit": 58000,
        "earningspersharebasic": 0.35,
        "earningspersharediluted": 0.35,
        "commonstockdividendspersharedeclared": 0.11
    },
    {
        "date": "2014-09-29",
        "symbol": "BAH",
        "period": "Q2",
        "netincomeloss": 65284000,
        "othercomprehensiveincomelossreclassificationadjustmentfromaocipensionandotherpostretirementbenefitplansfornetgainlossnetoftax": -86000,
        "comprehensiveincomenetoftax": 65370000,
        "salesrevenueservicesnet": 1304841000,
        "costofservicesdirectlaboremployeebenefitsandoverhead": 642425000,
        "billableexpenses": 347651000,
        "generalandadministrativeexpense": 176972000,
        "depreciationdepletionandamortization": 15810000,
        "costsandexpenses": 1182858000,
        "operatingincomeloss": 121983000,
        "interestexpense": 17817000,
        "othernonoperatingincomeexpense": 807000,
        "incomelossfromcontinuingoperationsbeforeincometaxesminorityinterestandincomelossfromequitymethodinvestments": 104973000,
        "incometaxexpensebenefit": 58000,
        "earningspersharebasic": 0.43,
        "earningspersharediluted": 0.42,
        "commonstockdividendspersharedeclared": 1.11
    },
    {
        "date": "2014-06-29",
        "symbol": "BAH",
        "period": "Q1",
        "netincomeloss": 71115000,
        "othercomprehensiveincomelossreclassificationadjustmentfromaocipensionandotherpostretirementbenefitplansfornetgainlossnetoftax": -85000,
        "comprehensiveincomenetoftax": 71200000,
        "salesrevenueservicesnet": 1322297000,
        "costofservicesdirectlaboremployeebenefitsandoverhead": 645001000,
        "billableexpenses": 350972000,
        "generalandadministrativeexpense": 171069000,
        "depreciationdepletionandamortization": 16232000,
        "costsandexpenses": 1183274000,
        "operatingincomeloss": 139023000,
        "interestexpense": 18864000,
        "othernonoperatingincomeexpense": -1110000,
        "incomelossfromcontinuingoperationsbeforeincometaxesminorityinterestandincomelossfromequitymethodinvestments": 119049000,
        "incometaxexpensebenefit": 59000,
        "earningspersharebasic": 0.49,
        "earningspersharediluted": 0.47,
        "commonstockdividendspersharedeclared": 0.11
    },
    {
        "date": "2013-12-30",
        "symbol": "BAH",
        "period": "Q3",
        "netincomeloss": 47167000,
        "othercomprehensiveincomelossreclassificationadjustmentfromaocipensionandotherpostretirementbenefitplansfornetgainlossnetoftax": -419000,
        "comprehensiveincomenetoftax": 47586000,
        "salesrevenueservicesnet": 1273150000,
        "costofservicesdirectlaboremployeebenefitsandoverhead": 662053000,
        "billableexpenses": 320370000,
        "generalandadministrativeexpense": 175748000,
        "depreciationdepletionandamortization": 17945000,
        "costsandexpenses": 1176116000,
        "operatingincomeloss": 97034000,
        "interestexpense": 18874000,
        "othernonoperatingincomeexpense": 21000,
        "incomelossfromcontinuingoperationsbeforeincometaxesminorityinterestandincomelossfromequitymethodinvestments": 78181000,
        "incometaxexpensebenefit": 285000,
        "earningspersharebasic": 0.32,
        "earningspersharediluted": 0.31,
        "commonstockdividendspersharedeclared": 1.1
    },
    {
        "date": "2013-09-29",
        "symbol": "BAH",
        "period": "Q2",
        "netincomeloss": 67813000,
        "othercomprehensiveincomelossreclassificationadjustmentfromaocipensionandotherpostretirementbenefitplansfornetgainlossnetoftax": -1109000,
        "comprehensiveincomenetoftax": 68922000,
        "salesrevenueservicesnet": 1378020000,
        "costofservicesdirectlaboremployeebenefitsandoverhead": 685138000,
        "billableexpenses": 365632000,
        "generalandadministrativeexpense": 173481000,
        "depreciationdepletionandamortization": 18102000,
        "costsandexpenses": 1242353000,
        "operatingincomeloss": 135667000,
        "interestexpense": 20175000,
        "othernonoperatingincomeexpense": -1694000,
        "incomelossfromcontinuingoperationsbeforeincometaxesminorityinterestandincomelossfromequitymethodinvestments": 113798000,
        "incometaxexpensebenefit": -289000,
        "earningspersharebasic": 0.48,
        "earningspersharediluted": 0.45,
        "commonstockdividendspersharedeclared": 0.1
    },
    {
        "date": "2013-06-29",
        "symbol": "BAH",
        "period": "Q1",
        "netincomeloss": 70313000,
        "othercomprehensiveincomereclassificationofdefinedbenefitplansnetgainlossrecognizedinnetperiodicbenefitcostnetoftax": 424000,
        "comprehensiveincomenetoftax": 70737000,
        "salesrevenueservicesnet": 1427691000,
        "costofservicesdirectlaboremployeebenefitsandoverhead": 701472000,
        "billableexpenses": 397888000,
        "generalandadministrativeexpense": 171328000,
        "depreciationdepletionandamortization": 18330000,
        "costsandexpenses": 1289018000,
        "operatingincomeloss": 138673000,
        "interestexpense": 20712000,
        "othernonoperatingincomeexpense": 54000,
        "incomelossfromcontinuingoperationsbeforeincometaxesminorityinterestandincomelossfromequitymethodinvestments": 118015000,
        "incometaxexpensebenefit": -289000,
        "earningspersharebasic": 0.51,
        "earningspersharediluted": 0.48,
        "commonstockdividendspersharedeclared": 0.1
    },
    {
        "date": "2012-12-30",
        "symbol": "BAH",
        "period": "Q3",
        "netincomeloss": 56184000,
        "othercomprehensiveincomereclassificationofdefinedbenefitplansnetgainlossrecognizedinnetperiodicbenefitcostnetoftax": -76000,
        "comprehensiveincomenetoftax": 56108000,
        "salesrevenueservicesnet": 1392695000,
        "costofservicesdirectlaboremployeebenefitsandoverhead": 692920000,
        "billableexpenses": 382520000,
        "generalandadministrativeexpense": 182532000,
        "depreciationdepletionandamortization": 18127000,
        "costsandexpenses": 1276099000,
        "operatingincomeloss": 116596000,
        "interestexpense": 21731000,
        "othernonoperatingincomeexpense": 134000,
        "incomelossfromcontinuingoperationsbeforeincometaxesminorityinterestandincomelossfromequitymethodinvestments": 94999000,
        "incometaxexpensebenefit": 38815000,
        "earningspersharebasic": 0.41,
        "earningspersharediluted": 0.38,
        "commonstockdividendspersharedeclared": 0.09
    },
    {
        "date": "2012-09-29",
        "symbol": "BAH",
        "period": "Q2",
        "netincomeloss": 46116000,
        "othercomprehensiveincomereclassificationofdefinedbenefitplansnetgainlossrecognizedinnetperiodicbenefitcostnetoftax": 381000,
        "comprehensiveincomenetoftax": 46497000,
        "salesrevenueservicesnet": 1387650000,
        "costofservicesdirectlaboremployeebenefitsandoverhead": 702066000,
        "billableexpenses": 353444000,
        "generalandadministrativeexpense": 212498000,
        "depreciationdepletionandamortization": 17613000,
        "costsandexpenses": 1285621000,
        "operatingincomeloss": 102029000,
        "interestexpense": 17811000,
        "othernonoperatingincomeexpense": -7343000,
        "incomelossfromcontinuingoperationsbeforeincometaxesminorityinterestandincomelossfromequitymethodinvestments": 76875000,
        "incometaxexpensebenefit": 30759000,
        "earningspersharebasic": 0.29,
        "earningspersharediluted": 0.27,
        "commonstockdividendspersharedeclared": 6.59
    },
    {
        "date": "2011-12-30",
        "symbol": "BAH",
        "period": "Q3",
        "salesrevenueservicesnet": 1442718000,
        "costofservices": 729977000,
        "billableexpenses": 370540000,
        "generalandadministrativeexpense": 224483000,
        "depreciationdepletionandamortization": 19530000,
        "costsandexpenses": 1344530000,
        "operatingincomeloss": 98188000,
        "interestexpense": 12035000,
        "othernonoperatingincomeexpense": 238000,
        "incomelossfromcontinuingoperationsbeforeincometaxesminorityinterestandincomelossfromequitymethodinvestments": 86391000,
        "incometaxexpensebenefit": 23531000,
        "netincomeloss": 62860000,
        "earningspersharebasic": 0.48,
        "earningspersharediluted": 0.44,
        "othercomprehensiveincomereclassificationofdefinedbenefitplansnetgainlossrecognizedinnetperiodicbenefitcostnetoftax": 106000,
        "comprehensiveincomenetoftax": 62966000
    },
    {
        "date": "2011-09-29",
        "symbol": "BAH",
        "period": "Q2",
        "salesrevenueservicesnet": 1429044000,
        "costofservices": 715642000,
        "billableexpenses": 380911000,
        "generalandadministrativeexpense": 220290000,
        "depreciationdepletionandamortization": 18536000,
        "costsandexpenses": 1335379000,
        "operatingincomeloss": 93665000,
        "interestexpense": 12194000,
        "othernonoperatingincomeexpense": 4051000,
        "incomelossfromcontinuingoperationsbeforeincometaxesminorityinterestandincomelossfromequitymethodinvestments": 85522000,
        "incometaxexpensebenefit": 10190000,
        "netincomeloss": 75332000,
        "earningspersharebasic": 0.58,
        "earningspersharediluted": 0.53,
        "othercomprehensiveincomereclassificationofdefinedbenefitplansnetgainlossrecognizedinnetperiodicbenefitcostnetoftax": 108000,
        "comprehensiveincomenetoftax": 75440000
    },
    {
        "date": "2011-06-29",
        "symbol": "BAH",
        "period": "Q1",
        "salesrevenueservicesnet": 1446836000,
        "costofservices": 726831000,
        "billableexpenses": 392190000,
        "generalandadministrativeexpense": 211835000,
        "depreciationdepletionandamortization": 17858000,
        "costsandexpenses": 1348714000,
        "operatingincomeloss": 98122000,
        "interestexpense": 12294000,
        "othernonoperatingincomeexpense": -442000,
        "incomelossfromcontinuingoperationsbeforeincometaxesminorityinterestandincomelossfromequitymethodinvestments": 85386000,
        "incometaxexpensebenefit": 34250000,
        "netincomeloss": 51136000,
        "earningspersharebasic": 0.4,
        "earningspersharediluted": 0.37,
        "othercomprehensiveincomereclassificationofdefinedbenefitplansnetgainlossrecognizedinnetperiodicbenefitcostnetoftax": 107000,
        "comprehensiveincomenetoftax": 51243000
    }
]