[
    {
        "date": "2024-10-30",
        "symbol": "INTU",
        "period": "Q1",
        "revenues": 3283000000,
        "costofgoodsandservicessold": 14000000,
        "costofgoodsandservicessoldamortization": 37000000,
        "sellingandmarketingexpense": 962000000,
        "researchanddevelopmentexpense": 704000000,
        "generalandadministrativeexpense": 394000000,
        "amortizationofintangibleassets": 120000000,
        "restructuringcharges": 9000000,
        "costsandexpenses": 3012000000,
        "operatingincomeloss": 271000000,
        "interestexpensedebt": 60000000,
        "othernonoperatingincomeexpense": 2000000,
        "incomelossfromcontinuingoperationsbeforeincometaxesextraordinaryitemsnoncontrollinginterest": 213000000,
        "incometaxexpensebenefit": 16000000,
        "netincomeloss": 197000000,
        "earningspersharebasic": 0.7,
        "weightedaveragenumberofsharesoutstandingbasic": 280000000,
        "earningspersharediluted": 0.7,
        "weightedaveragenumberofdilutedsharesoutstanding": 283000000,
        "comprehensiveincomenetoftax": 197000000
    },
    {
        "date": "2024-04-29",
        "symbol": "INTU",
        "period": "Q3",
        "revenuefromcontractwithcustomerexcludingassessedtax": 6048000000,
        "costofgoodsandserviceexcludingdepreciationdepletionandamortization": 1014000000,
        "costofgoodsandservicessoldamortization": 36000000,
        "sellingandmarketingexpense": 1419000000,
        "researchanddevelopmentexpense": 671000000,
        "generalandadministrativeexpense": 355000000,
        "amortizationofintangibleassets": 120000000,
        "costsandexpenses": 3632000000,
        "operatingincomeloss": 3105000000,
        "interestexpensedebt": 60000000,
        "othernonoperatingincomeexpense": 27000000,
        "incomelossfromcontinuingoperationsbeforeincometaxesextraordinaryitemsnoncontrollinginterest": 3072000000,
        "incometaxexpensebenefit": 683000000,
        "netincomeloss": 2389000000,
        "earningspersharebasic": 8.53,
        "weightedaveragenumberofsharesoutstandingbasic": 280000000,
        "earningspersharediluted": 8.42,
        "weightedaveragenumberofdilutedsharesoutstanding": 284000000,
        "othercomprehensiveincomeunrealizedholdinggainlossonsecuritiesarisingduringperiodnetoftax": -1000000,
        "othercomprehensiveincomeforeigncurrencytransactionandtranslationgainlossarisingduringperiodnetoftax": -6000000,
        "othercomprehensiveincomelossforeigncurrencytransactionandtranslationreclassificationadjustmentfromaocirealizeduponsaleorliquidationnetoftax": -9000000,
        "othercomprehensiveincomelossnetoftaxportionattributabletoparent": 2000000,
        "comprehensiveincomenetoftax": 2391000000
    },
    {
        "date": "2023-10-30",
        "symbol": "INTU",
        "period": "Q1",
        "revenuefromcontractwithcustomerexcludingassessedtax": 2450000000,
        "costofgoodsandserviceexcludingdepreciationdepletionandamortization": 707000000,
        "costofgoodsandservicessoldamortization": 38000000,
        "sellingandmarketingexpense": 769000000,
        "researchanddevelopmentexpense": 680000000,
        "generalandadministrativeexpense": 342000000,
        "amortizationofintangibleassets": 120000000,
        "costsandexpenses": 2671000000,
        "operatingincomeloss": 307000000,
        "interestexpensedebt": 65000000,
        "othernonoperatingincomeexpense": 22000000,
        "incomelossfromcontinuingoperationsbeforeincometaxesextraordinaryitemsnoncontrollinginterest": 264000000,
        "incometaxexpensebenefit": 23000000,
        "netincomeloss": 241000000,
        "earningspersharebasic": 0.86,
        "weightedaveragenumberofsharesoutstandingbasic": 280000000,
        "earningspersharediluted": 0.85,
        "weightedaveragenumberofdilutedsharesoutstanding": 283000000,
        "othercomprehensiveincomeunrealizedholdinggainlossonsecuritiesarisingduringperiodnetoftax": 1000000,
        "othercomprehensiveincomeforeigncurrencytransactionandtranslationgainlossarisingduringperiodnetoftax": -24000000,
        "othercomprehensiveincomelossnetoftaxportionattributabletoparent": -23000000,
        "comprehensiveincomenetoftax": 218000000
    },
    {
        "date": "2023-07-30",
        "symbol": "INTU",
        "period": "Q4",
        "costofgoodsandservicessoldamortization": 41000000,
        "sellingandmarketingexpense": 840000000,
        "researchanddevelopmentexpense": 680000000,
        "generalandadministrativeexpense": 341000000,
        "amortizationofintangibleassets": 121000000,
        "costsandexpenses": 2695000000,
        "operatingincomeloss": 17000000,
        "interestexpensedebt": 68000000,
        "othernonoperatingincomeexpense": 46000000,
        "incomelossfromcontinuingoperationsbeforeincometaxesextraordinaryitemsnoncontrollinginterest": -5000000,
        "incometaxexpensebenefit": -94000000,
        "netincomeloss": 89000000,
        "earningspersharebasic": 0.30999999999999983,
        "weightedaveragenumberofsharesoutstandingbasic": -562000000,
        "earningspersharediluted": 0.30000000000000004,
        "weightedaveragenumberofdilutedsharesoutstanding": -566000000,
        "othercomprehensiveincomeforeigncurrencytransactionandtranslationgainlossarisingduringperiodnetoftax": 7000000,
        "comprehensiveincomenetoftax": 95000000
    },
    {
        "date": "2023-04-29",
        "symbol": "INTU",
        "period": "Q3",
        "revenuefromcontractwithcustomerexcludingassessedtax": 583000000,
        "costofgoodsandserviceexcludingdepreciationdepletionandamortization": 17000000,
        "costofgoodsandservicessoldamortization": 40000000,
        "sellingandmarketingexpense": 1203000000,
        "researchanddevelopmentexpense": 604000000,
        "generalandadministrativeexpense": 332000000,
        "amortizationofintangibleassets": 120000000,
        "costsandexpenses": 3240000000,
        "operatingincomeloss": 2778000000,
        "interestexpensedebt": 66000000,
        "othernonoperatingincomeexpense": 22000000,
        "incomelossfromcontinuingoperationsbeforeincometaxesextraordinaryitemsnoncontrollinginterest": 2734000000,
        "incometaxexpensebenefit": 647000000,
        "netincomeloss": 2087000000,
        "earningspersharebasic": 7.44,
        "weightedaveragenumberofsharesoutstandingbasic": 281000000,
        "earningspersharediluted": 7.38,
        "weightedaveragenumberofdilutedsharesoutstanding": 283000000,
        "othercomprehensiveincomeunrealizedholdinggainlossonsecuritiesarisingduringperiodnetoftax": 1000000,
        "othercomprehensiveincomeforeigncurrencytransactionandtranslationgainlossarisingduringperiodnetoftax": 1000000,
        "othercomprehensiveincomelossnetoftaxportionattributabletoparent": 2000000,
        "comprehensiveincomenetoftax": 2089000000
    },
    {
        "date": "2023-01-30",
        "symbol": "INTU",
        "period": "Q2",
        "revenuefromcontractwithcustomerexcludingassessedtax": 607000000,
        "costofgoodsandserviceexcludingdepreciationdepletionandamortization": 23000000,
        "costofgoodsandservicessoldamortization": 41000000,
        "sellingandmarketingexpense": 924000000,
        "researchanddevelopmentexpense": 630000000,
        "generalandadministrativeexpense": 323000000,
        "amortizationofintangibleassets": 121000000,
        "costsandexpenses": 2771000000,
        "operatingincomeloss": 270000000,
        "interestexpensedebt": 65000000,
        "othernonoperatingincomeexpense": 23000000,
        "incomelossfromcontinuingoperationsbeforeincometaxesextraordinaryitemsnoncontrollinginterest": 228000000,
        "incometaxexpensebenefit": 60000000,
        "netincomeloss": 168000000,
        "earningspersharebasic": 0.6,
        "weightedaveragenumberofsharesoutstandingbasic": 281000000,
        "earningspersharediluted": 0.6,
        "weightedaveragenumberofdilutedsharesoutstanding": 282000000,
        "othercomprehensiveincomeunrealizedholdinggainlossonsecuritiesarisingduringperiodnetoftax": 6000000,
        "othercomprehensiveincomeforeigncurrencytransactionandtranslationgainlossarisingduringperiodnetoftax": 18000000,
        "othercomprehensiveincomelossnetoftaxportionattributabletoparent": 24000000,
        "comprehensiveincomenetoftax": 192000000
    },
    {
        "date": "2022-10-30",
        "symbol": "INTU",
        "period": "Q1",
        "revenuefromcontractwithcustomerexcludingassessedtax": 427000000,
        "costofgoodsandserviceexcludingdepreciationdepletionandamortization": 15000000,
        "costofgoodsandservicessoldamortization": 41000000,
        "sellingandmarketingexpense": 795000000,
        "researchanddevelopmentexpense": 625000000,
        "generalandadministrativeexpense": 304000000,
        "amortizationofintangibleassets": 121000000,
        "costsandexpenses": 2521000000,
        "operatingincomeloss": 76000000,
        "interestexpensedebt": 49000000,
        "othernonoperatingincomeexpense": 5000000,
        "incomelossfromcontinuingoperationsbeforeincometaxesextraordinaryitemsnoncontrollinginterest": 32000000,
        "incometaxexpensebenefit": -8000000,
        "netincomeloss": 40000000,
        "earningspersharebasic": 0.14,
        "weightedaveragenumberofsharesoutstandingbasic": 281000000,
        "earningspersharediluted": 0.14,
        "weightedaveragenumberofdilutedsharesoutstanding": 284000000,
        "commonstockdividendspersharedeclared": 0.78,
        "othercomprehensiveincomeunrealizedholdinggainlossonsecuritiesarisingduringperiodnetoftax": -6000000,
        "othercomprehensiveincomeforeigncurrencytransactionandtranslationgainlossarisingduringperiodnetoftax": -21000000,
        "othercomprehensiveincomelossnetoftaxportionattributabletoparent": -27000000,
        "comprehensiveincomenetoftax": 13000000
    },
    {
        "date": "2022-07-30",
        "symbol": "INTU",
        "period": "Q4",
        "costofgoodsandservicessoldamortization": 41000000,
        "sellingandmarketingexpense": 807000000,
        "researchanddevelopmentexpense": 627000000,
        "generalandadministrativeexpense": 334000000,
        "amortizationofintangibleassets": 121000000,
        "costsandexpenses": 2489000000,
        "operatingincomeloss": -75000000,
        "interestexpensedebt": 32000000,
        "othernonoperatingincomeexpense": 8000000,
        "incomelossfromcontinuingoperationsbeforeincometaxesextraordinaryitemsnoncontrollinginterest": -99000000,
        "incometaxexpensebenefit": -43000000,
        "netincomeloss": -56000000,
        "earningspersharebasic": -0.1599999999999997,
        "weightedaveragenumberofsharesoutstandingbasic": -558000000,
        "earningspersharediluted": -0.16999999999999993,
        "weightedaveragenumberofdilutedsharesoutstanding": -566000000,
        "commonstockdividendspersharedeclared": 0.6799999999999998,
        "othercomprehensiveincomeforeigncurrencytransactionandtranslationgainlossarisingduringperiodnetoftax": -7000000,
        "comprehensiveincomenetoftax": -63000000
    },
    {
        "date": "2022-04-29",
        "symbol": "INTU",
        "period": "Q3",
        "revenuefromcontractwithcustomerexcludingassessedtax": 554000000,
        "costofgoodsandserviceexcludingdepreciationdepletionandamortization": 18000000,
        "costofgoodsandservicessoldamortization": 42000000,
        "sellingandmarketingexpense": 1227000000,
        "researchanddevelopmentexpense": 600000000,
        "generalandadministrativeexpense": 465000000,
        "amortizationofintangibleassets": 121000000,
        "costsandexpenses": 3237000000,
        "operatingincomeloss": 2395000000,
        "interestexpensedebt": 21000000,
        "othernonoperatingincomeexpense": -1000000,
        "incomelossfromcontinuingoperationsbeforeincometaxesextraordinaryitemsnoncontrollinginterest": 2373000000,
        "incometaxexpensebenefit": 579000000,
        "netincomeloss": 1794000000,
        "earningspersharebasic": 6.35,
        "weightedaveragenumberofsharesoutstandingbasic": 282000000,
        "earningspersharediluted": 6.28,
        "weightedaveragenumberofdilutedsharesoutstanding": 286000000,
        "commonstockdividendspersharedeclared": 0.68,
        "othercomprehensiveincomeunrealizedholdinggainlossonsecuritiesarisingduringperiodnetoftax": -5000000,
        "othercomprehensiveincomeforeigncurrencytransactionandtranslationgainlossarisingduringperiodnetoftax": -14000000,
        "othercomprehensiveincomelossnetoftaxportionattributabletoparent": -19000000,
        "comprehensiveincomenetoftax": 1775000000
    },
    {
        "date": "2022-01-30",
        "symbol": "INTU",
        "period": "Q2",
        "revenuefromcontractwithcustomerexcludingassessedtax": 525000000,
        "costofgoodsandserviceexcludingdepreciationdepletionandamortization": 20000000,
        "costofgoodsandservicessoldamortization": 42000000,
        "sellingandmarketingexpense": 942000000,
        "researchanddevelopmentexpense": 590000000,
        "generalandadministrativeexpense": 399000000,
        "amortizationofintangibleassets": 121000000,
        "costsandexpenses": 2617000000,
        "operatingincomeloss": 56000000,
        "interestexpensedebt": 21000000,
        "othernonoperatingincomeexpense": -5000000,
        "incomelossfromcontinuingoperationsbeforeincometaxesextraordinaryitemsnoncontrollinginterest": 30000000,
        "incometaxexpensebenefit": -70000000,
        "netincomeloss": 100000000,
        "earningspersharebasic": 0.35,
        "weightedaveragenumberofsharesoutstandingbasic": 283000000,
        "earningspersharediluted": 0.35,
        "weightedaveragenumberofdilutedsharesoutstanding": 287000000,
        "commonstockdividendspersharedeclared": 0.68,
        "othercomprehensiveincomeunrealizedholdinggainlossonsecuritiesarisingduringperiodnetoftax": -1000000,
        "othercomprehensiveincomeforeigncurrencytransactionandtranslationgainlossarisingduringperiodnetoftax": -4000000,
        "othercomprehensiveincomelossnetoftaxportionattributabletoparent": -5000000,
        "comprehensiveincomenetoftax": 95000000
    },
    {
        "date": "2021-10-30",
        "symbol": "INTU",
        "period": "Q1",
        "revenuefromcontractwithcustomerexcludingassessedtax": 397000000,
        "costofgoodsandserviceexcludingdepreciationdepletionandamortization": 15000000,
        "costofgoodsandservicessoldamortization": 15000000,
        "sellingandmarketingexpense": 550000000,
        "researchanddevelopmentexpense": 530000000,
        "generalandadministrativeexpense": 262000000,
        "amortizationofintangibleassets": 53000000,
        "costsandexpenses": 1812000000,
        "operatingincomeloss": 195000000,
        "interestexpensedebt": 7000000,
        "othernonoperatingincomeexpense": 50000000,
        "incomelossfromcontinuingoperationsbeforeincometaxesextraordinaryitemsnoncontrollinginterest": 238000000,
        "incometaxexpensebenefit": 10000000,
        "netincomeloss": 228000000,
        "earningspersharebasic": 0.84,
        "weightedaveragenumberofsharesoutstandingbasic": 273000000,
        "earningspersharediluted": 0.82,
        "weightedaveragenumberofdilutedsharesoutstanding": 277000000,
        "commonstockdividendspersharedeclared": 0.68,
        "othercomprehensiveincomeunrealizedholdinggainlossonsecuritiesarisingduringperiodnetoftax": -4000000,
        "othercomprehensiveincomeforeigncurrencytransactionandtranslationgainlossarisingduringperiodnetoftax": -1000000,
        "othercomprehensiveincomelossnetoftaxportionattributabletoparent": -5000000,
        "comprehensiveincomenetoftax": 223000000
    },
    {
        "date": "2021-07-30",
        "symbol": "INTU",
        "period": "Q4",
        "costofgoodsandservicessoldamortization": 15000000,
        "sellingandmarketingexpense": 845000000,
        "researchanddevelopmentexpense": 521000000,
        "generalandadministrativeexpense": 274000000,
        "amortizationofintangibleassets": 54000000,
        "costsandexpenses": 2159000000,
        "operatingincomeloss": 402000000,
        "interestexpensedebt": 7000000,
        "othernonoperatingincomeexpense": 8000000,
        "incometaxexpensebenefit": 23000000,
        "netincomeloss": 380000000,
        "earningspersharebasic": 1.4700000000000002,
        "weightedaveragenumberofsharesoutstandingbasic": -269000000,
        "earningspersharediluted": 1.4499999999999997,
        "weightedaveragenumberofdilutedsharesoutstanding": -272000000,
        "commonstockdividendspersharedeclared": 0.5900000000000002,
        "othercomprehensiveincomeforeigncurrencytransactionandtranslationgainlossarisingduringperiodnetoftax": 0,
        "comprehensiveincomenetoftax": 380000000
    },
    {
        "date": "2021-04-29",
        "symbol": "INTU",
        "period": "Q3",
        "revenuefromcontractwithcustomerexcludingassessedtax": 533000000,
        "costofgoodsandserviceexcludingdepreciationdepletionandamortization": 16000000,
        "costofgoodsandservicessoldamortization": 14000000,
        "sellingandmarketingexpense": 857000000,
        "researchanddevelopmentexpense": 464000000,
        "generalandadministrativeexpense": 289000000,
        "amortizationofintangibleassets": 54000000,
        "costsandexpenses": 2259000000,
        "operatingincomeloss": 1914000000,
        "interestexpensedebt": 7000000,
        "othernonoperatingincomeexpense": 14000000,
        "incomelossfromcontinuingoperationsbeforeincometaxesminorityinterestandincomelossfromequitymethodinvestments": 1921000000,
        "incometaxexpensebenefit": 457000000,
        "netincomeloss": 1464000000,
        "earningspersharebasic": 5.36,
        "weightedaveragenumberofsharesoutstandingbasic": 273000000,
        "earningspersharediluted": 5.3,
        "weightedaveragenumberofdilutedsharesoutstanding": 276000000,
        "commonstockdividendspersharedeclared": 0.59,
        "othercomprehensiveincomeunrealizedholdinggainlossonsecuritiesarisingduringperiodnetoftax": -2000000,
        "othercomprehensiveincomeforeigncurrencytransactionandtranslationgainlossarisingduringperiodnetoftax": 1000000,
        "othercomprehensiveincomelossnetoftaxportionattributabletoparent": -1000000,
        "comprehensiveincomenetoftax": 1463000000
    },
    {
        "date": "2021-01-30",
        "symbol": "INTU",
        "period": "Q2",
        "revenuefromcontractwithcustomerexcludingassessedtax": 495000000,
        "costofgoodsandserviceexcludingdepreciationdepletionandamortization": 22000000,
        "costofgoodsandservicessoldamortization": 14000000,
        "sellingandmarketingexpense": 580000000,
        "researchanddevelopmentexpense": 368000000,
        "generalandadministrativeexpense": 250000000,
        "amortizationofintangibleassets": 36000000,
        "costsandexpenses": 1601000000,
        "operatingincomeloss": -25000000,
        "interestexpensedebt": 7000000,
        "othernonoperatingincomeexpense": 54000000,
        "incomelossfromcontinuingoperationsbeforeincometaxesminorityinterestandincomelossfromequitymethodinvestments": 22000000,
        "incometaxexpensebenefit": 2000000,
        "netincomeloss": 20000000,
        "earningspersharebasic": 0.06999999999999995,
        "weightedaveragenumberofsharesoutstandingbasic": 3000000,
        "earningspersharediluted": 0.06000000000000005,
        "weightedaveragenumberofdilutedsharesoutstanding": 4000000,
        "commonstockdividendspersharedeclared": 0.59,
        "othercomprehensiveincomeunrealizedholdinggainlossonsecuritiesarisingduringperiodnetoftax": 0,
        "othercomprehensiveincomeforeigncurrencytransactionandtranslationgainlossarisingduringperiodnetoftax": 12000000,
        "othercomprehensiveincomelossnetoftaxportionattributabletoparent": 12000000,
        "comprehensiveincomenetoftax": 32000000
    },
    {
        "date": "2020-10-30",
        "symbol": "INTU",
        "period": "Q1",
        "revenuefromcontractwithcustomerexcludingassessedtax": 367000000,
        "costofgoodsandserviceexcludingdepreciationdepletionandamortization": 15000000,
        "costofgoodsandservicessoldamortization": 7000000,
        "sellingandmarketingexpense": 362000000,
        "researchanddevelopmentexpense": 325000000,
        "generalandadministrativeexpense": 169000000,
        "amortizationofintangibleassets": 2000000,
        "costsandexpenses": 1114000000,
        "operatingincomeloss": 209000000,
        "interestexpensedebt": 8000000,
        "othernonoperatingincomeexpense": 9000000,
        "incomelossfromcontinuingoperationsbeforeincometaxesminorityinterestandincomelossfromequitymethodinvestments": 210000000,
        "incometaxexpensebenefit": 12000000,
        "netincomeloss": 198000000,
        "earningspersharebasic": 0.75,
        "weightedaveragenumberofsharesoutstandingbasic": 263000000,
        "earningspersharediluted": 0.75,
        "weightedaveragenumberofdilutedsharesoutstanding": 265000000,
        "commonstockdividendspersharedeclared": 0.59,
        "othercomprehensiveincomeunrealizedholdinggainlossonsecuritiesarisingduringperiodnetoftax": -1000000,
        "othercomprehensiveincomeforeigncurrencytransactionandtranslationgainlossarisingduringperiodnetoftax": -2000000,
        "othercomprehensiveincomelossnetoftaxportionattributabletoparent": -3000000,
        "comprehensiveincomenetoftax": 195000000
    },
    {
        "date": "2020-07-30",
        "symbol": "INTU",
        "period": "Q4",
        "netincomeloss": 445000000,
        "comprehensiveincomenetoftax": 457000000,
        "costofgoodsandservicessoldamortization": 5000000,
        "sellingandmarketingexpense": 424000000,
        "researchanddevelopmentexpense": 393000000,
        "generalandadministrativeexpense": 193000000,
        "amortizationofintangibleassets": 1000000,
        "costsandexpenses": 1333000000,
        "operatingincomeloss": 483000000,
        "interestexpensedebt": 7000000,
        "othernonoperatingincomeexpense": 10000000,
        "incometaxexpensebenefit": 41000000,
        "earningspersharebasic": 1.7,
        "earningspersharediluted": 1.6799999999999997,
        "commonstockdividendspersharedeclared": 0.53
    },
    {
        "date": "2020-04-29",
        "symbol": "INTU",
        "period": "Q3",
        "netincomeloss": 1084000000,
        "othercomprehensiveincomeunrealizedholdinggainlossonsecuritiesarisingduringperiodnetoftax": -2000000,
        "othercomprehensiveincomeforeigncurrencytransactionandtranslationgainlossarisingduringperiodnetoftax": -7000000,
        "othercomprehensiveincomelossnetoftaxportionattributabletoparent": -9000000,
        "comprehensiveincomenetoftax": 1075000000,
        "revenuefromcontractwithcustomerexcludingassessedtax": 443000000,
        "costofgoodsandserviceexcludingdepreciationdepletionandamortization": 16000000,
        "costofgoodsandservicessoldamortization": 5000000,
        "sellingandmarketingexpense": 648000000,
        "researchanddevelopmentexpense": 332000000,
        "generalandadministrativeexpense": 181000000,
        "amortizationofintangibleassets": 2000000,
        "costsandexpenses": 1589000000,
        "operatingincomeloss": 1413000000,
        "interestexpensedebt": 2000000,
        "othernonoperatingincomeexpense": -3000000,
        "incomelossfromcontinuingoperationsbeforeincometaxesminorityinterestandincomelossfromequitymethodinvestments": 1408000000,
        "incometaxexpensebenefit": 324000000,
        "earningspersharebasic": 4.15,
        "weightedaveragenumberofsharesoutstandingbasic": 261000000,
        "earningspersharediluted": 4.11,
        "weightedaveragenumberofdilutedsharesoutstanding": 264000000,
        "commonstockdividendspersharedeclared": 0.53
    },
    {
        "date": "2020-01-30",
        "symbol": "INTU",
        "period": "Q2",
        "netincomeloss": 240000000,
        "othercomprehensiveincomeunrealizedholdinggainlossonsecuritiesarisingduringperiodnetoftax": 1000000,
        "othercomprehensiveincomelossnetoftaxportionattributabletoparent": 0,
        "comprehensiveincomenetoftax": 240000000,
        "revenuefromcontractwithcustomerexcludingassessedtax": 545000000,
        "costofgoodsandserviceexcludingdepreciationdepletionandamortization": 24000000,
        "costofgoodsandservicessoldamortization": 6000000,
        "sellingandmarketingexpense": 593000000,
        "researchanddevelopmentexpense": 333000000,
        "generalandadministrativeexpense": 159000000,
        "amortizationofintangibleassets": 1000000,
        "costsandexpenses": 1426000000,
        "operatingincomeloss": 270000000,
        "interestexpensedebt": 3000000,
        "othernonoperatingincomeexpense": 15000000,
        "incomelossfromcontinuingoperationsbeforeincometaxesminorityinterestandincomelossfromequitymethodinvestments": 282000000,
        "incometaxexpensebenefit": 42000000,
        "earningspersharebasic": 0.9199999999999999,
        "weightedaveragenumberofsharesoutstandingbasic": 0,
        "earningspersharediluted": 0.9099999999999999,
        "weightedaveragenumberofdilutedsharesoutstanding": 0,
        "commonstockdividendspersharedeclared": 0.53
    },
    {
        "date": "2019-10-30",
        "symbol": "INTU",
        "period": "Q1",
        "netincomeloss": 57000000,
        "othercomprehensiveincomeunrealizedholdinggainlossonsecuritiesarisingduringperiodnetoftax": 1000000,
        "othercomprehensiveincomelossnetoftaxportionattributabletoparent": 1000000,
        "comprehensiveincomenetoftax": 58000000,
        "revenuefromcontractwithcustomerexcludingassessedtax": 353000000,
        "costofgoodsandserviceexcludingdepreciationdepletionandamortization": 17000000,
        "costofgoodsandservicessoldamortization": 6000000,
        "sellingandmarketingexpense": 383000000,
        "researchanddevelopmentexpense": 334000000,
        "generalandadministrativeexpense": 146000000,
        "amortizationofintangibleassets": 2000000,
        "costsandexpenses": 1155000000,
        "operatingincomeloss": 10000000,
        "interestexpensedebt": 2000000,
        "othernonoperatingincomeexpense": 14000000,
        "incomelossfromcontinuingoperationsbeforeincometaxesminorityinterestandincomelossfromequitymethodinvestments": 22000000,
        "incometaxexpensebenefit": -35000000,
        "earningspersharebasic": 0.22,
        "weightedaveragenumberofsharesoutstandingbasic": 261000000,
        "earningspersharediluted": 0.22,
        "weightedaveragenumberofdilutedsharesoutstanding": 264000000,
        "commonstockdividendspersharedeclared": 0.53
    },
    {
        "date": "2019-07-30",
        "symbol": "INTU",
        "period": "Q4",
        "netincomeloss": -44000000,
        "othercomprehensiveincomeforeigncurrencytransactionandtranslationgainlossarisingduringperiodnetoftax": 1000000,
        "comprehensiveincomenetoftax": -42000000,
        "costofgoodsandservicessoldamortization": 5000000,
        "sellingandmarketingexpense": 381000000,
        "researchanddevelopmentexpense": 333000000,
        "generalandadministrativeexpense": 150000000,
        "amortizationofintangibleassets": 2000000,
        "costsandexpenses": 1147000000,
        "operatingincomeloss": -153000000,
        "interestexpensedebt": 3000000,
        "incometaxexpensebenefit": -93000000,
        "earningspersharebasic": -0.1699999999999996,
        "weightedaveragenumberofsharesoutstandingbasic": -520000000,
        "earningspersharediluted": -0.18000000000000005,
        "weightedaveragenumberofdilutedsharesoutstanding": -528000000,
        "commonstockdividendspersharedeclared": 0.47
    },
    {
        "date": "2019-04-29",
        "symbol": "INTU",
        "period": "Q3",
        "netincomeloss": 1378000000,
        "othercomprehensiveincomeunrealizedholdinggainlossonsecuritiesarisingduringperiodbeforetax": 1000000,
        "othercomprehensiveincomeforeigncurrencytransactionandtranslationgainlossarisingduringperiodnetoftax": -3000000,
        "othercomprehensiveincomelossnetoftax": -2000000,
        "comprehensiveincomenetoftax": 1376000000,
        "revenuefromcontractwithcustomerexcludingassessedtax": 498000000,
        "costofservicesexcludingdepreciationdepletionandamortization": 19000000,
        "costofgoodsandservicessoldamortization": 5000000,
        "sellingandmarketingexpense": 652000000,
        "researchanddevelopmentexpense": 311000000,
        "generalandadministrativeexpense": 170000000,
        "amortizationofintangibleassets": 1000000,
        "costsandexpenses": 1488000000,
        "operatingincomeloss": 1784000000,
        "interestexpensedebt": 4000000,
        "othernonoperatingincomeexpense": 17000000,
        "incomelossfromcontinuingoperationsbeforeincometaxesminorityinterestandincomelossfromequitymethodinvestments": 1797000000,
        "incometaxexpensebenefit": 419000000,
        "earningspersharebasic": 5.3,
        "weightedaveragenumberofsharesoutstandingbasic": 260000000,
        "earningspersharediluted": 5.22,
        "weightedaveragenumberofdilutedsharesoutstanding": 264000000,
        "commonstockdividendspersharedeclared": 0.47
    },
    {
        "date": "2019-01-30",
        "symbol": "INTU",
        "period": "Q2",
        "netincomeloss": 189000000,
        "othercomprehensiveincomeunrealizedholdinggainlossonsecuritiesarisingduringperiodbeforetax": 1000000,
        "othercomprehensiveincomeforeigncurrencytransactionandtranslationgainlossarisingduringperiodnetoftax": 3000000,
        "othercomprehensiveincomelossnetoftax": 4000000,
        "comprehensiveincomenetoftax": 193000000,
        "revenuefromcontractwithcustomerexcludingassessedtax": 533000000,
        "costofservicesexcludingdepreciationdepletionandamortization": 26000000,
        "costofgoodsandservicessoldamortization": 5000000,
        "sellingandmarketingexpense": 548000000,
        "researchanddevelopmentexpense": 295000000,
        "generalandadministrativeexpense": 140000000,
        "amortizationofintangibleassets": 1000000,
        "costsandexpenses": 1269000000,
        "operatingincomeloss": 233000000,
        "interestexpensedebt": 4000000,
        "othernonoperatingincomeexpense": 6000000,
        "incomelossfromcontinuingoperationsbeforeincometaxesminorityinterestandincomelossfromequitymethodinvestments": 235000000,
        "incometaxexpensebenefit": 46000000,
        "earningspersharebasic": 0.73,
        "weightedaveragenumberofsharesoutstandingbasic": 260000000,
        "earningspersharediluted": 0.72,
        "weightedaveragenumberofdilutedsharesoutstanding": 264000000,
        "commonstockdividendspersharedeclared": 0.47
    },
    {
        "date": "2018-10-30",
        "symbol": "INTU",
        "period": "Q1",
        "netincomeloss": 34000000,
        "othercomprehensiveincomeforeigncurrencytransactionandtranslationgainlossarisingduringperiodnetoftax": -4000000,
        "othercomprehensiveincomelossnetoftax": -4000000,
        "comprehensiveincomenetoftax": 30000000,
        "revenuefromcontractwithcustomerexcludingassessedtax": 347000000,
        "costofservicesexcludingdepreciationdepletionandamortization": 15000000,
        "costofgoodsandservicessoldamortization": 5000000,
        "sellingandmarketingexpense": 346000000,
        "researchanddevelopmentexpense": 294000000,
        "generalandadministrativeexpense": 137000000,
        "amortizationofintangibleassets": 2000000,
        "costsandexpenses": 1026000000,
        "operatingincomeloss": -10000000,
        "interestexpensedebt": 4000000,
        "incomelossfromcontinuingoperationsbeforeincometaxesminorityinterestandincomelossfromequitymethodinvestments": -14000000,
        "incometaxexpensebenefit": -48000000,
        "earningspersharebasic": 0.13,
        "weightedaveragenumberofsharesoutstandingbasic": 260000000,
        "earningspersharediluted": 0.13,
        "weightedaveragenumberofdilutedsharesoutstanding": 264000000,
        "commonstockdividendspersharedeclared": 0.47
    },
    {
        "date": "2018-07-30",
        "symbol": "INTU",
        "period": "Q4",
        "netincomeloss": 49000000,
        "othercomprehensiveincomeforeigncurrencytransactionandtranslationgainlossarisingduringperiodnetoftax": -5000000,
        "othercomprehensiveincomelossnetoftax": -5000000,
        "comprehensiveincomenetoftax": 44000000,
        "sellingandmarketingexpense": 308000000,
        "researchanddevelopmentexpense": 311000000,
        "generalandadministrativeexpense": 217000000,
        "amortizationofintangibleassets": 2000000,
        "costsandexpenses": 1069000000,
        "operatingincomeloss": -81000000,
        "interestexpensedebt": 4000000,
        "othernonoperatingincomeexpense": 11000000,
        "incomelossfromcontinuingoperationsbeforeincometaxesminorityinterestandincomelossfromequitymethodinvestments": -74000000,
        "incometaxexpensebenefit": -123000000,
        "earningspersharebasic": 0.19000000000000006,
        "weightedaveragenumberofsharesoutstandingbasic": -513000000,
        "earningspersharediluted": 0.19999999999999984,
        "weightedaveragenumberofdilutedsharesoutstanding": -513000000,
        "commonstockdividendspersharedeclared": 0.3899999999999999
    },
    {
        "date": "2018-04-29",
        "symbol": "INTU",
        "period": "Q3",
        "netincomeloss": 1200000000,
        "othercomprehensiveincomeunrealizedholdinggainlossonsecuritiesarisingduringperiodnetoftax": -1000000,
        "othercomprehensiveincomeforeigncurrencytransactionandtranslationgainlossarisingduringperiodnetoftax": -9000000,
        "othercomprehensiveincomelossnetoftax": -10000000,
        "comprehensiveincomenetoftax": 1190000000,
        "salesrevenuegoodsnet": 505000000,
        "salesrevenueservicesnet": 2420000000,
        "salesrevenuenet": 2925000000,
        "costofgoodssold": 27000000,
        "costofservices": 272000000,
        "costofservicesamortization": 5000000,
        "sellingandmarketingexpense": 549000000,
        "researchanddevelopmentexpense": 296000000,
        "generalandadministrativeexpense": 159000000,
        "amortizationofintangibleassets": 2000000,
        "costsandexpenses": 1310000000,
        "operatingincomeloss": 1615000000,
        "interestexpensedebt": 5000000,
        "othernonoperatingincomeexpense": 7000000,
        "incomelossfromcontinuingoperationsbeforeincometaxesminorityinterestandincomelossfromequitymethodinvestments": 1617000000,
        "incometaxexpensebenefit": 417000000,
        "earningspersharebasic": 4.68,
        "weightedaveragenumberofsharesoutstandingbasic": 257000000,
        "earningspersharediluted": 4.59,
        "weightedaveragenumberofdilutedsharesoutstanding": 262000000,
        "commonstockdividendspersharedeclared": 0.39
    },
    {
        "date": "2018-01-30",
        "symbol": "INTU",
        "period": "Q2",
        "netincomeloss": -21000000,
        "othercomprehensiveincomeunrealizedholdinggainlossonsecuritiesarisingduringperiodnetoftax": -1000000,
        "othercomprehensiveincomeforeigncurrencytransactionandtranslationgainlossarisingduringperiodnetoftax": 9000000,
        "othercomprehensiveincomelossnetoftax": 8000000,
        "comprehensiveincomenetoftax": -13000000,
        "salesrevenuegoodsnet": 316000000,
        "salesrevenueservicesnet": 849000000,
        "salesrevenuenet": 1165000000,
        "costofgoodssold": 36000000,
        "costofservices": 207000000,
        "costofservicesamortization": 3000000,
        "sellingandmarketingexpense": 469000000,
        "researchanddevelopmentexpense": 286000000,
        "generalandadministrativeexpense": 143000000,
        "amortizationofintangibleassets": 1000000,
        "costsandexpenses": 1145000000,
        "operatingincomeloss": 20000000,
        "interestexpensedebt": 6000000,
        "othernonoperatingincomeexpense": 5000000,
        "incomelossfromcontinuingoperationsbeforeincometaxesminorityinterestandincomelossfromequitymethodinvestments": 19000000,
        "incometaxexpensebenefit": 40000000,
        "earningspersharebasic": -0.08,
        "weightedaveragenumberofsharesoutstandingbasic": 256000000,
        "earningspersharediluted": -0.08,
        "weightedaveragenumberofdilutedsharesoutstanding": 256000000,
        "commonstockdividendspersharedeclared": 0.39
    },
    {
        "date": "2017-10-30",
        "symbol": "INTU",
        "period": "Q1",
        "netincomeloss": -17000000,
        "othercomprehensiveincomeforeigncurrencytransactionandtranslationgainlossarisingduringperiodnetoftax": -6000000,
        "othercomprehensiveincomelossnetoftax": -6000000,
        "comprehensiveincomenetoftax": -23000000,
        "salesrevenuegoodsnet": 319000000,
        "salesrevenueservicesnet": 567000000,
        "salesrevenuenet": 886000000,
        "costofgoodssold": 24000000,
        "costofservices": 170000000,
        "costofservicesamortization": 2000000,
        "sellingandmarketingexpense": 308000000,
        "researchanddevelopmentexpense": 293000000,
        "generalandadministrativeexpense": 145000000,
        "amortizationofintangibleassets": 1000000,
        "costsandexpenses": 943000000,
        "operatingincomeloss": -57000000,
        "interestexpensedebt": 5000000,
        "othernonoperatingincomeexpense": 3000000,
        "incomelossfromcontinuingoperationsbeforeincometaxesminorityinterestandincomelossfromequitymethodinvestments": -59000000,
        "incometaxexpensebenefit": -42000000,
        "earningspersharebasic": -0.07,
        "weightedaveragenumberofsharesoutstandingbasic": 256000000,
        "earningspersharediluted": -0.07,
        "weightedaveragenumberofdilutedsharesoutstanding": 256000000,
        "commonstockdividendspersharedeclared": 0.39
    },
    {
        "date": "2017-07-30",
        "symbol": "INTU",
        "period": "Q4",
        "netincomeloss": 24000000,
        "othercomprehensiveincomeforeigncurrencytransactionandtranslationgainlossarisingduringperiodnetoftax": 14000000,
        "othercomprehensiveincomelossnetoftax": 14000000,
        "comprehensiveincomenetoftax": 38000000,
        "salesrevenuegoodsnet": 313000000,
        "salesrevenueservicesnet": 529000000,
        "salesrevenuenet": 842000000,
        "costofgoodssold": 25000000,
        "costofservices": 155000000,
        "costofservicesamortization": 3000000,
        "sellingandmarketingexpense": 265000000,
        "researchanddevelopmentexpense": 263000000,
        "generalandadministrativeexpense": 141000000,
        "amortizationofintangibleassets": 0,
        "costsandexpenses": 852000000,
        "operatingincomeloss": -10000000,
        "interestexpensedebt": 3000000,
        "othernonoperatingincomeexpense": 3000000,
        "incomelossfromcontinuingoperationsbeforeincometaxesminorityinterestandincomelossfromequitymethodinvestments": -10000000,
        "incometaxexpensebenefit": -34000000,
        "incomelossfromcontinuingoperations": 24000000,
        "incomelossfromcontinuingoperationsperbasicshare": 0.09000000000000002,
        "earningspersharebasic": 0.09000000000000002,
        "weightedaveragenumberofsharesoutstandingbasic": -256000000,
        "incomelossfromcontinuingoperationsperdilutedshare": 0.09000000000000002,
        "earningspersharediluted": 0.09000000000000002,
        "weightedaveragenumberofdilutedsharesoutstanding": -256000000,
        "commonstockdividendspersharedeclared": 0.3399999999999999
    },
    {
        "date": "2017-04-29",
        "symbol": "INTU",
        "period": "Q3",
        "netincomeloss": 964000000,
        "othercomprehensiveincomeforeigncurrencytransactionandtranslationgainlossarisingduringperiodnetoftax": -2000000,
        "othercomprehensiveincomelossnetoftax": -2000000,
        "comprehensiveincomenetoftax": 962000000,
        "salesrevenuegoodsnet": 467000000,
        "salesrevenueservicesnet": 2074000000,
        "salesrevenuenet": 2541000000,
        "costofgoodssold": 29000000,
        "costofservices": 205000000,
        "costofservicesamortization": 3000000,
        "sellingandmarketingexpense": 467000000,
        "researchanddevelopmentexpense": 246000000,
        "generalandadministrativeexpense": 146000000,
        "amortizationofintangibleassets": 1000000,
        "costsandexpenses": 1097000000,
        "operatingincomeloss": 1444000000,
        "interestexpensedebt": 8000000,
        "othernonoperatingincomeexpense": 3000000,
        "incomelossfromcontinuingoperationsbeforeincometaxesminorityinterestandincomelossfromequitymethodinvestments": 1439000000,
        "incometaxexpensebenefit": 475000000,
        "incomelossfromcontinuingoperations": 964000000,
        "incomelossfromcontinuingoperationsperbasicshare": 3.76,
        "earningspersharebasic": 3.76,
        "weightedaveragenumberofsharesoutstandingbasic": 256000000,
        "incomelossfromcontinuingoperationsperdilutedshare": 3.7,
        "earningspersharediluted": 3.7,
        "weightedaveragenumberofdilutedsharesoutstanding": 260000000,
        "commonstockdividendspersharedeclared": 0.34
    },
    {
        "date": "2017-01-30",
        "symbol": "INTU",
        "period": "Q2",
        "netincomeloss": 13000000,
        "othercomprehensiveincomeunrealizedholdinggainlossonsecuritiesarisingduringperiodnetoftax": 0,
        "othercomprehensiveincomeforeigncurrencytransactionandtranslationgainlossarisingduringperiodnetoftax": 3000000,
        "othercomprehensiveincomelossnetoftax": 3000000,
        "comprehensiveincomenetoftax": 11000000,
        "salesrevenuegoodsnet": 299000000,
        "salesrevenueservicesnet": 717000000,
        "salesrevenuenet": 1188000000,
        "costofgoodssold": 37000000,
        "costofservices": 166000000,
        "costofservicesamortization": 3000000,
        "sellingandmarketingexpense": 405000000,
        "researchanddevelopmentexpense": 243000000,
        "generalandadministrativeexpense": 140000000,
        "amortizationofintangibleassets": -2000000,
        "costsandexpenses": 994000000,
        "operatingincomeloss": -279000000,
        "interestexpensedebt": 11000000,
        "othernonoperatingincomeexpense": -1000000,
        "incomelossfromcontinuingoperationsbeforeincometaxesminorityinterestandincomelossfromequitymethodinvestments": 10000000,
        "incometaxexpensebenefit": -3000000,
        "incomelossfromcontinuingoperations": 13000000,
        "incomelossfromcontinuingoperationsperbasicshare": 0.04999999999999999,
        "earningspersharebasic": 0.04999999999999999,
        "weightedaveragenumberofsharesoutstandingbasic": -1000000,
        "incomelossfromcontinuingoperationsperdilutedshare": 0.04999999999999999,
        "earningspersharediluted": 0.04999999999999999,
        "weightedaveragenumberofdilutedsharesoutstanding": -1000000,
        "commonstockdividendspersharedeclared": 0.34
    },
    {
        "date": "2016-10-30",
        "symbol": "INTU",
        "period": "Q1",
        "netincomeloss": -30000000,
        "othercomprehensiveincomeunrealizedholdinggainlossonsecuritiesarisingduringperiodnetoftax": -1000000,
        "othercomprehensiveincomeforeigncurrencytransactionandtranslationgainlossarisingduringperiodnetoftax": -4000000,
        "othercomprehensiveincomelossnetoftax": -5000000,
        "comprehensiveincomenetoftax": -30000000,
        "salesrevenuegoodsnet": 297000000,
        "salesrevenueservicesnet": 481000000,
        "salesrevenuenet": 606000000,
        "costofgoodssold": 29000000,
        "costofservices": 151000000,
        "costofservicesamortization": 3000000,
        "sellingandmarketingexpense": 283000000,
        "researchanddevelopmentexpense": 246000000,
        "generalandadministrativeexpense": 126000000,
        "amortizationofintangibleassets": 3000000,
        "costsandexpenses": 839000000,
        "operatingincomeloss": 240000000,
        "interestexpensedebt": 9000000,
        "othernonoperatingincomeexpense": -2000000,
        "incomelossfromcontinuingoperationsbeforeincometaxesminorityinterestandincomelossfromequitymethodinvestments": -72000000,
        "incometaxexpensebenefit": -42000000,
        "incomelossfromcontinuingoperations": -30000000,
        "incomelossfromcontinuingoperationsperbasicshare": -0.12,
        "earningspersharebasic": -0.12,
        "weightedaveragenumberofsharesoutstandingbasic": 258000000,
        "incomelossfromcontinuingoperationsperdilutedshare": -0.12,
        "earningspersharediluted": -0.12,
        "weightedaveragenumberofdilutedsharesoutstanding": 258000000,
        "commonstockdividendspersharedeclared": 0.34
    },
    {
        "date": "2016-07-30",
        "symbol": "INTU",
        "period": "Q4",
        "netincomeloss": -40000000,
        "othercomprehensiveincomelossnetoftax": -6000000,
        "comprehensiveincomenetoftax": -46000000,
        "salesrevenuegoodsnet": 295000000,
        "salesrevenueservicesnet": 459000000,
        "salesrevenuenet": 436000000,
        "costofgoodssold": 32000000,
        "costofservices": 134000000,
        "costofservicesamortization": 5000000,
        "sellingandmarketingexpense": 266000000,
        "researchanddevelopmentexpense": 235000000,
        "generalandadministrativeexpense": 132000000,
        "amortizationofintangibleassets": -1000000,
        "costsandexpenses": 810000000,
        "operatingincomeloss": 2042000000,
        "interestexpensedebt": 9000000,
        "othernonoperatingincomeexpense": 3000000,
        "incomelossfromcontinuingoperationsbeforeincometaxesminorityinterestandincomelossfromequitymethodinvestments": -62000000,
        "incometaxexpensebenefit": -22000000,
        "incomelossfromcontinuingoperations": -40000000,
        "incomelossfromcontinuingoperationsperbasicshare": -0.21999999999999975,
        "earningspersharebasic": -0.25,
        "weightedaveragenumberofsharesoutstandingbasic": -530000000,
        "incomelossfromcontinuingoperationsperdilutedshare": -0.21999999999999975,
        "earningspersharediluted": -0.22999999999999998,
        "weightedaveragenumberofdilutedsharesoutstanding": -533000000,
        "commonstockdividendspersharedeclared": 0.2999999999999999
    },
    {
        "date": "2016-04-29",
        "symbol": "INTU",
        "period": "Q3",
        "netincomeloss": 1026000000,
        "othercomprehensiveincomeforeigncurrencytransactionandtranslationgainlossarisingduringperiodnetoftax": 16000000,
        "othercomprehensiveincomelossnetoftax": 16000000,
        "comprehensiveincomenetoftax": 1042000000,
        "salesrevenuegoodsnet": 459000000,
        "salesrevenueservicesnet": 1845000000,
        "salesrevenuenet": 580000000,
        "costofgoodssold": 30000000,
        "costofservices": 181000000,
        "costofservicesamortization": 5000000,
        "sellingandmarketingexpense": 423000000,
        "researchanddevelopmentexpense": 228000000,
        "generalandadministrativeexpense": 149000000,
        "amortizationofintangibleassets": 5000000,
        "costsandexpenses": 1019000000,
        "operatingincomeloss": 217000000,
        "interestexpensedebt": 10000000,
        "othernonoperatingincomeexpense": 2000000,
        "incomelossfromcontinuingoperationsbeforeincometaxesminorityinterestandincomelossfromequitymethodinvestments": 1277000000,
        "incometaxexpensebenefit": 429000000,
        "incomelossfromcontinuingoperations": 848000000,
        "incomelossfromdiscontinuedoperationsnetoftaxattributabletoreportingentity": 178000000,
        "incomelossfromcontinuingoperationsperbasicshare": 3.3,
        "incomelossfromdiscontinuedoperationsnetoftaxperbasicshare": 0.7,
        "earningspersharebasic": 4,
        "weightedaveragenumberofsharesoutstandingbasic": 257000000,
        "incomelossfromcontinuingoperationsperdilutedshare": 3.26,
        "incomelossfromdiscontinuedoperationsnetoftaxperdilutedshare": 0.68,
        "earningspersharediluted": 3.94,
        "weightedaveragenumberofdilutedsharesoutstanding": 260000000,
        "commonstockdividendspersharedeclared": 0.3
    },
    {
        "date": "2016-01-30",
        "symbol": "INTU",
        "period": "Q2",
        "netincomeloss": 24000000,
        "othercomprehensiveincomeforeigncurrencytransactionandtranslationgainlossarisingduringperiodnetoftax": -10000000,
        "othercomprehensiveincomelossnetoftax": -10000000,
        "comprehensiveincomenetoftax": 14000000,
        "salesrevenuegoodsnet": 264000000,
        "salesrevenueservicesnet": 659000000,
        "salesrevenuenet": 564000000,
        "costofgoodssold": 40000000,
        "costofservices": 153000000,
        "costofservicesamortization": 6000000,
        "sellingandmarketingexpense": 356000000,
        "researchanddevelopmentexpense": 205000000,
        "generalandadministrativeexpense": 120000000,
        "amortizationofintangibleassets": 6000000,
        "costsandexpenses": 881000000,
        "operatingincomeloss": 199000000,
        "interestexpensedebt": 9000000,
        "othernonoperatingincomeexpense": -5000000,
        "incomelossfromcontinuingoperationsbeforeincometaxesminorityinterestandincomelossfromequitymethodinvestments": 28000000,
        "incometaxexpensebenefit": -1000000,
        "incomelossfromcontinuingoperations": 29000000,
        "incomelossfromdiscontinuedoperationsnetoftaxattributabletoreportingentity": -5000000,
        "incomelossfromcontinuingoperationsperbasicshare": 0.11,
        "incomelossfromdiscontinuedoperationsnetoftaxperbasicshare": -0.02,
        "earningspersharebasic": 0.09,
        "weightedaveragenumberofsharesoutstandingbasic": 263000000,
        "incomelossfromcontinuingoperationsperdilutedshare": 0.11,
        "incomelossfromdiscontinuedoperationsnetoftaxperdilutedshare": -0.02,
        "earningspersharediluted": 0.09,
        "weightedaveragenumberofdilutedsharesoutstanding": 266000000,
        "commonstockdividendspersharedeclared": 0.3
    },
    {
        "date": "2015-10-30",
        "symbol": "INTU",
        "period": "Q1",
        "netincomeloss": -31000000,
        "othercomprehensiveincomeforeigncurrencytransactionandtranslationgainlossarisingduringperiodnetoftax": -2000000,
        "othercomprehensiveincomelossnetoftax": -2000000,
        "comprehensiveincomenetoftax": -31000000,
        "salesrevenuegoodsnet": 271000000,
        "salesrevenueservicesnet": 442000000,
        "salesrevenuenet": 713000000,
        "costofgoodssold": 29000000,
        "costofservices": 131000000,
        "costofservicesamortization": 6000000,
        "sellingandmarketingexpense": 244000000,
        "researchanddevelopmentexpense": 213000000,
        "generalandadministrativeexpense": 117000000,
        "amortizationofintangibleassets": 2000000,
        "costsandexpenses": 742000000,
        "operatingincomeloss": -29000000,
        "interestexpensedebt": 7000000,
        "othernonoperatingincomeexpense": -4000000,
        "incomelossfromcontinuingoperationsbeforeincometaxesminorityinterestandincomelossfromequitymethodinvestments": -40000000,
        "incometaxexpensebenefit": -9000000,
        "incomelossfromcontinuingoperations": -31000000,
        "incomelossfromcontinuingoperationsperbasicshare": -0.11,
        "earningspersharebasic": -0.11,
        "weightedaveragenumberofsharesoutstandingbasic": 272000000,
        "incomelossfromcontinuingoperationsperdilutedshare": -0.11,
        "earningspersharediluted": -0.11,
        "weightedaveragenumberofdilutedsharesoutstanding": 272000000,
        "commonstockdividendspersharedeclared": 0.3
    },
    {
        "date": "2015-04-29",
        "symbol": "INTU",
        "period": "Q3",
        "netincomeloss": 501000000,
        "othercomprehensiveincomeforeigncurrencytransactionandtranslationgainlossarisingduringperiodnetoftax": 2000000,
        "othercomprehensiveincomelossnetoftax": 2000000,
        "comprehensiveincomenetoftax": 503000000,
        "salesrevenuegoodsnet": 447000000,
        "salesrevenueservicesnet": 1747000000,
        "salesrevenuenet": 539000000,
        "costofgoodssold": 35000000,
        "costofservices": 173000000,
        "costofservicesamortization": 11000000,
        "sellingandmarketingexpense": 448000000,
        "researchanddevelopmentexpense": 217000000,
        "generalandadministrativeexpense": 135000000,
        "amortizationofintangibleassets": 6000000,
        "goodwillimpairmentloss": 263000000,
        "costsandexpenses": 1288000000,
        "operatingincomeloss": 1437000000,
        "interestexpensedebt": 7000000,
        "othernonoperatingincomeexpense": 1000000,
        "incomelossfromcontinuingoperationsbeforeincometaxesminorityinterestandincomelossfromequitymethodinvestments": 900000000,
        "incometaxexpensebenefit": 399000000,
        "incomelossfromcontinuingoperations": 501000000,
        "incomelossfromcontinuingoperationsperbasicshare": 1.81,
        "earningspersharebasic": 1.81,
        "weightedaveragenumberofsharesoutstandingbasic": 277000000,
        "incomelossfromcontinuingoperationsperdilutedshare": 1.78,
        "earningspersharediluted": 1.78,
        "weightedaveragenumberofdilutedsharesoutstanding": 282000000,
        "commonstockdividendspersharedeclared": 0.25
    },
    {
        "date": "2015-01-30",
        "symbol": "INTU",
        "period": "Q2",
        "netincomeloss": -66000000,
        "othercomprehensiveincomeforeigncurrencytransactionandtranslationgainlossarisingduringperiodnetoftax": -15000000,
        "othercomprehensiveincomelossnetoftax": -15000000,
        "comprehensiveincomenetoftax": -81000000,
        "salesrevenuegoodsnet": 198000000,
        "salesrevenueservicesnet": 610000000,
        "salesrevenuenet": 553000000,
        "costofgoodssold": 44000000,
        "costofservices": 153000000,
        "costofservicesamortization": 9000000,
        "sellingandmarketingexpense": 376000000,
        "researchanddevelopmentexpense": 200000000,
        "generalandadministrativeexpense": 118000000,
        "amortizationofintangibleassets": 6000000,
        "costsandexpenses": 906000000,
        "operatingincomeloss": 161000000,
        "interestexpensedebt": 7000000,
        "othernonoperatingincomeexpense": 2000000,
        "incomelossfromcontinuingoperationsbeforeincometaxesminorityinterestandincomelossfromequitymethodinvestments": -103000000,
        "incometaxexpensebenefit": -37000000,
        "incomelossfromcontinuingoperations": -66000000,
        "incomelossfromcontinuingoperationsperbasicshare": -0.23,
        "earningspersharebasic": -0.23,
        "weightedaveragenumberofsharesoutstandingbasic": 285000000,
        "incomelossfromcontinuingoperationsperdilutedshare": -0.23,
        "earningspersharediluted": -0.23,
        "weightedaveragenumberofdilutedsharesoutstanding": 285000000,
        "commonstockdividendspersharedeclared": 0.25
    },
    {
        "date": "2014-10-30",
        "symbol": "INTU",
        "period": "Q1",
        "netincomeloss": -84000000,
        "othercomprehensiveincomeforeigncurrencytransactionandtranslationgainlossarisingduringperiodnetoftax": -5000000,
        "othercomprehensiveincomelossnetoftax": -5000000,
        "comprehensiveincomenetoftax": -5000000,
        "salesrevenuegoodsnet": 233000000,
        "salesrevenueservicesnet": 439000000,
        "salesrevenuenet": 31000000,
        "costofgoodssold": 34000000,
        "costofservices": 131000000,
        "costofservicesamortization": 10000000,
        "sellingandmarketingexpense": 281000000,
        "researchanddevelopmentexpense": 200000000,
        "generalandadministrativeexpense": 124000000,
        "amortizationofintangibleassets": 6000000,
        "costsandexpenses": 786000000,
        "operatingincomeloss": 155000000,
        "interestexpensedebt": 7000000,
        "incomelossfromcontinuingoperationsbeforeincometaxesminorityinterestandincomelossfromequitymethodinvestments": -121000000,
        "incometaxexpensebenefit": -37000000,
        "incomelossfromcontinuingoperations": -84000000,
        "incomelossfromcontinuingoperationsperbasicshare": -0.29,
        "earningspersharebasic": -0.29,
        "weightedaveragenumberofsharesoutstandingbasic": 286000000,
        "incomelossfromcontinuingoperationsperdilutedshare": -0.29,
        "earningspersharediluted": -0.29,
        "weightedaveragenumberofdilutedsharesoutstanding": 286000000,
        "commonstockdividendspersharedeclared": 0.25
    },
    {
        "date": "2014-07-30",
        "symbol": "INTU",
        "period": "Q4",
        "netincomeloss": -29000000,
        "othercomprehensiveincomelossnetoftax": -14000000,
        "comprehensiveincomenetoftax": -958000000,
        "salesrevenuegoodsnet": 271000000,
        "salesrevenueservicesnet": 443000000,
        "salesrevenuenet": -1195000000,
        "costofgoodssold": 33000000,
        "costofservices": 138000000,
        "sellingandmarketingexpense": 259000000,
        "researchanddevelopmentexpense": 210000000,
        "generalandadministrativeexpense": 117000000,
        "amortizationofintangibleassets": 6000000,
        "costsandexpenses": 771000000,
        "operatingincomeloss": -904000000,
        "interestexpensedebt": 7000000,
        "incomelossfromcontinuingoperationsbeforeincometaxesminorityinterestandincomelossfromequitymethodinvestments": -41000000,
        "incometaxexpensebenefit": -12000000,
        "incomelossfromcontinuingoperations": -29000000,
        "incomelossfromcontinuingoperationsperbasicshare": -0.10000000000000014,
        "earningspersharebasic": -0.09999999999999956,
        "weightedaveragenumberofsharesoutstandingbasic": 0,
        "incomelossfromcontinuingoperationsperdilutedshare": -0.10000000000000014,
        "earningspersharediluted": -0.1,
        "weightedaveragenumberofdilutedsharesoutstanding": 0,
        "commonstockdividendspersharedeclared": 0.19000000000000006
    },
    {
        "date": "2014-04-29",
        "symbol": "INTU",
        "period": "Q3",
        "netincomeloss": 984000000,
        "othercomprehensiveincomelossunrealizedholdinglossonsecuritiesarisingduringperiodnetoftax": 1000000,
        "othercomprehensiveincomeforeigncurrencytransactionandtranslationgainlossarisingduringperiodnetoftax": 3000000,
        "othercomprehensiveincomelossnetoftax": 2000000,
        "comprehensiveincomenetoftax": 984000000,
        "salesrevenuegoodsnet": 735000000,
        "salesrevenueservicesnet": 1653000000,
        "salesrevenuenet": 1437000000,
        "costofgoodssold": 34000000,
        "costofservices": 130000000,
        "sellingandmarketingexpense": 412000000,
        "researchanddevelopmentexpense": 186000000,
        "generalandadministrativeexpense": 121000000,
        "amortizationofintangibleassets": 5000000,
        "costsandexpenses": 894000000,
        "operatingincomeloss": 1199000000,
        "interestexpensedebt": 8000000,
        "incomelossfromcontinuingoperationsbeforeincometaxesminorityinterestandincomelossfromequitymethodinvestments": 1489000000,
        "incometaxexpensebenefit": 505000000,
        "incomelossfromcontinuingoperations": 984000000,
        "incomelossfromcontinuingoperationsperbasicshare": 3.45,
        "earningspersharebasic": 3.4499999999999997,
        "weightedaveragenumberofsharesoutstandingbasic": -1000000,
        "incomelossfromcontinuingoperationsperdilutedshare": 3.39,
        "earningspersharediluted": 3.39,
        "weightedaveragenumberofdilutedsharesoutstanding": 5000000,
        "commonstockdividendspersharedeclared": 0.18999999999999995
    },
    {
        "date": "2014-01-30",
        "symbol": "INTU",
        "period": "Q2",
        "netincomeloss": -37000000,
        "othercomprehensiveincomelossunrealizedholdinggainonsecuritiesarisingduringperiodnetoftax": 0,
        "othercomprehensiveincomelossunrealizedholdinglossonsecuritiesarisingduringperiodnetoftax": 3000000,
        "othercomprehensiveincomeforeigncurrencytransactionandtranslationgainlossarisingduringperiodnetoftax": -6000000,
        "othercomprehensiveincomelossnetoftax": -9000000,
        "comprehensiveincomenetoftax": -37000000,
        "salesrevenuegoodsnet": 287000000,
        "salesrevenueservicesnet": 495000000,
        "salesrevenuenet": 138000000,
        "costofgoodssold": 45000000,
        "costofservices": 125000000,
        "sellingandmarketingexpense": 352000000,
        "researchanddevelopmentexpense": 186000000,
        "generalandadministrativeexpense": 109000000,
        "amortizationofintangibleassets": 3000000,
        "costsandexpenses": 828000000,
        "operatingincomeloss": -3000000,
        "interestexpensedebt": 8000000,
        "othernonoperatingincomeexpense": 0,
        "incomelossfromcontinuingoperationsbeforeincometaxesminorityinterestandincomelossfromequitymethodinvestments": -54000000,
        "incometaxexpensebenefit": -17000000,
        "incomelossfromcontinuingoperations": -37000000,
        "incomelossfromdiscontinuedoperationsnetoftaxattributabletoreportingentity": 0,
        "incomelossfromcontinuingoperationsperbasicshare": -0.13,
        "incomelossfromdiscontinuedoperationsnetoftaxperbasicshare": 0,
        "earningspersharebasic": -0.13,
        "weightedaveragenumberofsharesoutstandingbasic": -2000000,
        "incomelossfromcontinuingoperationsperdilutedshare": -0.13,
        "incomelossfromdiscontinuedoperationsnetoftaxperdilutedshare": 0,
        "earningspersharediluted": -0.13,
        "weightedaveragenumberofdilutedsharesoutstanding": -2000000,
        "commonstockdividendspersharedeclared": 0.19
    },
    {
        "date": "2013-10-30",
        "symbol": "INTU",
        "period": "Q1",
        "netincomeloss": -11000000,
        "othercomprehensiveincomelossunrealizedholdinggainonsecuritiesarisingduringperiodnetoftax": 2000000,
        "othercomprehensiveincomelossunrealizedholdinglossonsecuritiesarisingduringperiodnetoftax": 1000000,
        "othercomprehensiveincomeforeigncurrencytransactionandtranslationgainlossarisingduringperiodnetoftax": -2000000,
        "othercomprehensiveincomelossnetoftax": -1000000,
        "comprehensiveincomenetoftax": -11000000,
        "salesrevenuegoodsnet": 229000000,
        "salesrevenueservicesnet": 393000000,
        "salesrevenuenet": 42000000,
        "costofgoodssold": 29000000,
        "costofservices": 108000000,
        "amortizationofintangibleassets": 6000000,
        "sellingandmarketingexpense": 258000000,
        "researchanddevelopmentexpense": 176000000,
        "generalandadministrativeexpense": 118000000,
        "otherdepreciationandamortization": 4000000,
        "costsandexpenses": 699000000,
        "operatingincomeloss": -24000000,
        "interestexpensedebt": 8000000,
        "othernonoperatingincomeexpense": 5000000,
        "incomelossfromcontinuingoperationsbeforeincometaxesminorityinterestandincomelossfromequitymethodinvestments": -80000000,
        "incometaxexpensebenefit": -23000000,
        "incomelossfromcontinuingoperations": -57000000,
        "incomelossfromdiscontinuedoperationsnetoftaxattributabletoreportingentity": 46000000,
        "incomelossfromcontinuingoperationsperbasicshare": -0.2,
        "incomelossfromdiscontinuedoperationsnetoftaxperbasicshare": 0.16,
        "earningspersharebasic": -0.04,
        "weightedaveragenumberofsharesoutstandingbasic": 288000000,
        "incomelossfromcontinuingoperationsperdilutedshare": -0.2,
        "incomelossfromdiscontinuedoperationsnetoftaxperdilutedshare": 0.16,
        "earningspersharediluted": -0.04,
        "weightedaveragenumberofdilutedsharesoutstanding": 288000000,
        "commonstockdividendspersharedeclared": 0.19
    },
    {
        "date": "2013-07-30",
        "symbol": "INTU",
        "period": "Q4",
        "netincomeloss": -16000000,
        "comprehensiveincomenetoftax": -20000000,
        "salesrevenuegoodsnet": 248000000,
        "salesrevenueservicesnet": 130000000,
        "salesrevenuenet": 3820000000,
        "costofgoodssold": 28000000,
        "costofservices": -30000000,
        "amortizationofintangibleassets": 2000000,
        "sellingandmarketingexpense": 190000000,
        "researchanddevelopmentexpense": 151000000,
        "generalandadministrativeexpense": 107000000,
        "amortizationofacquiredintangibleassets": 14000000,
        "costsandexpenses": 416000000,
        "operatingincomeloss": 41000000,
        "interestexpensedebt": 7000000,
        "othernonoperatingincomeexpense": 1000000,
        "incomelossfromcontinuingoperationsbeforeincometaxesminorityinterestandincomelossfromequitymethodinvestments": -44000000,
        "incometaxexpensebenefit": -25000000,
        "incomelossfromcontinuingoperations": -19000000,
        "incomelossfromcontinuingoperationsperbasicshare": -0.059999999999999776,
        "earningspersharebasic": -0.05999999999999989,
        "incomelossfromcontinuingoperationsperdilutedshare": -0.05999999999999933,
        "incomelossfromdiscontinuedoperationsnetoftaxperdilutedshare": 0,
        "earningspersharediluted": -0.06000000000000014,
        "weightedaveragenumberofdilutedsharesoutstanding": 0,
        "commonstockdividendspersharedeclared": 0.17000000000000007
    },
    {
        "date": "2013-04-29",
        "symbol": "INTU",
        "period": "Q3",
        "netincomeloss": 822000000,
        "comprehensiveincomenetoftax": 822000000,
        "salesrevenuegoodsnet": 638000000,
        "salesrevenueservicesnet": 1540000000,
        "salesrevenuenet": 72000000,
        "costofgoodssold": 30000000,
        "costofservices": 152000000,
        "amortizationofintangibleassets": 5000000,
        "sellingandmarketingexpense": 406000000,
        "researchanddevelopmentexpense": 177000000,
        "generalandadministrativeexpense": 108000000,
        "amortizationofacquiredintangibleassets": 7000000,
        "costsandexpenses": 931000000,
        "operatingincomeloss": -387000000,
        "interestexpensedebt": 8000000,
        "othernonoperatingincomeexpense": 3000000,
        "incomelossfromcontinuingoperationsbeforeincometaxesminorityinterestandincomelossfromequitymethodinvestments": 1242000000,
        "incometaxexpensebenefit": 420000000,
        "incomelossfromcontinuingoperations": 822000000,
        "incomelossfromcontinuingoperationsperbasicshare": 2.7699999999999996,
        "earningspersharebasic": 2.77,
        "incomelossfromcontinuingoperationsperdilutedshare": 2.7099999999999995,
        "incomelossfromdiscontinuedoperationsnetoftaxperdilutedshare": 0.009999999999999995,
        "earningspersharediluted": 2.72,
        "weightedaveragenumberofdilutedsharesoutstanding": 1000000,
        "commonstockdividendspersharedeclared": 0.16999999999999996
    },
    {
        "date": "2013-01-30",
        "symbol": "INTU",
        "period": "Q2",
        "netincomeloss": 71000000,
        "othercomprehensiveincomelossunrealizedholdinglossonsecuritiesarisingduringperiodnetoftax": 0,
        "othercomprehensiveincomeforeigncurrencytransactionandtranslationgainlossarisingduringperiodnetoftax": 0,
        "othercomprehensiveincomelossnetoftax": 0,
        "comprehensiveincomenetoftax": 71000000,
        "salesrevenuegoodsnet": 402000000,
        "salesrevenueservicesnet": 566000000,
        "salesrevenuenet": 243000000,
        "costofgoodssold": 40000000,
        "costofservices": 162000000,
        "amortizationofintangibleassets": 6000000,
        "sellingandmarketingexpense": 372000000,
        "researchanddevelopmentexpense": 179000000,
        "generalandadministrativeexpense": 109000000,
        "amortizationofacquiredintangibleassets": 7000000,
        "costsandexpenses": 875000000,
        "operatingincomeloss": 310000000,
        "interestexpensedebt": 7000000,
        "othernonoperatingincomeexpense": 1000000,
        "incomelossfromcontinuingoperationsbeforeincometaxesminorityinterestandincomelossfromequitymethodinvestments": 87000000,
        "incometaxexpensebenefit": 16000000,
        "incomelossfromcontinuingoperations": 71000000,
        "incomelossfromdiscontinuedoperationsnetoftaxattributabletoreportingentity": 0,
        "incomelossfromcontinuingoperationsperbasicshare": 0.24000000000000002,
        "incomelossfromdiscontinuedoperationsnetoftaxperbasicshare": 0,
        "earningspersharebasic": 0.24,
        "weightedaveragenumberofsharesoutstandingbasic": 0,
        "incomelossfromcontinuingoperationsperdilutedshare": 0.24000000000000002,
        "incomelossfromdiscontinuedoperationsnetoftaxperdilutedshare": -0.009999999999999995,
        "earningspersharediluted": 0.23,
        "weightedaveragenumberofdilutedsharesoutstanding": 6000000,
        "commonstockdividendspersharedeclared": 0.17
    },
    {
        "date": "2012-10-30",
        "symbol": "INTU",
        "period": "Q1",
        "netincomeloss": -19000000,
        "othercomprehensiveincomelossunrealizedholdinglossonsecuritiesarisingduringperiodnetoftax": -3000000,
        "othercomprehensiveincomeforeigncurrencytransactionandtranslationgainlossarisingduringperiodnetoftax": 1000000,
        "othercomprehensiveincomelossnetoftax": 4000000,
        "comprehensiveincomenetoftax": -15000000,
        "salesrevenuegoodsnet": 227000000,
        "salesrevenueservicesnet": 420000000,
        "salesrevenuenet": 36000000,
        "costofgoodssold": 32000000,
        "costofservices": 145000000,
        "amortizationofintangibleassets": 5000000,
        "sellingandmarketingexpense": 251000000,
        "researchanddevelopmentexpense": 178000000,
        "generalandadministrativeexpense": 98000000,
        "amortizationofacquiredintangibleassets": 7000000,
        "costsandexpenses": 716000000,
        "operatingincomeloss": 149000000,
        "interestexpensedebt": 8000000,
        "othernonoperatingincomeexpense": 2000000,
        "incomelossfromcontinuingoperationsbeforeincometaxesminorityinterestandincomelossfromequitymethodinvestments": -75000000,
        "incometaxexpensebenefit": -24000000,
        "incomelossfromcontinuingoperations": -51000000,
        "incomelossfromdiscontinuedoperationsnetoftaxattributabletoreportingentity": 32000000,
        "incomelossfromcontinuingoperationsperbasicshare": -0.17,
        "incomelossfromdiscontinuedoperationsnetoftaxperbasicshare": 0.11,
        "earningspersharebasic": -0.06,
        "weightedaveragenumberofsharesoutstandingbasic": 296000000,
        "incomelossfromcontinuingoperationsperdilutedshare": -0.17,
        "incomelossfromdiscontinuedoperationsnetoftaxperdilutedshare": 0.11,
        "earningspersharediluted": -0.06,
        "weightedaveragenumberofdilutedsharesoutstanding": 296000000,
        "commonstockdividendspersharedeclared": 0.17
    },
    {
        "date": "2012-07-30",
        "symbol": "INTU",
        "period": "Q4",
        "salesrevenuegoodsnet": 240000000,
        "salesrevenueservicesnet": 353000000,
        "salesrevenuenet": 593000000,
        "costofgoodssold": 29000000,
        "costofservices": 145000000,
        "amortizationofintangibleassets": 2000000,
        "sellingandmarketingexpense": 173000000,
        "researchanddevelopmentexpense": 167000000,
        "generalandadministrativeexpense": 99000000,
        "amortizationofacquiredintangibleassets": 6000000,
        "costsandexpenses": 621000000,
        "operatingincomeloss": -16000000,
        "interestexpensedebt": 7000000,
        "othernonoperatingincomeexpense": 1000000,
        "incomelossfromcontinuingoperationsbeforeincometaxesminorityinterestandincomelossfromequitymethodinvestments": -34000000,
        "incometaxexpensebenefit": -13000000,
        "netincomeloss": 4000000,
        "earningspersharebasic": -0.010000000000000314,
        "weightedaveragenumberofsharesoutstandingbasic": -596000000,
        "earningspersharediluted": 1.3877787807814457e-16,
        "weightedaveragenumberofdilutedsharesoutstanding": -604000000,
        "commonstockdividendspersharedeclared": 0.14999999999999994
    },
    {
        "date": "2012-04-29",
        "symbol": "INTU",
        "period": "Q3",
        "salesrevenuegoodsnet": 598000000,
        "salesrevenueservicesnet": 1347000000,
        "salesrevenuenet": 1945000000,
        "costofgoodssold": 32000000,
        "costofservices": 166000000,
        "amortizationofintangibleassets": 4000000,
        "sellingandmarketingexpense": 365000000,
        "researchanddevelopmentexpense": 167000000,
        "generalandadministrativeexpense": 102000000,
        "amortizationofacquiredintangibleassets": 2000000,
        "costsandexpenses": 838000000,
        "operatingincomeloss": 49000000,
        "interestexpensedebt": 12000000,
        "othernonoperatingincomeexpense": 9000000,
        "incomelossfromcontinuingoperationsbeforeincometaxesminorityinterestandincomelossfromequitymethodinvestments": 1104000000,
        "incometaxexpensebenefit": 370000000,
        "netincomeloss": 734000000,
        "earningspersharebasic": 2.49,
        "weightedaveragenumberofsharesoutstandingbasic": 295000000,
        "earningspersharediluted": 2.42,
        "weightedaveragenumberofdilutedsharesoutstanding": 303000000,
        "commonstockdividendspersharedeclared": 0.15
    },
    {
        "date": "2012-01-30",
        "symbol": "INTU",
        "period": "Q2",
        "salesrevenuegoodsnet": 419000000,
        "salesrevenueservicesnet": 600000000,
        "salesrevenuenet": 1019000000,
        "costofgoodssold": 52000000,
        "costofservices": 154000000,
        "amortizationofintangibleassets": 4000000,
        "sellingandmarketingexpense": 344000000,
        "researchanddevelopmentexpense": 168000000,
        "generalandadministrativeexpense": 95000000,
        "amortizationofacquiredintangibleassets": 10000000,
        "costsandexpenses": 827000000,
        "operatingincomeloss": 67000000,
        "interestexpensedebt": 16000000,
        "othernonoperatingincomeexpense": 3000000,
        "incomelossfromcontinuingoperationsbeforeincometaxesminorityinterestandincomelossfromequitymethodinvestments": 179000000,
        "incometaxexpensebenefit": 61000000,
        "netincomeloss": 118000000,
        "earningspersharebasic": 0.4,
        "weightedaveragenumberofsharesoutstandingbasic": 297000000,
        "earningspersharediluted": 0.39,
        "weightedaveragenumberofdilutedsharesoutstanding": 306000000,
        "commonstockdividendspersharedeclared": 0.15
    },
    {
        "date": "2011-10-30",
        "symbol": "INTU",
        "period": "Q1",
        "salesrevenuegoodsnet": 222000000,
        "salesrevenueservicesnet": 372000000,
        "salesrevenuenet": 594000000,
        "costofgoodssold": 32000000,
        "costofservices": 136000000,
        "amortizationofintangibleassets": 4000000,
        "sellingandmarketingexpense": 236000000,
        "researchanddevelopmentexpense": 167000000,
        "generalandadministrativeexpense": 92000000,
        "amortizationofacquiredintangibleassets": 21000000,
        "costsandexpenses": 688000000,
        "operatingincomeloss": -14000000,
        "interestexpensedebt": 15000000,
        "othernonoperatingincomeexpense": 11000000,
        "incomelossfromcontinuingoperationsbeforeincometaxesminorityinterestandincomelossfromequitymethodinvestments": -98000000,
        "incometaxexpensebenefit": -34000000,
        "netincomeloss": -64000000,
        "earningspersharebasic": -0.21,
        "weightedaveragenumberofsharesoutstandingbasic": 300000000,
        "earningspersharediluted": -0.21,
        "weightedaveragenumberofdilutedsharesoutstanding": 300000000,
        "commonstockdividendspersharedeclared": 0.15
    },
    {
        "date": "2011-07-30",
        "symbol": "INTU",
        "period": "Q4",
        "salesrevenuegoodsnet": 233000000,
        "salesrevenueservicesnet": 360000000,
        "salesrevenuenet": 593000000,
        "costofgoodssold": 108000000,
        "costofservices": 248000000,
        "amortizationofintangibleassets": 4000000,
        "sellingandmarketingexpense": 1078000000,
        "researchanddevelopmentexpense": 596000000,
        "generalandadministrativeexpense": 318000000,
        "costsandexpenses": 654000000,
        "operatingincomeloss": 6000000,
        "interestexpensedebt": 15000000,
        "othernonoperatingincomeexpense": -1000000,
        "incomelossfromcontinuingoperationsbeforeincometaxesminorityinterestandincomelossfromequitymethodinvestments": -77000000,
        "incometaxexpensebenefit": 371000000,
        "incomelossfromcontinuingoperations": -57000000,
        "netincomeloss": -57000000
    },
    {
        "date": "2011-04-29",
        "symbol": "INTU",
        "period": "Q3",
        "salesrevenuegoodsnet": 602000000,
        "salesrevenueservicesnet": 1246000000,
        "salesrevenuenet": 1848000000,
        "costofgoodssold": 2000000,
        "costofservices": 132000000,
        "amortizationofintangibleassets": 4000000,
        "sellingandmarketingexpense": 12000000,
        "researchanddevelopmentexpense": 13000000,
        "generalandadministrativeexpense": 12000000,
        "amortizationofacquisitioncosts": 11000000,
        "costsandexpenses": 787000000,
        "operatingincomeloss": 70000000,
        "interestexpensedebt": 15000000,
        "othernonoperatingincomeexpense": 6000000,
        "incomelossfromcontinuingoperationsbeforeincometaxesminorityinterestandincomelossfromequitymethodinvestments": 1052000000,
        "incometaxexpensebenefit": -14000000,
        "incomelossfromcontinuingoperations": 688000000,
        "netincomeloss": 688000000,
        "incomelossfromcontinuingoperationsperbasicshare": 2.27,
        "earningspersharebasic": 2.27,
        "weightedaveragenumberofsharesoutstandingbasic": 303000000,
        "incomelossfromcontinuingoperationsperdilutedshare": 2.2,
        "earningspersharediluted": 2.2,
        "weightedaveragenumberofdilutedsharesoutstanding": 313000000
    },
    {
        "date": "2011-01-30",
        "symbol": "INTU",
        "period": "Q2",
        "salesrevenuegoodsnet": 430000000,
        "salesrevenueservicesnet": 448000000,
        "salesrevenuenet": 878000000,
        "costofgoodssold": 2000000,
        "costofservices": 129000000,
        "amortizationofintangibleassets": 5000000,
        "sellingandmarketingexpense": 12000000,
        "researchanddevelopmentexpense": 12000000,
        "generalandadministrativeexpense": 12000000,
        "amortizationofacquisitioncosts": 11000000,
        "costsandexpenses": 767000000,
        "operatingincomeloss": 111000000,
        "interestexpensedebt": 15000000,
        "othernonoperatingincomeexpense": 6000000,
        "incomelossfromcontinuingoperationsbeforeincometaxesminorityinterestandincomelossfromequitymethodinvestments": 102000000,
        "incometaxexpensebenefit": -13000000,
        "incomelossfromcontinuingoperations": 73000000,
        "netincomeloss": 73000000,
        "incomelossfromcontinuingoperationsperbasicshare": 0.24,
        "earningspersharebasic": 0.24,
        "weightedaveragenumberofsharesoutstandingbasic": 308000000,
        "incomelossfromcontinuingoperationsperdilutedshare": 0.23,
        "earningspersharediluted": 0.23,
        "weightedaveragenumberofdilutedsharesoutstanding": 318000000
    },
    {
        "date": "2010-10-30",
        "symbol": "INTU",
        "period": "Q1",
        "salesrevenuegoodsnet": 216000000,
        "salesrevenueservicesnet": 316000000,
        "salesrevenuenet": 532000000,
        "costofgoodssold": 32000000,
        "costofservices": 1000000,
        "amortizationofintangibleassets": 4000000,
        "sellingandmarketingexpense": 9000000,
        "researchanddevelopmentexpense": 13000000,
        "generalandadministrativeexpense": 12000000,
        "amortizationofacquisitioncosts": 11000000,
        "costsandexpenses": 636000000,
        "operatingincomeloss": -104000000,
        "interestexpensedebt": 15000000,
        "othernonoperatingincomeexpense": 8000000,
        "incomelossfromcontinuingoperationsbeforeincometaxesminorityinterestandincomelossfromequitymethodinvestments": -111000000,
        "incometaxexpensebenefit": -12000000,
        "incomelossfromcontinuingoperations": -70000000,
        "netincomeloss": -70000000,
        "basicanddilutednetlosspersharefromcontinuingoperations": -0.22,
        "basicanddilutednetlosspershare": -0.22,
        "weightedaveragenumberofsharesoutstandingbasicanddiluted": 316000000
    },
    {
        "date": "2010-04-29",
        "symbol": "INTU",
        "period": "Q3",
        "salesrevenuegoodsnet": 563000000,
        "salesrevenueservicesnet": 1025000000,
        "salesrevenuenet": 1588000000,
        "costofgoodssold": 34000000,
        "costofservices": 108000000,
        "amortizationofintangibleassets": 5000000,
        "sellingandmarketingexpense": 304000000,
        "researchanddevelopmentexpense": 139000000,
        "generalandadministrativeexpense": 101000000,
        "amortizationofacquisitioncosts": 10000000,
        "costsandexpenses": 701000000,
        "operatingincomeloss": 887000000,
        "interestexpensedebt": 15000000,
        "othernonoperatingincomeexpense": 5000000,
        "incomelossfromcontinuingoperationsbeforeincometaxesminorityinterestandincomelossfromequitymethodinvestments": 877000000,
        "incometaxexpensebenefit": 302000000,
        "netincomeloss": 576000000,
        "earningspersharebasic": 1.8199999999999998,
        "weightedaveragenumberofsharesoutstandingbasic": -318000000,
        "earningspersharediluted": 1.77,
        "weightedaveragenumberofdilutedsharesoutstanding": -318000000
    },
    {
        "date": "2010-01-30",
        "symbol": "INTU",
        "period": "Q2",
        "salesrevenuegoodsnet": 422000000,
        "salesrevenueservicesnet": 415000000,
        "salesrevenuenet": 837000000,
        "costofgoodssold": 48000000,
        "costofservices": 114000000,
        "amortizationofintangibleassets": 16000000,
        "sellingandmarketingexpense": 277000000,
        "researchanddevelopmentexpense": 144000000,
        "generalandadministrativeexpense": 88000000,
        "amortizationofacquisitioncosts": 11000000,
        "costsandexpenses": 698000000,
        "operatingincomeloss": 139000000,
        "interestexpensedebt": 15000000,
        "othernonoperatingincomeexpense": 2000000,
        "incomelossfromcontinuingoperationsbeforeincometaxesminorityinterestandincomelossfromequitymethodinvestments": 126000000,
        "incometaxexpensebenefit": 46000000,
        "incomelossfromcontinuingoperations": 80000000,
        "incomelossfromdiscontinuedoperationsnetoftaxattributabletoreportingentity": 34000000,
        "netincomeloss": 114000000,
        "incomelossfromcontinuingoperationsperbasicshare": 0.25,
        "incomelossfromdiscontinuedoperationsnetoftaxperbasicshare": 0.11,
        "earningspersharebasic": 0.36,
        "weightedaveragenumberofsharesoutstandingbasic": 314000000,
        "incomelossfromcontinuingoperationsperdilutedshare": 0.25,
        "incomelossfromdiscontinuedoperationsnetoftaxperdilutedshare": 0.1,
        "earningspersharediluted": 0.35,
        "weightedaveragenumberofdilutedsharesoutstanding": 323000000
    },
    {
        "date": "2009-10-30",
        "symbol": "INTU",
        "period": "Q1",
        "salesrevenuegoodsnet": 206000000,
        "salesrevenueservicesnet": 287000000,
        "salesrevenuenet": 493000000,
        "costofgoodssold": 35000000,
        "costofservices": 119000000,
        "amortizationofintangibleassets": 22000000,
        "sellingandmarketingexpense": 185000000,
        "researchanddevelopmentexpense": 143000000,
        "generalandadministrativeexpense": 78000000,
        "amortizationofacquisitioncosts": 10000000,
        "costsandexpenses": 592000000,
        "operatingincomeloss": -99000000,
        "interestexpensedebt": 16000000,
        "othernonoperatingincomeexpense": 5000000,
        "incomelossfromcontinuingoperationsbeforeincometaxesminorityinterestandincomelossfromequitymethodinvestments": -110000000,
        "incometaxexpensebenefit": -42000000,
        "netincomeloss": -68000000,
        "earningspersharebasic": -0.21,
        "weightedaveragenumberofsharesoutstandingbasic": 320000000,
        "earningspersharediluted": -0.21,
        "weightedaveragenumberofdilutedsharesoutstanding": 320000000
    }
]