[
    {
        "date": "2024-10-30",
        "symbol": "SNOW",
        "period": "Q3",
        "revenuefromcontractwithcustomerexcludingassessedtax": 942094000,
        "costofgoodsandservicessold": 320894000,
        "grossprofit": 621200000,
        "sellingandmarketingexpense": 437962000,
        "researchanddevelopmentexpense": 442435000,
        "generalandadministrativeexpense": 106260000,
        "operatingexpenses": 986657000,
        "operatingincomeloss": -365457000,
        "investmentincomenonoperating": 48655000,
        "interestexpensenonoperating": 689000,
        "othernonoperatingincomeexpense": -8474000,
        "incomelossfromcontinuingoperationsbeforeincometaxesextraordinaryitemsnoncontrollinginterest": -325965000,
        "incometaxexpensebenefit": 1937000,
        "profitloss": -327902000,
        "netincomelossattributabletononcontrollinginterest": -3623000,
        "netincomeloss": -324279000,
        "earningspersharebasic": -0.98,
        "earningspersharediluted": -0.98,
        "weightedaveragenumberofsharesoutstandingbasic": 331761000,
        "weightedaveragenumberofdilutedsharesoutstanding": 331761000,
        "othercomprehensiveincomeunrealizedholdinggainlossonsecuritiesarisingduringperiodnetoftax": 2575000,
        "othercomprehensiveincomeothernetoftax": 44000,
        "othercomprehensiveincomelossnetoftax": 2619000,
        "comprehensiveincomenetoftaxincludingportionattributabletononcontrollinginterest": -325283000,
        "comprehensiveincomenetoftaxattributabletononcontrollinginterest": -3623000,
        "comprehensiveincomenetoftax": -321660000
    },
    {
        "date": "2024-07-30",
        "symbol": "SNOW",
        "period": "Q2",
        "revenuefromcontractwithcustomerexcludingassessedtax": 868823000,
        "costofgoodsandservicessold": 288078000,
        "grossprofit": 580745000,
        "sellingandmarketingexpense": 400625000,
        "researchanddevelopmentexpense": 437660000,
        "generalandadministrativeexpense": 97763000,
        "operatingexpenses": 936048000,
        "operatingincomeloss": -355303000,
        "interestincomeexpensenonoperatingnet": 49265000,
        "othernonoperatingincomeexpense": -7946000,
        "incomelossfromcontinuingoperationsbeforeincometaxesextraordinaryitemsnoncontrollinginterest": -313984000,
        "incometaxexpensebenefit": 3786000,
        "profitloss": -317770000,
        "netincomelossattributabletononcontrollinginterest": -871000,
        "netincomeloss": -316899000,
        "earningspersharebasic": -0.95,
        "earningspersharediluted": -0.95,
        "weightedaveragenumberofsharesoutstandingbasic": 334071000,
        "weightedaveragenumberofdilutedsharesoutstanding": 334071000,
        "othercomprehensiveincomeunrealizedholdinggainlossonsecuritiesarisingduringperiodnetoftax": 10304000,
        "othercomprehensiveincomeothernetoftax": 30000,
        "othercomprehensiveincomelossnetoftax": 10334000,
        "comprehensiveincomenetoftaxincludingportionattributabletononcontrollinginterest": -307436000,
        "comprehensiveincomenetoftaxattributabletononcontrollinginterest": -871000,
        "comprehensiveincomenetoftax": -306565000
    },
    {
        "date": "2024-04-29",
        "symbol": "SNOW",
        "period": "Q1",
        "revenuefromcontractwithcustomerexcludingassessedtax": 828709000,
        "costofgoodsandservicessold": 272517000,
        "grossprofit": 556192000,
        "sellingandmarketingexpense": 400822000,
        "researchanddevelopmentexpense": 410794000,
        "generalandadministrativeexpense": 93148000,
        "operatingexpenses": 904764000,
        "operatingincomeloss": -348572000,
        "interestincomeexpensenonoperatingnet": 54779000,
        "othernonoperatingincomeexpense": -21302000,
        "incomelossfromcontinuingoperationsbeforeincometaxesextraordinaryitemsnoncontrollinginterest": -315095000,
        "incometaxexpensebenefit": 2721000,
        "profitloss": -317816000,
        "netincomelossattributabletononcontrollinginterest": -828000,
        "netincomeloss": -316988000,
        "earningspersharebasic": -0.95,
        "earningspersharediluted": -0.95,
        "weightedaveragenumberofsharesoutstandingbasic": 333584000,
        "weightedaveragenumberofdilutedsharesoutstanding": 333584000,
        "othercomprehensiveincomeunrealizedholdinggainlossonsecuritiesarisingduringperiodnetoftax": -7421000,
        "othercomprehensiveincomelossforeigncurrencytransactionandtranslationadjustmentnetoftax": -23000,
        "othercomprehensiveincomeothernetoftax": -49000,
        "othercomprehensiveincomelossnetoftax": -7493000,
        "comprehensiveincomenetoftaxincludingportionattributabletononcontrollinginterest": -325309000,
        "comprehensiveincomenetoftaxattributabletononcontrollinginterest": -828000,
        "comprehensiveincomenetoftax": -324481000
    },
    {
        "date": "2024-01-30",
        "symbol": "SNOW",
        "period": "Q4",
        "revenuefromcontractwithcustomerexcludingassessedtax": 2009927000,
        "costofgoodsandservicessold": 241804000,
        "grossprofit": 532895000,
        "sellingandmarketingexpense": 361822000,
        "researchanddevelopmentexpense": 364476000,
        "generalandadministrativeexpense": 82102000,
        "operatingexpenses": 808400000,
        "operatingincomeloss": -275505000,
        "interestincomeexpensenonoperatingnet": 53761000,
        "othernonoperatingincomeexpense": 47533000,
        "incomelossfromcontinuingoperationsbeforeincometaxesextraordinaryitemsnoncontrollinginterest": -174211000,
        "incometaxexpensebenefit": -4299000,
        "profitloss": -622406000,
        "netincomelossattributabletononcontrollinginterest": -560000,
        "netincomeloss": -169352000,
        "earningspersharebasic": -0.51,
        "earningspersharediluted": -0.51,
        "weightedaveragenumberofsharesoutstandingbasic": 328001000,
        "weightedaveragenumberofdilutedsharesoutstanding": 328001000,
        "othercomprehensiveincomeunrealizedholdinggainlossonsecuritiesarisingduringperiodnetoftax": 18964000,
        "othercomprehensiveincomelossnetoftax": 18988000,
        "comprehensiveincomenetoftax": -149474000
    },
    {
        "date": "2023-10-30",
        "symbol": "SNOW",
        "period": "Q3",
        "revenuefromcontractwithcustomerexcludingassessedtax": 734173000,
        "costofgoodsandservicessold": 228948000,
        "grossprofit": 505225000,
        "sellingandmarketingexpense": 355079000,
        "researchanddevelopmentexpense": 332065000,
        "generalandadministrativeexpense": 78704000,
        "operatingexpenses": 765848000,
        "operatingincomeloss": -260623000,
        "interestincomeexpensenonoperatingnet": 53491000,
        "othernonoperatingincomeexpense": -4170000,
        "incomelossfromcontinuingoperationsbeforeincometaxesextraordinaryitemsnoncontrollinginterest": -211302000,
        "incometaxexpensebenefit": 3392000,
        "profitloss": -214694000,
        "netincomelossattributabletononcontrollinginterest": -443000,
        "netincomeloss": -214251000,
        "earningspersharebasic": -0.65,
        "earningspersharediluted": -0.65,
        "weightedaveragenumberofsharesoutstandingbasic": 329310000,
        "weightedaveragenumberofdilutedsharesoutstanding": 329310000,
        "othercomprehensiveincomeunrealizedholdinggainlossonsecuritiesarisingduringperiodnetoftax": 5927000,
        "othercomprehensiveincomeothernetoftax": -891000,
        "othercomprehensiveincomelossnetoftax": 5036000,
        "comprehensiveincomenetoftaxincludingportionattributabletononcontrollinginterest": -209658000,
        "comprehensiveincomenetoftaxattributabletononcontrollinginterest": -443000,
        "comprehensiveincomenetoftax": -209215000
    },
    {
        "date": "2023-07-30",
        "symbol": "SNOW",
        "period": "Q2",
        "revenuefromcontractwithcustomerexcludingassessedtax": 33525000,
        "costofgoodsandservicessold": 218392000,
        "grossprofit": 455626000,
        "sellingandmarketingexpense": 343288000,
        "researchanddevelopmentexpense": 313996000,
        "generalandadministrativeexpense": 83749000,
        "operatingexpenses": 741033000,
        "operatingincomeloss": -285407000,
        "interestincomeexpensenonoperatingnet": 50280000,
        "othernonoperatingincomeexpense": 4086000,
        "incomelossfromcontinuingoperationsbeforeincometaxesextraordinaryitemsnoncontrollinginterest": -231041000,
        "incometaxexpensebenefit": -3721000,
        "profitloss": -453000,
        "netincomelossattributabletononcontrollinginterest": -453000,
        "netincomeloss": -226867000,
        "earningspersharebasic": -0.69,
        "earningspersharediluted": -0.69,
        "weightedaveragenumberofsharesoutstandingbasic": 327335000,
        "weightedaveragenumberofdilutedsharesoutstanding": 327335000,
        "othercomprehensiveincomeunrealizedholdinggainlossonsecuritiesarisingduringperiodnetoftax": -1575000,
        "othercomprehensiveincomeothernetoftax": 159000,
        "othercomprehensiveincomelossnetoftax": -1416000,
        "comprehensiveincomenetoftax": -228736000
    },
    {
        "date": "2023-04-29",
        "symbol": "SNOW",
        "period": "Q1",
        "revenuefromcontractwithcustomerexcludingassessedtax": 28864000,
        "costofgoodsandservicessold": 209414000,
        "grossprofit": 414185000,
        "sellingandmarketingexpense": 331558000,
        "researchanddevelopmentexpense": 277412000,
        "generalandadministrativeexpense": 78453000,
        "operatingexpenses": 687423000,
        "operatingincomeloss": -273238000,
        "interestincomeexpensenonoperatingnet": 43131000,
        "othernonoperatingincomeexpense": -2562000,
        "incomelossfromcontinuingoperationsbeforeincometaxesextraordinaryitemsnoncontrollinginterest": -232669000,
        "incometaxexpensebenefit": -6605000,
        "profitloss": -437000,
        "netincomelossattributabletononcontrollinginterest": -437000,
        "netincomeloss": -225627000,
        "earningspersharebasic": -0.7,
        "earningspersharediluted": -0.7,
        "weightedaveragenumberofsharesoutstandingbasic": 324157000,
        "weightedaveragenumberofdilutedsharesoutstanding": 324157000,
        "othercomprehensiveincomeunrealizedholdinggainlossonsecuritiesarisingduringperiodnetoftax": 7444000,
        "othercomprehensiveincomelossnetoftax": 7444000,
        "comprehensiveincomenetoftax": -218620000
    },
    {
        "date": "2023-01-30",
        "symbol": "SNOW",
        "period": "Q4",
        "revenuefromcontractwithcustomerexcludingassessedtax": 25893000,
        "costofgoodsandservicessold": 205657000,
        "grossprofit": 383355000,
        "sellingandmarketingexpense": 303473000,
        "researchanddevelopmentexpense": 242125000,
        "generalandadministrativeexpense": 77507000,
        "operatingexpenses": 623105000,
        "operatingincomeloss": -239750000,
        "interestincomeexpensenonoperatingnet": 35531000,
        "othernonoperatingincomeexpense": -2893000,
        "incomelossfromcontinuingoperationsbeforeincometaxesextraordinaryitemsnoncontrollinginterest": -207112000,
        "incometaxexpensebenefit": 372000,
        "netincomeloss": -207169000,
        "earningspersharebasic": -0.6400000000000001,
        "earningspersharediluted": -0.6400000000000001,
        "weightedaveragenumberofsharesoutstandingbasic": -634122000,
        "weightedaveragenumberofdilutedsharesoutstanding": -634122000,
        "othercomprehensiveincomeunrealizedholdinggainlossonsecuritiesarisingduringperiodnetoftax": 28116000,
        "othercomprehensiveincomelossnetoftax": 30907000,
        "comprehensiveincomenetoftax": -176577000
    },
    {
        "date": "2022-10-30",
        "symbol": "SNOW",
        "period": "Q3",
        "revenuefromcontractwithcustomerexcludingassessedtax": 24633000,
        "costofgoodsandservicessold": 190721000,
        "grossprofit": 366307000,
        "sellingandmarketingexpense": 284477000,
        "researchanddevelopmentexpense": 211387000,
        "generalandadministrativeexpense": 76462000,
        "operatingexpenses": 572326000,
        "operatingincomeloss": -206019000,
        "interestincomeexpensenonoperatingnet": 21857000,
        "othernonoperatingincomeexpense": -13271000,
        "incomelossfromcontinuingoperationsbeforeincometaxesextraordinaryitemsnoncontrollinginterest": -197433000,
        "incometaxexpensebenefit": 4009000,
        "profitloss": -506000,
        "netincomelossattributabletononcontrollinginterest": -506000,
        "netincomeloss": -200936000,
        "earningspersharebasic": -0.63,
        "earningspersharediluted": -0.63,
        "weightedaveragenumberofsharesoutstandingbasic": 320135000,
        "weightedaveragenumberofdilutedsharesoutstanding": 320135000,
        "othercomprehensiveincomelossforeigncurrencytransactionandtranslationadjustmentnetoftax": -1108000,
        "othercomprehensiveincomeunrealizedholdinggainlossonsecuritiesarisingduringperiodnetoftax": -20214000,
        "othercomprehensiveincomelossnetoftax": -21322000,
        "comprehensiveincomenetoftax": -222764000
    },
    {
        "date": "2022-07-30",
        "symbol": "SNOW",
        "period": "Q2",
        "revenuefromcontractwithcustomerexcludingassessedtax": 22745000,
        "costofgoodsandservicessold": 173232000,
        "grossprofit": 324016000,
        "sellingandmarketingexpense": 274645000,
        "researchanddevelopmentexpense": 183748000,
        "generalandadministrativeexpense": 73355000,
        "operatingexpenses": 531748000,
        "operatingincomeloss": -207732000,
        "interestincomeexpensenonoperatingnet": 11692000,
        "othernonoperatingincomeexpense": -22920000,
        "incomelossfromcontinuingoperationsbeforeincometaxesextraordinaryitemsnoncontrollinginterest": -218960000,
        "incometaxexpensebenefit": 3846000,
        "netincomeloss": -222806000,
        "earningspersharebasic": -0.7,
        "earningspersharediluted": -0.7,
        "weightedaveragenumberofsharesoutstandingbasic": 318356000,
        "weightedaveragenumberofdilutedsharesoutstanding": 318356000,
        "othercomprehensiveincomeforeigncurrencytransactionandtranslationadjustmentnetoftaxportionattributabletoparent": -1074000,
        "othercomprehensiveincomeunrealizedholdinggainlossonsecuritiesarisingduringperiodnetoftax": -196000,
        "othercomprehensiveincomelossnetoftax": -1270000,
        "comprehensiveincomenetoftax": -224076000
    },
    {
        "date": "2022-04-29",
        "symbol": "SNOW",
        "period": "Q1",
        "revenuefromcontractwithcustomerexcludingassessedtax": 19302000,
        "costofgoodsandservicessold": 147930000,
        "grossprofit": 274441000,
        "sellingandmarketingexpense": 243912000,
        "researchanddevelopmentexpense": 150798000,
        "generalandadministrativeexpense": 68497000,
        "operatingexpenses": 463207000,
        "operatingincomeloss": -188766000,
        "interestincomeexpensenonoperatingnet": 4759000,
        "othernonoperatingincomeexpense": -8481000,
        "incomelossfromcontinuingoperationsbeforeincometaxesextraordinaryitemsnoncontrollinginterest": -192488000,
        "incometaxexpensebenefit": -26694000,
        "netincomeloss": -165794000,
        "earningspersharebasic": -0.53,
        "earningspersharediluted": -0.53,
        "weightedaveragenumberofsharesoutstandingbasic": 314361000,
        "weightedaveragenumberofdilutedsharesoutstanding": 314361000,
        "othercomprehensiveincomeforeigncurrencytransactionandtranslationadjustmentnetoftaxportionattributabletoparent": -1976000,
        "othercomprehensiveincomeunrealizedholdinggainlossonsecuritiesarisingduringperiodnetoftax": -28325000,
        "othercomprehensiveincomelossnetoftax": -30301000,
        "comprehensiveincomenetoftax": -196095000
    },
    {
        "date": "2022-01-30",
        "symbol": "SNOW",
        "period": "Q4",
        "revenuefromcontractwithcustomerexcludingassessedtax": -119723000,
        "costofgoodsandservicessold": 134180000,
        "grossprofit": 249594000,
        "sellingandmarketingexpense": 203287000,
        "researchanddevelopmentexpense": 123149000,
        "generalandadministrativeexpense": 75187000,
        "operatingexpenses": 401623000,
        "operatingincomeloss": -152029000,
        "interestincomeexpensenonoperatingnet": 2342000,
        "othernonoperatingincomeexpense": 19080000,
        "incomelossfromcontinuingoperationsbeforeincometaxesextraordinaryitemsnoncontrollinginterest": -130607000,
        "incometaxexpensebenefit": 1546000,
        "netincomeloss": -132153000,
        "othercomprehensiveincomeunrealizedholdinggainlossonsecuritiesarisingduringperiodnetoftax": -11945000,
        "othercomprehensiveincomelossnetoftax": -12800000,
        "comprehensiveincomenetoftax": -144953000
    },
    {
        "date": "2021-10-30",
        "symbol": "SNOW",
        "period": "Q3",
        "revenuefromcontractwithcustomerexcludingassessedtax": 68836000,
        "costofgoodsandservicessold": 120786000,
        "grossprofit": 213655000,
        "sellingandmarketingexpense": 190971000,
        "researchanddevelopmentexpense": 115900000,
        "generalandadministrativeexpense": 64055000,
        "operatingexpenses": 370926000,
        "operatingincomeloss": -157271000,
        "interestincomeexpensenonoperatingnet": 1985000,
        "othernonoperatingincomeexpense": 1609000,
        "incomelossfromcontinuingoperationsbeforeincometaxesextraordinaryitemsnoncontrollinginterest": -153677000,
        "incometaxexpensebenefit": 1179000,
        "netincomeloss": -154856000,
        "earningspersharebasic": -0.51,
        "earningspersharediluted": -0.51,
        "weightedaveragenumberofsharesoutstandingbasic": 303006685,
        "weightedaveragenumberofdilutedsharesoutstanding": 303006685,
        "othercomprehensiveincomelossforeigncurrencytransactionandtranslationadjustmentnetoftax": -361000,
        "othercomprehensiveincomeunrealizedholdinggainlossonsecuritiesarisingduringperiodnetoftax": -4266000,
        "othercomprehensiveincomelossnetoftax": -4627000,
        "comprehensiveincomenetoftax": -159483000
    },
    {
        "date": "2021-07-30",
        "symbol": "SNOW",
        "period": "Q2",
        "revenuefromcontractwithcustomerexcludingassessedtax": 54816000,
        "costofgoodsandservicessold": 106121000,
        "grossprofit": 166077000,
        "sellingandmarketingexpense": 182903000,
        "researchanddevelopmentexpense": 118087000,
        "generalandadministrativeexpense": 65228000,
        "operatingexpenses": 366218000,
        "operatingincomeloss": -200141000,
        "interestincomeexpensenonoperatingnet": 2190000,
        "othernonoperatingincomeexpense": 8746000,
        "incomelossfromcontinuingoperationsbeforeincometaxesextraordinaryitemsnoncontrollinginterest": -189205000,
        "incometaxexpensebenefit": 514000,
        "netincomeloss": -189719000,
        "earningspersharebasic": -0.64,
        "earningspersharediluted": -0.64,
        "weightedaveragenumberofsharesoutstandingbasic": 297717099,
        "weightedaveragenumberofdilutedsharesoutstanding": 297717099,
        "othercomprehensiveincomelossforeigncurrencytransactionandtranslationadjustmentnetoftax": -54000,
        "othercomprehensiveincomeunrealizedholdinggainlossonsecuritiesarisingduringperiodnetoftax": 829000,
        "othercomprehensiveincomelossnetoftax": 775000,
        "comprehensiveincomenetoftax": -188944000
    },
    {
        "date": "2021-04-29",
        "symbol": "SNOW",
        "period": "Q1",
        "revenuefromcontractwithcustomerexcludingassessedtax": 228914000,
        "costofgoodsandservicessold": 97346000,
        "grossprofit": 131568000,
        "sellingandmarketingexpense": 166804000,
        "researchanddevelopmentexpense": 109796000,
        "generalandadministrativeexpense": 60563000,
        "operatingexpenses": 337163000,
        "operatingincomeloss": -205595000,
        "interestincomeexpensenonoperatingnet": 2612000,
        "othernonoperatingincomeexpense": -488000,
        "incomelossfromcontinuingoperationsbeforeincometaxesextraordinaryitemsnoncontrollinginterest": -203471000,
        "incometaxexpensebenefit": -251000,
        "netincomeloss": -203220000,
        "earningspersharebasicanddiluted": -0.7,
        "weightedaveragenumberofshareoutstandingbasicanddiluted": 291385850,
        "othercomprehensiveincomelossforeigncurrencytransactionandtranslationadjustmentnetoftax": 352000,
        "othercomprehensiveincomeunrealizedholdinggainlossonsecuritiesarisingduringperiodnetoftax": -425000,
        "othercomprehensiveincomelossnetoftax": -73000,
        "comprehensiveincomenetoftax": -203293000
    },
    {
        "date": "2020-10-30",
        "symbol": "SNOW",
        "period": "Q3",
        "revenuefromcontractwithcustomerexcludingassessedtax": 159624000,
        "costofgoodsandservicessold": 66681000,
        "grossprofit": 92943000,
        "sellingandmarketingexpense": 134727000,
        "researchanddevelopmentexpense": 74138000,
        "generalandadministrativeexpense": 53532000,
        "operatingexpenses": 262397000,
        "operatingincomeloss": -169454000,
        "investmentincomeinterest": 1517000,
        "othernonoperatingincomeexpense": -519000,
        "incomelossfromcontinuingoperationsbeforeincometaxesextraordinaryitemsnoncontrollinginterest": -168456000,
        "incometaxexpensebenefit": 433000,
        "netincomeloss": -168889000,
        "earningspersharebasicanddiluted": -1.01,
        "weightedaveragenumberofshareoutstandingbasicanddiluted": 166868200,
        "othercomprehensiveincomeunrealizedholdinggainlossonsecuritiesarisingduringperiodnetoftax": -771000,
        "comprehensiveincomenetoftax": -169660000
    }
]