[
    {
        "date": "2024-09-28",
        "symbol": "HSY",
        "period": "Q3",
        "revenuefromcontractwithcustomerexcludingassessedtax": 2987494000,
        "costofgoodsandservicessold": 1754775000,
        "grossprofit": 1232719000,
        "sellinggeneralandadministrativeexpense": 591920000,
        "restructuringchargesbusinessrealignment": 27635000,
        "operatingincomeloss": 613164000,
        "interestincomeexpensenonoperatingnet": -44316000,
        "othernonoperatingincomeexpense": -50101000,
        "incomelossfromcontinuingoperationsbeforeincometaxesextraordinaryitemsnoncontrollinginterest": 518747000,
        "incometaxexpensebenefit": 72446000,
        "netincomeloss": 446301000,
        "earningspersharebasic": 2.05,
        "earningspersharediluted": 2.05,
        "commonstockdividendspersharecashpaid": 1.245,
        "othercomprehensiveincomelossforeigncurrencytransactionandtranslationadjustmentbeforetax": -4231000,
        "othercomprehensiveincomelossforeigncurrencytransactionandtranslationadjustmentnetoftax": -4231000,
        "othercomprehensiveincomelosspensionandotherpostretirementbenefitplansnetunamortizedgainlossarisingduringperiodbeforetax": 65000,
        "othercomprehensiveincomedefinedbenefitplansnetunamortizedgainlossarisingduringperiodtax": 54000,
        "othercomprehensiveincomedefinedbenefitplansnetunamortizedgainlossarisingduringperiodnetoftax": 11000,
        "othercomprehensiveincomelossreclassificationadjustmentfromaocipensionandotherpostretirementbenefitplansfornetgainlossbeforetax": -2540000,
        "othercomprehensiveincomelossreclassificationadjustmentfromaocipensionandotherpostretirementbenefitplansfornetgainlosstax": -611000,
        "othercomprehensiveincomelossreclassificationadjustmentfromaocipensionandotherpostretirementbenefitplansfornetgainlossnetoftax": -1929000,
        "othercomprehensiveincomelosscashflowhedgegainlossbeforereclassificationandtax": 1779000,
        "othercomprehensiveincomelosscashflowhedgegainlossbeforereclassificationtax": -599000,
        "othercomprehensiveincomelosscashflowhedgegainlossbeforereclassificationaftertax": 2378000,
        "othercomprehensiveincomelosscashflowhedgegainlossreclassificationbeforetax": -560000,
        "othercomprehensiveincomelosscashflowhedgegainlossreclassificationtax": -1154000,
        "othercomprehensiveincomelosscashflowhedgegainlossreclassificationaftertax": 594000,
        "othercomprehensiveincomelossbeforetax": 713000,
        "othercomprehensiveincomelosstax": 1220000,
        "othercomprehensiveincomelossnetoftax": -507000,
        "comprehensiveincomenetoftax": 445794000
    },
    {
        "date": "2024-06-29",
        "symbol": "HSY",
        "period": "Q2",
        "revenuefromcontractwithcustomerexcludingassessedtax": 2074480000,
        "costofgoodsandservicessold": 1240735000,
        "grossprofit": 833745000,
        "sellinggeneralandadministrativeexpense": 540987000,
        "restructuringchargesbusinessrealignment": 4937000,
        "operatingincomeloss": 287821000,
        "interestincomeexpensenonoperatingnet": -41373000,
        "othernonoperatingincomeexpense": -574000,
        "incomelossfromcontinuingoperationsbeforeincometaxesextraordinaryitemsnoncontrollinginterest": 245874000,
        "incometaxexpensebenefit": 64980000,
        "netincomeloss": 180894000,
        "earningspersharebasic": 0.92,
        "earningspersharediluted": 0.89,
        "commonstockdividendspersharecashpaid": 1.37,
        "othercomprehensiveincomelossforeigncurrencytransactionandtranslationadjustmentbeforetax": -26844000,
        "othercomprehensiveincomelossforeigncurrencytransactionandtranslationadjustmentnetoftax": -26844000,
        "othercomprehensiveincomelosspensionandotherpostretirementbenefitplansnetunamortizedgainlossarisingduringperiodbeforetax": 286000,
        "othercomprehensiveincomedefinedbenefitplansnetunamortizedgainlossarisingduringperiodtax": 15000,
        "othercomprehensiveincomedefinedbenefitplansnetunamortizedgainlossarisingduringperiodnetoftax": 271000,
        "othercomprehensiveincomelossreclassificationadjustmentfromaocipensionandotherpostretirementbenefitplansfornetgainlossbeforetax": -2537000,
        "othercomprehensiveincomelossreclassificationadjustmentfromaocipensionandotherpostretirementbenefitplansfornetgainlosstax": -609000,
        "othercomprehensiveincomelossreclassificationadjustmentfromaocipensionandotherpostretirementbenefitplansfornetgainlossnetoftax": -1928000,
        "othercomprehensiveincomelosscashflowhedgegainlossbeforereclassificationandtax": 2522000,
        "othercomprehensiveincomelosscashflowhedgegainlossbeforereclassificationtax": 238000,
        "othercomprehensiveincomelosscashflowhedgegainlossbeforereclassificationaftertax": 2284000,
        "othercomprehensiveincomelosscashflowhedgegainlossreclassificationbeforetax": -1796000,
        "othercomprehensiveincomelosscashflowhedgegainlossreclassificationtax": -213000,
        "othercomprehensiveincomelosscashflowhedgegainlossreclassificationaftertax": -1583000,
        "othercomprehensiveincomelossbeforetax": -19703000,
        "othercomprehensiveincomelosstax": 1075000,
        "othercomprehensiveincomelossnetoftax": -20778000,
        "comprehensiveincomenetoftax": 160116000
    },
    {
        "date": "2024-03-30",
        "symbol": "HSY",
        "period": "Q1",
        "revenuefromcontractwithcustomerexcludingassessedtax": 3252749000,
        "costofgoodsandservicessold": 1576668000,
        "grossprofit": 1676081000,
        "sellinggeneralandadministrativeexpense": 617981000,
        "operatingincomeloss": 1058100000,
        "interestincomeexpensenonoperatingnet": -39822000,
        "othernonoperatingincomeexpense": -32020000,
        "incomelossfromcontinuingoperationsbeforeincometaxesextraordinaryitemsnoncontrollinginterest": 986258000,
        "incometaxexpensebenefit": 188805000,
        "netincomeloss": 797453000,
        "earningspersharebasic": 4,
        "earningspersharediluted": 3.89,
        "commonstockdividendspersharecashpaid": 1.37,
        "othercomprehensiveincomelossforeigncurrencytransactionandtranslationadjustmentbeforetax": -4998000,
        "othercomprehensiveincomelossforeigncurrencytransactionandtranslationadjustmentnetoftax": -4998000,
        "othercomprehensiveincomelosspensionandotherpostretirementbenefitplansnetunamortizedgainlossarisingduringperiodbeforetax": -48000,
        "othercomprehensiveincomedefinedbenefitplansnetunamortizedgainlossarisingduringperiodtax": -7000,
        "othercomprehensiveincomedefinedbenefitplansnetunamortizedgainlossarisingduringperiodnetoftax": -41000,
        "othercomprehensiveincomelossreclassificationadjustmentfromaocipensionandotherpostretirementbenefitplansfornetgainlossbeforetax": -2541000,
        "othercomprehensiveincomelossreclassificationadjustmentfromaocipensionandotherpostretirementbenefitplansfornetgainlosstax": -609000,
        "othercomprehensiveincomelossreclassificationadjustmentfromaocipensionandotherpostretirementbenefitplansfornetgainlossnetoftax": -1932000,
        "othercomprehensiveincomelosscashflowhedgegainlossbeforereclassificationandtax": 1335000,
        "othercomprehensiveincomelosscashflowhedgegainlossbeforereclassificationtax": 84000,
        "othercomprehensiveincomelosscashflowhedgegainlossbeforereclassificationaftertax": 1251000,
        "othercomprehensiveincomelosscashflowhedgegainlossreclassificationbeforetax": -1854000,
        "othercomprehensiveincomelosscashflowhedgegainlossreclassificationtax": -755000,
        "othercomprehensiveincomelosscashflowhedgegainlossreclassificationaftertax": -1099000,
        "othercomprehensiveincomelossbeforetax": 684000,
        "othercomprehensiveincomelosstax": 1441000,
        "othercomprehensiveincomelossnetoftax": -757000,
        "comprehensiveincomenetoftax": 796696000
    },
    {
        "date": "2023-12-30",
        "symbol": "HSY",
        "period": "Q4",
        "revenuefromcontractwithcustomerexcludingassessedtax": 2657111000,
        "costofgoodsandservicessold": 1533969000,
        "grossprofit": 1123142000,
        "sellinggeneralandadministrativeexpense": 658813000,
        "operatingincomeloss": 464329000,
        "interestincomeexpensenonoperatingnet": -37684000,
        "othernonoperatingincomeexpense": -106970000,
        "incomelossfromcontinuingoperationsbeforeincometaxesextraordinaryitemsnoncontrollinginterest": 319675000,
        "incometaxexpensebenefit": -29367000,
        "netincomeloss": 349042000,
        "earningspersharebasic": 1.7500000000000009,
        "earningspersharediluted": 1.7000000000000002,
        "commonstockdividendspersharecashpaid": 1.1920000000000004,
        "othercomprehensiveincomelossforeigncurrencytransactionandtranslationadjustmentbeforetax": 13784000,
        "othercomprehensiveincomelossforeigncurrencytransactionandtranslationadjustmentnetoftax": 13784000,
        "othercomprehensiveincomelosspensionandotherpostretirementbenefitplansnetunamortizedgainlossarisingduringperiodbeforetax": -5269000,
        "othercomprehensiveincomedefinedbenefitplansnetunamortizedgainlossarisingduringperiodtax": -952000,
        "othercomprehensiveincomedefinedbenefitplansnetunamortizedgainlossarisingduringperiodnetoftax": -4317000,
        "othercomprehensiveincomelossreclassificationadjustmentfromaocipensionandotherpostretirementbenefitplansfornetgainlossbeforetax": -12550000,
        "othercomprehensiveincomelossreclassificationadjustmentfromaocipensionandotherpostretirementbenefitplansfornetgainlosstax": -3040000,
        "othercomprehensiveincomelossreclassificationadjustmentfromaocipensionandotherpostretirementbenefitplansfornetgainlossnetoftax": -9510000,
        "othercomprehensiveincomelosscashflowhedgegainlossbeforereclassificationandtax": 1492000,
        "othercomprehensiveincomelosscashflowhedgegainlossbeforereclassificationtax": -3066000,
        "othercomprehensiveincomelosscashflowhedgegainlossbeforereclassificationaftertax": 4558000,
        "othercomprehensiveincomelosscashflowhedgegainlossreclassificationbeforetax": 2585000,
        "othercomprehensiveincomelosscashflowhedgegainlossreclassificationtax": -381000,
        "othercomprehensiveincomelosscashflowhedgegainlossreclassificationaftertax": 2966000,
        "othercomprehensiveincomelossbeforetax": 19972000,
        "othercomprehensiveincomelosstax": -597000,
        "othercomprehensiveincomelossnetoftax": 20569000,
        "comprehensiveincomenetoftax": 369611000
    },
    {
        "date": "2023-09-30",
        "symbol": "HSY",
        "period": "Q3",
        "revenuefromcontractwithcustomerexcludingassessedtax": 7806349000,
        "costofgoodsandservicessold": 1669734000,
        "grossprofit": 1360253000,
        "sellinggeneralandadministrativeexpense": 624304000,
        "restructuringchargesbusinessrealignment": 0,
        "operatingincomeloss": 364915000,
        "interestincomeexpensenonoperatingnet": -39755000,
        "othernonoperatingincomeexpense": -42781000,
        "incomelossfromcontinuingoperationsbeforeincometaxesextraordinaryitemsnoncontrollinginterest": 653413000,
        "incometaxexpensebenefit": 134836000,
        "netincomeloss": 518577000,
        "earningspersharebasic": 3.01,
        "earningspersharediluted": 2.8200000000000003,
        "commonstockdividendspersharecashpaid": 1.3800000000000001,
        "othercomprehensiveincomelossforeigncurrencytransactionandtranslationadjustmentbeforetax": -12460000,
        "othercomprehensiveincomelossforeigncurrencytransactionandtranslationadjustmentnetoftax": -12460000,
        "othercomprehensiveincomelosspensionandotherpostretirementbenefitplansnetunamortizedgainlossarisingduringperiodbeforetax": -35109000,
        "othercomprehensiveincomedefinedbenefitplansnetunamortizedgainlossarisingduringperiodtax": -8417000,
        "othercomprehensiveincomedefinedbenefitplansnetunamortizedgainlossarisingduringperiodnetoftax": -26692000,
        "othercomprehensiveincomelossreclassificationadjustmentfromaocipensionandotherpostretirementbenefitplansfornetgainlossbeforetax": -5174000,
        "othercomprehensiveincomelossreclassificationadjustmentfromaocipensionandotherpostretirementbenefitplansfornetgainlosstax": -1242000,
        "othercomprehensiveincomelossreclassificationadjustmentfromaocipensionandotherpostretirementbenefitplansfornetgainlossnetoftax": -3932000,
        "othercomprehensiveincomelosscashflowhedgegainlossbeforereclassificationandtax": 2944000,
        "othercomprehensiveincomelosscashflowhedgegainlossbeforereclassificationtax": 1366000,
        "othercomprehensiveincomelosscashflowhedgegainlossbeforereclassificationaftertax": 1578000,
        "othercomprehensiveincomelosscashflowhedgegainlossreclassificationbeforetax": -4198000,
        "othercomprehensiveincomelosscashflowhedgegainlossreclassificationtax": -162000,
        "othercomprehensiveincomelosscashflowhedgegainlossreclassificationaftertax": -4036000,
        "othercomprehensiveincomelossbeforetax": -35253000,
        "othercomprehensiveincomelosstax": -5647000,
        "othercomprehensiveincomelossnetoftax": -29606000,
        "comprehensiveincomenetoftax": 488971000
    },
    {
        "date": "2023-07-01",
        "symbol": "HSY",
        "period": "Q2",
        "revenuefromcontractwithcustomerexcludingassessedtax": 331841000,
        "costofgoodsandservicessold": 1358181000,
        "grossprofit": 1132099000,
        "sellinggeneralandadministrativeexpense": 571804000,
        "restructuringchargesbusinessrealignment": -370000,
        "operatingincomeloss": 742032000,
        "interestincomeexpensenonoperatingnet": -36661000,
        "othernonoperatingincomeexpense": -84484000,
        "incomelossfromcontinuingoperationsbeforeincometaxesextraordinaryitemsnoncontrollinginterest": 439520000,
        "incometaxexpensebenefit": 32537000,
        "netincomeloss": 406983000,
        "earningspersharebasic": 1.88,
        "earningspersharediluted": 1.88,
        "commonstockdividendspersharecashpaid": 0.942,
        "othercomprehensiveincomelossforeigncurrencytransactionandtranslationadjustmentbeforetax": 12395000,
        "othercomprehensiveincomelossforeigncurrencytransactionandtranslationadjustmentnetoftax": 12395000,
        "othercomprehensiveincomelosspensionandotherpostretirementbenefitplansnetunamortizedgainlossarisingduringperiodbeforetax": 905000,
        "othercomprehensiveincomedefinedbenefitplansnetunamortizedgainlossarisingduringperiodtax": 180000,
        "othercomprehensiveincomedefinedbenefitplansnetunamortizedgainlossarisingduringperiodnetoftax": 725000,
        "othercomprehensiveincomelossreclassificationadjustmentfromaocipensionandotherpostretirementbenefitplansfornetgainlossbeforetax": -7661000,
        "othercomprehensiveincomelossreclassificationadjustmentfromaocipensionandotherpostretirementbenefitplansfornetgainlosstax": -1839000,
        "othercomprehensiveincomelossreclassificationadjustmentfromaocipensionandotherpostretirementbenefitplansfornetgainlossnetoftax": -5822000,
        "othercomprehensiveincomelosscashflowhedgegainlossbeforereclassificationandtax": -4930000,
        "othercomprehensiveincomelosscashflowhedgegainlossbeforereclassificationtax": 2271000,
        "othercomprehensiveincomelosscashflowhedgegainlossbeforereclassificationaftertax": -7201000,
        "othercomprehensiveincomelosscashflowhedgegainlossreclassificationbeforetax": -7246000,
        "othercomprehensiveincomelosscashflowhedgegainlossreclassificationtax": -2021000,
        "othercomprehensiveincomelosscashflowhedgegainlossreclassificationaftertax": -5225000,
        "othercomprehensiveincomelossbeforetax": 23277000,
        "othercomprehensiveincomelosstax": 6311000,
        "othercomprehensiveincomelossnetoftax": 16966000,
        "comprehensiveincomenetoftax": 423949000
    },
    {
        "date": "2023-04-01",
        "symbol": "HSY",
        "period": "Q1",
        "revenuefromcontractwithcustomerexcludingassessedtax": 369691000,
        "costofgoodsandservicessold": 1605292000,
        "grossprofit": 1382322000,
        "sellinggeneralandadministrativeexpense": 581587000,
        "restructuringchargesbusinessrealignment": 811000,
        "operatingincomeloss": 989591000,
        "interestincomeexpensenonoperatingnet": -37685000,
        "othernonoperatingincomeexpense": -2983000,
        "incomelossfromcontinuingoperationsbeforeincometaxesextraordinaryitemsnoncontrollinginterest": 759256000,
        "incometaxexpensebenefit": 172071000,
        "netincomeloss": 587185000,
        "earningspersharebasic": 2.67,
        "earningspersharediluted": 2.66,
        "commonstockdividendspersharecashpaid": 0.942,
        "othercomprehensiveincomelossforeigncurrencytransactionandtranslationadjustmentbeforetax": 8940000,
        "othercomprehensiveincomelossforeigncurrencytransactionandtranslationadjustmentnetoftax": 8940000,
        "othercomprehensiveincomelosspensionandotherpostretirementbenefitplansnetunamortizedgainlossarisingduringperiodbeforetax": 19000,
        "othercomprehensiveincomedefinedbenefitplansnetunamortizedgainlossarisingduringperiodtax": -2000,
        "othercomprehensiveincomedefinedbenefitplansnetunamortizedgainlossarisingduringperiodnetoftax": 21000,
        "othercomprehensiveincomelossreclassificationadjustmentfromaocipensionandotherpostretirementbenefitplansfornetgainlossbeforetax": -3227000,
        "othercomprehensiveincomelossreclassificationadjustmentfromaocipensionandotherpostretirementbenefitplansfornetgainlosstax": -774000,
        "othercomprehensiveincomelossreclassificationadjustmentfromaocipensionandotherpostretirementbenefitplansfornetgainlossnetoftax": -2453000,
        "othercomprehensiveincomelosscashflowhedgegainlossbeforereclassificationandtax": 1448000,
        "othercomprehensiveincomelosscashflowhedgegainlossbeforereclassificationtax": -541000,
        "othercomprehensiveincomelosscashflowhedgegainlossbeforereclassificationaftertax": 1989000,
        "othercomprehensiveincomelosscashflowhedgegainlossreclassificationbeforetax": -2007000,
        "othercomprehensiveincomelosscashflowhedgegainlossreclassificationtax": -1084000,
        "othercomprehensiveincomelosscashflowhedgegainlossreclassificationaftertax": -923000,
        "othercomprehensiveincomelossbeforetax": 15641000,
        "othercomprehensiveincomelosstax": 1315000,
        "othercomprehensiveincomelossnetoftax": 14326000,
        "comprehensiveincomenetoftax": 601511000
    },
    {
        "date": "2022-12-30",
        "symbol": "HSY",
        "period": "Q4",
        "revenuefromcontractwithcustomerexcludingassessedtax": 324455000,
        "costofgoodsandservicessold": 1507532000,
        "grossprofit": 1144806000,
        "sellinggeneralandadministrativeexpense": 616445000,
        "operatingincomeloss": 760056000,
        "interestincomeexpensenonoperatingnet": -35587000,
        "othernonoperatingincomeexpense": -127937000,
        "incomelossfromcontinuingoperationsbeforeincometaxesextraordinaryitemsnoncontrollinginterest": 363122000,
        "incometaxexpensebenefit": -33174000,
        "profitloss": 396296000,
        "netincomeloss": 396296000,
        "earningspersharebasic": 1.799999999999999,
        "earningspersharediluted": 1.7999999999999998,
        "commonstockdividendspersharecashpaid": 0.9419999999999997,
        "othercomprehensiveincomelossforeigncurrencytransactionandtranslationadjustmentbeforetax": 5511000,
        "othercomprehensiveincomelossforeigncurrencytransactionandtranslationadjustmentnetoftax": 5511000,
        "othercomprehensiveincomelosspensionandotherpostretirementbenefitplansnetunamortizedgainlossarisingduringperiodbeforetax": 33750000,
        "othercomprehensiveincomedefinedbenefitplansnetunamortizedgainlossarisingduringperiodtax": 6414000,
        "othercomprehensiveincomedefinedbenefitplansnetunamortizedgainlossarisingduringperiodnetoftax": 27336000,
        "othercomprehensiveincomelossreclassificationadjustmentfromaocipensionandotherpostretirementbenefitplansfornetgainlossbeforetax": -10664000,
        "othercomprehensiveincomelossreclassificationadjustmentfromaocipensionandotherpostretirementbenefitplansfornetgainlosstax": -2509000,
        "othercomprehensiveincomelossreclassificationadjustmentfromaocipensionandotherpostretirementbenefitplansfornetgainlossnetoftax": -8155000,
        "othercomprehensiveincomelosscashflowhedgegainlossbeforereclassificationandtax": 1811000,
        "othercomprehensiveincomelosscashflowhedgegainlossbeforereclassificationtax": -1269000,
        "othercomprehensiveincomelosscashflowhedgegainlossbeforereclassificationaftertax": 3080000,
        "othercomprehensiveincomelosscashflowhedgegainlossreclassificationbeforetax": -1057000,
        "othercomprehensiveincomelosscashflowhedgegainlossreclassificationtax": -1422000,
        "othercomprehensiveincomelosscashflowhedgegainlossreclassificationaftertax": 365000,
        "othercomprehensiveincomelossbeforetax": 52793000,
        "othercomprehensiveincomelosstax": 9076000,
        "othercomprehensiveincomelossnetoftax": 43717000,
        "comprehensiveincomenetoftaxincludingportionattributabletononcontrollinginterest": 440013000,
        "comprehensiveincomenetoftax": 440013000
    },
    {
        "date": "2022-10-01",
        "symbol": "HSY",
        "period": "Q3",
        "revenuefromcontractwithcustomerexcludingassessedtax": 335563000,
        "costofgoodsandservicessold": 1619653000,
        "grossprofit": 1108500000,
        "sellinggeneralandadministrativeexpense": 551880000,
        "operatingincomeloss": 786710000,
        "interestincomeexpensenonoperatingnet": -35378000,
        "othernonoperatingincomeexpense": -48157000,
        "incomelossfromcontinuingoperationsbeforeincometaxesextraordinaryitemsnoncontrollinginterest": 473085000,
        "incometaxexpensebenefit": 73598000,
        "profitloss": 399487000,
        "netincomeloss": 399487000,
        "earningspersharebasic": 1.8200000000000003,
        "earningspersharediluted": 1.8100000000000005,
        "commonstockdividendspersharecashpaid": 0.9420000000000002,
        "othercomprehensiveincomelossforeigncurrencytransactionandtranslationadjustmentbeforetax": -13511000,
        "othercomprehensiveincomelossforeigncurrencytransactionandtranslationadjustmentnetoftax": -13511000,
        "othercomprehensiveincomelosspensionandotherpostretirementbenefitplansnetunamortizedgainlossarisingduringperiodbeforetax": -27909000,
        "othercomprehensiveincomedefinedbenefitplansnetunamortizedgainlossarisingduringperiodtax": -6704000,
        "othercomprehensiveincomedefinedbenefitplansnetunamortizedgainlossarisingduringperiodnetoftax": -21205000,
        "othercomprehensiveincomelossreclassificationadjustmentfromaocipensionandotherpostretirementbenefitplansfornetgainlossbeforetax": -6904000,
        "othercomprehensiveincomelossreclassificationadjustmentfromaocipensionandotherpostretirementbenefitplansfornetgainlosstax": -1657000,
        "othercomprehensiveincomelossreclassificationadjustmentfromaocipensionandotherpostretirementbenefitplansfornetgainlossnetoftax": -5247000,
        "othercomprehensiveincomelosscashflowhedgegainlossbeforereclassificationandtax": 891000,
        "othercomprehensiveincomelosscashflowhedgegainlossbeforereclassificationtax": 706000,
        "othercomprehensiveincomelosscashflowhedgegainlossbeforereclassificationaftertax": 185000,
        "othercomprehensiveincomelosscashflowhedgegainlossreclassificationbeforetax": -2258000,
        "othercomprehensiveincomelosscashflowhedgegainlossreclassificationtax": -643000,
        "othercomprehensiveincomelosscashflowhedgegainlossreclassificationaftertax": -1615000,
        "othercomprehensiveincomelossbeforetax": -31367000,
        "othercomprehensiveincomelosstax": -3698000,
        "othercomprehensiveincomelossnetoftax": -27669000,
        "comprehensiveincomenetoftaxincludingportionattributabletononcontrollinginterest": 371818000,
        "comprehensiveincomenetoftax": 371818000
    },
    {
        "date": "2022-07-02",
        "symbol": "HSY",
        "period": "Q2",
        "revenuefromcontractwithcustomerexcludingassessedtax": 312535000,
        "costofgoodsandservicessold": 1372583000,
        "grossprofit": 999999000,
        "sellinggeneralandadministrativeexpense": 543468000,
        "restructuringchargesbusinessrealignment": 0,
        "operatingincomeloss": 686997000,
        "interestincomeexpensenonoperatingnet": -33413000,
        "othernonoperatingincomeexpense": -19658000,
        "incomelossfromcontinuingoperationsbeforeincometaxesextraordinaryitemsnoncontrollinginterest": 403460000,
        "incometaxexpensebenefit": 87904000,
        "profitloss": 315556000,
        "netincomeloss": 315556000,
        "earningspersharebasic": 1.4300000000000002,
        "earningspersharediluted": 1.4299999999999997,
        "commonstockdividendspersharecashpaid": 0.819,
        "othercomprehensiveincomelossforeigncurrencytransactionandtranslationadjustmentbeforetax": -16759000,
        "othercomprehensiveincomelossforeigncurrencytransactionandtranslationadjustmentnetoftax": -16759000,
        "othercomprehensiveincomelosspensionandotherpostretirementbenefitplansnetunamortizedgainlossarisingduringperiodbeforetax": -32337000,
        "othercomprehensiveincomedefinedbenefitplansnetunamortizedgainlossarisingduringperiodtax": -7759000,
        "othercomprehensiveincomedefinedbenefitplansnetunamortizedgainlossarisingduringperiodnetoftax": -24578000,
        "othercomprehensiveincomelossreclassificationadjustmentfromaocipensionandotherpostretirementbenefitplansfornetgainlossbeforetax": -9481000,
        "othercomprehensiveincomelossreclassificationadjustmentfromaocipensionandotherpostretirementbenefitplansfornetgainlosstax": -2276000,
        "othercomprehensiveincomelossreclassificationadjustmentfromaocipensionandotherpostretirementbenefitplansfornetgainlossnetoftax": -7205000,
        "othercomprehensiveincomelosscashflowhedgegainlossbeforereclassificationandtax": 5278000,
        "othercomprehensiveincomelosscashflowhedgegainlossbeforereclassificationtax": 1511000,
        "othercomprehensiveincomelosscashflowhedgegainlossbeforereclassificationaftertax": 3767000,
        "othercomprehensiveincomelosscashflowhedgegainlossreclassificationbeforetax": -4289000,
        "othercomprehensiveincomelosscashflowhedgegainlossreclassificationtax": -296000,
        "othercomprehensiveincomelosscashflowhedgegainlossreclassificationaftertax": -3993000,
        "othercomprehensiveincomelossbeforetax": -30048000,
        "othercomprehensiveincomelosstax": -3676000,
        "othercomprehensiveincomelossnetoftax": -26372000,
        "comprehensiveincomenetoftaxincludingportionattributabletononcontrollinginterest": 289184000,
        "comprehensiveincomenetoftax": 289184000
    },
    {
        "date": "2022-04-02",
        "symbol": "HSY",
        "period": "Q1",
        "revenuefromcontractwithcustomerexcludingassessedtax": 325575000,
        "costofgoodsandservicessold": 1420741000,
        "grossprofit": 1245480000,
        "sellinggeneralandadministrativeexpense": 524216000,
        "restructuringchargesbusinessrealignment": 274000,
        "operatingincomeloss": 845165000,
        "interestincomeexpensenonoperatingnet": -33179000,
        "othernonoperatingincomeexpense": -10407000,
        "incomelossfromcontinuingoperationsbeforeincometaxesextraordinaryitemsnoncontrollinginterest": 677404000,
        "incometaxexpensebenefit": 143926000,
        "profitloss": 533478000,
        "netincomeloss": 533478000,
        "earningspersharebasic": 2.42,
        "earningspersharediluted": 2.41,
        "commonstockdividendspersharecashpaid": 0.819,
        "othercomprehensiveincomelossforeigncurrencytransactionandtranslationadjustmentbeforetax": 14419000,
        "othercomprehensiveincomelossforeigncurrencytransactionandtranslationadjustmentnetoftax": 14419000,
        "othercomprehensiveincomelosspensionandotherpostretirementbenefitplansnetunamortizedgainlossarisingduringperiodbeforetax": -6474000,
        "othercomprehensiveincomedefinedbenefitplansnetunamortizedgainlossarisingduringperiodtax": 568000,
        "othercomprehensiveincomedefinedbenefitplansnetunamortizedgainlossarisingduringperiodnetoftax": -7042000,
        "othercomprehensiveincomelossreclassificationadjustmentfromaocipensionandotherpostretirementbenefitplansfornetgainlossbeforetax": -3960000,
        "othercomprehensiveincomelossreclassificationadjustmentfromaocipensionandotherpostretirementbenefitplansfornetgainlosstax": -950000,
        "othercomprehensiveincomelossreclassificationadjustmentfromaocipensionandotherpostretirementbenefitplansfornetgainlossnetoftax": -3010000,
        "othercomprehensiveincomelosscashflowhedgegainlossbeforereclassificationandtax": -5924000,
        "othercomprehensiveincomelosscashflowhedgegainlossbeforereclassificationtax": -874000,
        "othercomprehensiveincomelosscashflowhedgegainlossbeforereclassificationaftertax": -5050000,
        "othercomprehensiveincomelosscashflowhedgegainlossreclassificationbeforetax": -2596000,
        "othercomprehensiveincomelosscashflowhedgegainlossreclassificationtax": -727000,
        "othercomprehensiveincomelosscashflowhedgegainlossreclassificationaftertax": -1869000,
        "othercomprehensiveincomelossbeforetax": 8577000,
        "othercomprehensiveincomelosstax": 1371000,
        "othercomprehensiveincomelossnetoftax": 7206000,
        "comprehensiveincomenetoftaxincludingportionattributabletononcontrollinginterest": 540684000,
        "comprehensiveincomenetoftax": 540684000
    },
    {
        "date": "2021-12-30",
        "symbol": "HSY",
        "period": "Q4",
        "revenuefromcontractwithcustomerexcludingassessedtax": 702263000,
        "costofgoodsandservicessold": 1313261000,
        "grossprofit": 1012867000,
        "sellinggeneralandadministrativeexpense": 552918000,
        "restructuringchargesbusinessrealignment": 777000,
        "operatingincomeloss": 642544000,
        "interestincomeexpensenonoperatingnet": -29762000,
        "othernonoperatingincomeexpense": -86469000,
        "incomelossfromcontinuingoperationsbeforeincometaxesextraordinaryitemsnoncontrollinginterest": 342941000,
        "incometaxexpensebenefit": 3150000,
        "profitloss": 4235000,
        "netincomeloss": 335556000,
        "earningspersharebasic": 1.5199999999999998,
        "earningspersharediluted": 1.5200000000000005,
        "commonstockdividendspersharecashpaid": 0.8189999999999998,
        "othercomprehensiveincomelossforeigncurrencytransactionandtranslationadjustmentbeforetax": -4123000,
        "othercomprehensiveincomelossforeigncurrencytransactionandtranslationadjustmentnetoftax": -4123000,
        "othercomprehensiveincomelosspensionandotherpostretirementbenefitplansnetunamortizedgainlossarisingduringperiodbeforetax": 55816000,
        "othercomprehensiveincomedefinedbenefitplansnetunamortizedgainlossarisingduringperiodtax": 11094000,
        "othercomprehensiveincomedefinedbenefitplansnetunamortizedgainlossarisingduringperiodnetoftax": 44722000,
        "othercomprehensiveincomelossreclassificationadjustmentfromaocipensionandotherpostretirementbenefitplansfornetgainlossbeforetax": -7846000,
        "othercomprehensiveincomelossreclassificationadjustmentfromaocipensionandotherpostretirementbenefitplansfornetgainlosstax": -3328000,
        "othercomprehensiveincomelossreclassificationadjustmentfromaocipensionandotherpostretirementbenefitplansfornetgainlossnetoftax": -4518000,
        "othercomprehensiveincomelosscashflowhedgegainlossbeforereclassificationandtax": 649000,
        "othercomprehensiveincomelosscashflowhedgegainlossbeforereclassificationtax": 677000,
        "othercomprehensiveincomelosscashflowhedgegainlossbeforereclassificationaftertax": -28000,
        "othercomprehensiveincomelosscashflowhedgegainlossreclassificationbeforetax": -4590000,
        "othercomprehensiveincomelosscashflowhedgegainlossreclassificationtax": -533000,
        "othercomprehensiveincomelosscashflowhedgegainlossreclassificationaftertax": -4057000,
        "othercomprehensiveincomelossbeforetax": 64817000,
        "othercomprehensiveincomelosstax": 15632000,
        "othercomprehensiveincomelossnetoftax": 49185000,
        "comprehensiveincomenetoftaxincludingportionattributabletononcontrollinginterest": 388976000,
        "comprehensiveincomenetoftaxattributabletononcontrollinginterest": 4235000,
        "comprehensiveincomenetoftax": 384741000
    },
    {
        "date": "2021-10-02",
        "symbol": "HSY",
        "period": "Q3",
        "revenuefromcontractwithcustomerexcludingassessedtax": 169616000,
        "costofgoodsandservicessold": 3609478000,
        "grossprofit": 3035731000,
        "sellinggeneralandadministrativeexpense": 486139000,
        "restructuringchargesbusinessrealignment": 365000,
        "operatingincomeloss": 1312876000,
        "interestincomeexpensenonoperatingnet": -30154000,
        "othernonoperatingincomeexpense": -23004000,
        "incomelossfromcontinuingoperationsbeforeincometaxesextraordinaryitemsnoncontrollinginterest": 521673000,
        "incometaxexpensebenefit": 76746000,
        "profitloss": -697029000,
        "netincomeloss": 444927000,
        "earningspersharebasic": 2.0199999999999996,
        "earningspersharediluted": 2.01,
        "commonstockdividendspersharecashpaid": 0.8190000000000003,
        "othercomprehensiveincomelossforeigncurrencytransactionandtranslationadjustmentbeforetax": -11571000,
        "othercomprehensiveincomelossforeigncurrencytransactionandtranslationadjustmentnetoftax": -11571000,
        "othercomprehensiveincomelosspensionandotherpostretirementbenefitplansnetunamortizedgainlossarisingduringperiodbeforetax": -8793000,
        "othercomprehensiveincomedefinedbenefitplansnetunamortizedgainlossarisingduringperiodtax": -2093000,
        "othercomprehensiveincomedefinedbenefitplansnetunamortizedgainlossarisingduringperiodnetoftax": -6700000,
        "othercomprehensiveincomelossreclassificationadjustmentfromaocipensionandotherpostretirementbenefitplansfornetgainlossbeforetax": -8457000,
        "othercomprehensiveincomelossreclassificationadjustmentfromaocipensionandotherpostretirementbenefitplansfornetgainlosstax": -671000,
        "othercomprehensiveincomelossreclassificationadjustmentfromaocipensionandotherpostretirementbenefitplansfornetgainlossnetoftax": -7786000,
        "othercomprehensiveincomelosscashflowhedgegainlossbeforereclassificationandtax": 5779000,
        "othercomprehensiveincomelosscashflowhedgegainlossbeforereclassificationtax": 2153000,
        "othercomprehensiveincomelosscashflowhedgegainlossbeforereclassificationaftertax": 3626000,
        "othercomprehensiveincomelosscashflowhedgegainlossreclassificationbeforetax": -4709000,
        "othercomprehensiveincomelosscashflowhedgegainlossreclassificationtax": -119000,
        "othercomprehensiveincomelosscashflowhedgegainlossreclassificationaftertax": -4590000,
        "othercomprehensiveincomelossbeforetax": -1419000,
        "othercomprehensiveincomelosstax": 850000,
        "othercomprehensiveincomelossnetoftax": -2269000,
        "comprehensiveincomenetoftaxincludingportionattributabletononcontrollinginterest": 442658000,
        "comprehensiveincomenetoftaxattributabletononcontrollinginterest": -5000,
        "comprehensiveincomenetoftax": 442663000
    },
    {
        "date": "2021-07-03",
        "symbol": "HSY",
        "period": "Q2",
        "revenuefromcontractwithcustomerexcludingassessedtax": 1989422000,
        "costofgoodsandservicessold": 1063977000,
        "grossprofit": 925445000,
        "sellinggeneralandadministrativeexpense": 467629000,
        "restructuringchargesbusinessrealignment": 1141000,
        "operatingincomeloss": 456675000,
        "interestincomeexpensenonoperatingnet": -31065000,
        "othernonoperatingincomeexpense": -7194000,
        "incomelossfromcontinuingoperationsbeforeincometaxesextraordinaryitemsnoncontrollinginterest": 418416000,
        "incometaxexpensebenefit": 117186000,
        "profitloss": 301230000,
        "netincomelossattributabletononcontrollinginterest": 0,
        "netincomeloss": 301230000,
        "earningspersharebasic": 1.5,
        "earningspersharediluted": 1.4500000000000002,
        "commonstockdividendspersharecashpaid": 0.804,
        "othercomprehensiveincomelossforeigncurrencytransactionandtranslationadjustmentbeforetax": 12996000,
        "othercomprehensiveincomelossforeigncurrencytransactionandtranslationadjustmentnetoftax": 12996000,
        "othercomprehensiveincomelossforeigncurrencytransactionandtranslationreclassificationadjustmenttoearningsrealizeduponsaleorliquidationbeforetax": 0,
        "othercomprehensiveincomelossforeigncurrencytransactionandtranslationreclassificationadjustmenttoearningsrealizeduponsaleorliquidationnetoftax": 0,
        "othercomprehensiveincomelosspensionandotherpostretirementbenefitplansnetunamortizedgainlossarisingduringperiodbeforetax": 18481000,
        "othercomprehensiveincomedefinedbenefitplansnetunamortizedgainlossarisingduringperiodtax": 4399000,
        "othercomprehensiveincomedefinedbenefitplansnetunamortizedgainlossarisingduringperiodnetoftax": 14082000,
        "othercomprehensiveincomelossreclassificationadjustmentfromaocipensionandotherpostretirementbenefitplansfornetgainlossbeforetax": -8936000,
        "othercomprehensiveincomelossreclassificationadjustmentfromaocipensionandotherpostretirementbenefitplansfornetgainlosstax": -2201000,
        "othercomprehensiveincomelossreclassificationadjustmentfromaocipensionandotherpostretirementbenefitplansfornetgainlossnetoftax": -6735000,
        "othercomprehensiveincomelosscashflowhedgegainlossbeforereclassificationandtax": -6344000,
        "othercomprehensiveincomelosscashflowhedgegainlossbeforereclassificationtax": 446000,
        "othercomprehensiveincomelosscashflowhedgegainlossbeforereclassificationaftertax": -6790000,
        "othercomprehensiveincomelosscashflowhedgegainlossreclassificationbeforetax": -5681000,
        "othercomprehensiveincomelosscashflowhedgegainlossreclassificationtax": 158000,
        "othercomprehensiveincomelosscashflowhedgegainlossreclassificationaftertax": -5839000,
        "othercomprehensiveincomelossbeforetax": 39750000,
        "othercomprehensiveincomelosstax": 6888000,
        "othercomprehensiveincomelossnetoftax": 32862000,
        "comprehensiveincomenetoftaxincludingportionattributabletononcontrollinginterest": 334092000,
        "comprehensiveincomenetoftaxattributabletononcontrollinginterest": -8000,
        "comprehensiveincomenetoftax": 334100000
    },
    {
        "date": "2021-04-03",
        "symbol": "HSY",
        "period": "Q1",
        "revenuefromcontractwithcustomerexcludingassessedtax": 2295948000,
        "costofgoodsandservicessold": 1246997000,
        "grossprofit": 1048951000,
        "sellinggeneralandadministrativeexpense": 494665000,
        "restructuringchargesbusinessrealignment": 1242000,
        "operatingincomeloss": 553044000,
        "interestincomeexpensenonoperatingnet": -36436000,
        "othernonoperatingincomeexpense": -2414000,
        "incomelossfromcontinuingoperationsbeforeincometaxesextraordinaryitemsnoncontrollinginterest": 514194000,
        "incometaxexpensebenefit": 117323000,
        "profitloss": 396871000,
        "netincomelossattributabletononcontrollinginterest": 1072000,
        "netincomeloss": 395799000,
        "earningspersharebasic": 1.96,
        "earningspersharediluted": 1.9,
        "commonstockdividendspersharecashpaid": 0.804,
        "othercomprehensiveincomelossforeigncurrencytransactionandtranslationadjustmentbeforetax": 1198000,
        "othercomprehensiveincomelossforeigncurrencytransactionandtranslationadjustmentnetoftax": 1198000,
        "othercomprehensiveincomelossforeigncurrencytransactionandtranslationreclassificationadjustmenttoearningsrealizeduponsaleorliquidationbeforetax": -5210000,
        "othercomprehensiveincomelossforeigncurrencytransactionandtranslationreclassificationadjustmenttoearningsrealizeduponsaleorliquidationnetoftax": -5210000,
        "othercomprehensiveincomelosspensionandotherpostretirementbenefitplansnetunamortizedgainlossarisingduringperiodbeforetax": 2224000,
        "othercomprehensiveincomedefinedbenefitplansnetunamortizedgainlossarisingduringperiodtax": 529000,
        "othercomprehensiveincomedefinedbenefitplansnetunamortizedgainlossarisingduringperiodnetoftax": 1695000,
        "othercomprehensiveincomelossreclassificationadjustmentfromaocipensionandotherpostretirementbenefitplansfornetgainlossbeforetax": -6853000,
        "othercomprehensiveincomelossreclassificationadjustmentfromaocipensionandotherpostretirementbenefitplansfornetgainlosstax": -1867000,
        "othercomprehensiveincomelossreclassificationadjustmentfromaocipensionandotherpostretirementbenefitplansfornetgainlossnetoftax": -4986000,
        "othercomprehensiveincomelosscashflowhedgegainlossbeforereclassificationandtax": -1635000,
        "othercomprehensiveincomelosscashflowhedgegainlossbeforereclassificationtax": -287000,
        "othercomprehensiveincomelosscashflowhedgegainlossbeforereclassificationaftertax": -1348000,
        "othercomprehensiveincomelosscashflowhedgegainlossreclassificationbeforetax": -3137000,
        "othercomprehensiveincomelosscashflowhedgegainlossreclassificationtax": -540000,
        "othercomprehensiveincomelosscashflowhedgegainlossreclassificationaftertax": -2597000,
        "othercomprehensiveincomelossbeforetax": 16987000,
        "othercomprehensiveincomelosstax": 2649000,
        "othercomprehensiveincomelossnetoftax": 14338000,
        "comprehensiveincomenetoftaxincludingportionattributabletononcontrollinginterest": 411209000,
        "comprehensiveincomenetoftaxattributabletononcontrollinginterest": 6334000,
        "comprehensiveincomenetoftax": 404875000
    },
    {
        "date": "2020-12-30",
        "symbol": "HSY",
        "period": "Q4",
        "revenuefromcontractwithcustomerexcludingassessedtax": 340423000,
        "costofgoodsandservicessold": 52478000,
        "grossprofit": 962071000,
        "sellinggeneralandadministrativeexpense": 537978000,
        "operatingincomeloss": -575244000,
        "interestincomeexpensenonoperatingnet": -37782000,
        "othernonoperatingincomeexpense": -103933000,
        "incomelossfromcontinuingoperationsbeforeincometaxesextraordinaryitemsnoncontrollinginterest": 263400000,
        "incometaxexpensebenefit": -27930000,
        "profitloss": 291330000,
        "netincomelossattributabletononcontrollinginterest": -57000,
        "netincomeloss": 291387000,
        "earningspersharebasic": 1.3099999999999996,
        "earningspersharediluted": 1.3200000000000003,
        "commonstockdividendspersharecashpaid": 0.7329999999999998,
        "othercomprehensiveincomelossforeigncurrencytransactionandtranslationadjustmentbeforetax": 27475000,
        "othercomprehensiveincomelossforeigncurrencytransactionandtranslationadjustmentnetoftax": 27475000,
        "othercomprehensiveincomelossreclassificationadjustmentfromaocipensionandotherpostretirementbenefitplansfornetgainlossbeforetax": -15084000,
        "othercomprehensiveincomelossreclassificationadjustmentfromaocipensionandotherpostretirementbenefitplansfornetgainlosstax": -5057000,
        "othercomprehensiveincomelossreclassificationadjustmentfromaocipensionandotherpostretirementbenefitplansfornetgainlossnetoftax": -10027000,
        "othercomprehensiveincomelosscashflowhedgegainlossbeforereclassificationandtax": -6029000,
        "othercomprehensiveincomelosscashflowhedgegainlossbeforereclassificationtax": -1706000,
        "othercomprehensiveincomelosscashflowhedgegainlossbeforereclassificationaftertax": -4323000,
        "othercomprehensiveincomelosscashflowhedgegainlossreclassificationbeforetax": -2141000,
        "othercomprehensiveincomelosscashflowhedgegainlossreclassificationtax": -648000,
        "othercomprehensiveincomelosscashflowhedgegainlossreclassificationaftertax": -1493000,
        "othercomprehensiveincomelossbeforetax": 12697000,
        "othercomprehensiveincomelosstax": -2157000,
        "othercomprehensiveincomelossnetoftax": 14854000,
        "comprehensiveincomenetoftaxincludingportionattributabletononcontrollinginterest": 306184000,
        "comprehensiveincomenetoftaxattributabletononcontrollinginterest": 572000,
        "comprehensiveincomenetoftax": 305612000
    },
    {
        "date": "2020-09-26",
        "symbol": "HSY",
        "period": "Q3",
        "revenuefromcontractwithcustomerexcludingassessedtax": 4064650000,
        "costofgoodsandservicessold": 2310500000,
        "grossprofit": 1080024000,
        "sellinggeneralandadministrativeexpense": 468614000,
        "assetimpairmentcharges": 0,
        "restructuringchargesbusinessrealignment": 0,
        "operatingincomeloss": 1591769000,
        "interestincomeexpensenonoperatingnet": -37258000,
        "othernonoperatingincomeexpense": -11644000,
        "incomelossfromcontinuingoperationsbeforeincometaxesextraordinaryitemsnoncontrollinginterest": 562508000,
        "incometaxexpensebenefit": 115250000,
        "profitloss": 447258000,
        "netincomelossattributabletononcontrollinginterest": -25000,
        "netincomeloss": 447283000,
        "earningspersharebasic": 2.33,
        "earningspersharediluted": 2.21,
        "commonstockdividendspersharecashpaid": 0.875,
        "othercomprehensiveincomelossforeigncurrencytransactionandtranslationadjustmentbeforetax": 7049000,
        "othercomprehensiveincomelossforeigncurrencytransactionandtranslationadjustmentnetoftax": 7049000,
        "othercomprehensiveincomelossreclassificationadjustmentfromaocipensionandotherpostretirementbenefitplansfornetgainlossbeforetax": -4945000,
        "othercomprehensiveincomelossreclassificationadjustmentfromaocipensionandotherpostretirementbenefitplansfornetgainlosstax": -452000,
        "othercomprehensiveincomelossreclassificationadjustmentfromaocipensionandotherpostretirementbenefitplansfornetgainlossnetoftax": -4493000,
        "othercomprehensiveincomelosscashflowhedgegainlossbeforereclassificationandtax": -807000,
        "othercomprehensiveincomelosscashflowhedgegainlossbeforereclassificationtax": -441000,
        "othercomprehensiveincomelosscashflowhedgegainlossbeforereclassificationaftertax": -366000,
        "othercomprehensiveincomelosscashflowhedgegainlossreclassificationbeforetax": -2342000,
        "othercomprehensiveincomelosscashflowhedgegainlossreclassificationtax": -577000,
        "othercomprehensiveincomelosscashflowhedgegainlossreclassificationaftertax": -1765000,
        "othercomprehensiveincomelossbeforetax": 16733000,
        "othercomprehensiveincomelosstax": 1347000,
        "othercomprehensiveincomelossnetoftax": 15386000,
        "comprehensiveincomenetoftaxincludingportionattributabletononcontrollinginterest": 462644000,
        "comprehensiveincomenetoftaxattributabletononcontrollinginterest": 475000,
        "comprehensiveincomenetoftax": 462169000
    },
    {
        "date": "2020-06-27",
        "symbol": "HSY",
        "period": "Q2",
        "revenuefromcontractwithcustomerexcludingassessedtax": 1707329000,
        "costofgoodsandservicessold": 914777000,
        "grossprofit": 792552000,
        "sellinggeneralandadministrativeexpense": 408949000,
        "assetimpairmentcharges": 1600000,
        "restructuringchargesbusinessrealignment": -1370000,
        "operatingincomeloss": 383373000,
        "interestincomeexpensenonoperatingnet": -38079000,
        "othernonoperatingincomeexpense": -11217000,
        "incomelossfromcontinuingoperationsbeforeincometaxesextraordinaryitemsnoncontrollinginterest": 334077000,
        "incometaxexpensebenefit": 66035000,
        "profitloss": 268042000,
        "netincomelossattributabletononcontrollinginterest": -859000,
        "netincomeloss": 268901000,
        "earningspersharebasic": 1.33,
        "earningspersharediluted": 1.29,
        "commonstockdividendspersharecashpaid": 0.773,
        "othercomprehensiveincomelossforeigncurrencytransactionandtranslationadjustmentbeforetax": 3052000,
        "othercomprehensiveincomelossforeigncurrencytransactionandtranslationadjustmentnetoftax": 3052000,
        "othercomprehensiveincomelosspensionandotherpostretirementbenefitplansnetunamortizedgainlossarisingduringperiodbeforetax": -16685000,
        "othercomprehensiveincomedefinedbenefitplansnetunamortizedgainlossarisingduringperiodtax": -3954000,
        "othercomprehensiveincomedefinedbenefitplansnetunamortizedgainlossarisingduringperiodnetoftax": -12731000,
        "othercomprehensiveincomelossreclassificationadjustmentfromaocipensionandotherpostretirementbenefitplansfornetgainlossbeforetax": -8542000,
        "othercomprehensiveincomelossreclassificationadjustmentfromaocipensionandotherpostretirementbenefitplansfornetgainlosstax": -2183000,
        "othercomprehensiveincomelossreclassificationadjustmentfromaocipensionandotherpostretirementbenefitplansfornetgainlossnetoftax": -6359000,
        "othercomprehensiveincomelosscashflowhedgegainlossbeforereclassificationandtax": 675000,
        "othercomprehensiveincomelosscashflowhedgegainlossbeforereclassificationtax": -838000,
        "othercomprehensiveincomelosscashflowhedgegainlossbeforereclassificationaftertax": 1513000,
        "othercomprehensiveincomelosscashflowhedgegainlossreclassificationbeforetax": -1205000,
        "othercomprehensiveincomelosscashflowhedgegainlossreclassificationtax": -817000,
        "othercomprehensiveincomelosscashflowhedgegainlossreclassificationaftertax": -388000,
        "othercomprehensiveincomelossbeforetax": -3211000,
        "othercomprehensiveincomelosstax": -1792000,
        "othercomprehensiveincomelossnetoftax": -1419000,
        "comprehensiveincomenetoftaxincludingportionattributabletononcontrollinginterest": 266623000,
        "comprehensiveincomenetoftaxattributabletononcontrollinginterest": -826000,
        "comprehensiveincomenetoftax": 267449000
    },
    {
        "date": "2020-03-28",
        "symbol": "HSY",
        "period": "Q1",
        "profitloss": 268783000,
        "othercomprehensiveincomelossforeigncurrencytransactionandtranslationadjustmentbeforetax": -51343000,
        "othercomprehensiveincomelossforeigncurrencytransactionandtranslationadjustmentnetoftax": -51343000,
        "othercomprehensiveincomelossreclassificationadjustmentfromaocipensionandotherpostretirementbenefitplansfornetgainlossbeforetax": -4755000,
        "othercomprehensiveincomelossreclassificationadjustmentfromaocipensionandotherpostretirementbenefitplansfornetgainlosstax": -548000,
        "othercomprehensiveincomelossreclassificationadjustmentfromaocipensionandotherpostretirementbenefitplansfornetgainlossnetoftax": -4207000,
        "othercomprehensiveincomelosscashflowhedgegainlossbeforereclassificationandtax": 5381000,
        "othercomprehensiveincomelosscashflowhedgegainlossbeforereclassificationtax": 1105000,
        "othercomprehensiveincomelosscashflowhedgegainlossbeforereclassificationaftertax": 4276000,
        "othercomprehensiveincomelosscashflowhedgegainlossreclassificationbeforetax": -2091000,
        "othercomprehensiveincomelosscashflowhedgegainlossreclassificationtax": -1114000,
        "othercomprehensiveincomelosscashflowhedgegainlossreclassificationaftertax": -977000,
        "othercomprehensiveincomelossbeforetax": -39116000,
        "othercomprehensiveincomelosstax": 2767000,
        "othercomprehensiveincomelossnetoftax": -41883000,
        "comprehensiveincomenetoftaxincludingportionattributabletononcontrollinginterest": 226900000,
        "comprehensiveincomenetoftaxattributabletononcontrollinginterest": -2462000,
        "comprehensiveincomenetoftax": 229362000,
        "revenuefromcontractwithcustomerexcludingassessedtax": 2037317000,
        "costofgoodsandservicessold": 1170695000,
        "grossprofit": 866622000,
        "sellinggeneralandadministrativeexpense": 475384000,
        "assetimpairmentcharges": 7543000,
        "restructuringchargesbusinessrealignment": 895000,
        "operatingincomeloss": 382800000,
        "interestincomeexpensenonoperatingnet": -36255000,
        "othernonoperatingincomeexpense": -11533000,
        "incomelossfromcontinuingoperationsbeforeincometaxesextraordinaryitemsnoncontrollinginterest": 335012000,
        "incometaxexpensebenefit": 66229000,
        "netincomelossattributabletononcontrollinginterest": -2354000,
        "netincomeloss": 271137000,
        "earningspersharebasic": 1.33,
        "earningspersharediluted": 1.29,
        "commonstockdividendspersharecashpaid": 0.773
    },
    {
        "date": "2019-12-30",
        "symbol": "HSY",
        "period": "Q4",
        "profitloss": 204418000,
        "othercomprehensiveincomelossforeigncurrencytransactionandtranslationadjustmentbeforetax": 9666000,
        "othercomprehensiveincomelossforeigncurrencytransactionandtranslationadjustmentnetoftax": 9666000,
        "othercomprehensiveincomelossreclassificationadjustmentfromaocipensionandotherpostretirementbenefitplansfornetgainlossbeforetax": -6366000,
        "othercomprehensiveincomelossreclassificationadjustmentfromaocipensionandotherpostretirementbenefitplansfornetgainlosstax": -1921000,
        "othercomprehensiveincomelossreclassificationadjustmentfromaocipensionandotherpostretirementbenefitplansfornetgainlossnetoftax": -4445000,
        "othercomprehensiveincomelossbeforetax": -1287000,
        "othercomprehensiveincomelosstax": -1574000,
        "othercomprehensiveincomelossnetoftax": 287000,
        "comprehensiveincomenetoftaxincludingportionattributabletononcontrollinginterest": 204705000,
        "comprehensiveincomenetoftaxattributabletononcontrollinginterest": -2657000,
        "comprehensiveincomenetoftax": 207362000,
        "costofgoodsandservicessold": 32229000,
        "grossprofit": 911912000,
        "sellinggeneralandadministrativeexpense": 517200000,
        "restructuringchargesbusinessrealignment": 770000,
        "operatingincomeloss": -38167000,
        "interestincomeexpensenonoperatingnet": -37435000,
        "othernonoperatingincomeexpense": -34442000,
        "incomelossfromcontinuingoperationsbeforeincometaxesextraordinaryitemsnoncontrollinginterest": 214321000,
        "incometaxexpensebenefit": 9903000,
        "netincomelossattributabletononcontrollinginterest": -2769000,
        "netincomeloss": 207187000,
        "earningspersharebasic": 0.8899999999999999,
        "earningspersharediluted": 0.9000000000000001,
        "commonstockdividendspersharecashpaid": 0.7070000000000003
    },
    {
        "date": "2019-09-28",
        "symbol": "HSY",
        "period": "Q3",
        "profitloss": 325182000,
        "othercomprehensiveincomelossforeigncurrencytransactionandtranslationadjustmentbeforetax": -7604000,
        "othercomprehensiveincomelossforeigncurrencytransactionandtranslationadjustmentnetoftax": -7604000,
        "othercomprehensiveincomelossreclassificationadjustmentfromaocipensionandotherpostretirementbenefitplansfornetgainlossbeforetax": -11537000,
        "othercomprehensiveincomelossreclassificationadjustmentfromaocipensionandotherpostretirementbenefitplansfornetgainlosstax": -2755000,
        "othercomprehensiveincomelossreclassificationadjustmentfromaocipensionandotherpostretirementbenefitplansfornetgainlossnetoftax": -8782000,
        "othercomprehensiveincomelossbeforetax": 18329000,
        "othercomprehensiveincomelosstax": 6141000,
        "othercomprehensiveincomelossnetoftax": 12188000,
        "comprehensiveincomenetoftaxincludingportionattributabletononcontrollinginterest": 337370000,
        "comprehensiveincomenetoftaxattributabletononcontrollinginterest": -532000,
        "comprehensiveincomenetoftax": 337902000,
        "costofgoodsandservicessold": 2315088000,
        "grossprofit": 943318000,
        "sellinggeneralandadministrativeexpense": 481363000,
        "restructuringchargesbusinessrealignment": 1140000,
        "operatingincomeloss": 785180000,
        "interestincomeexpensenonoperatingnet": -35456000,
        "othernonoperatingincomeexpense": -17999000,
        "incomelossfromcontinuingoperationsbeforeincometaxesextraordinaryitemsnoncontrollinginterest": 407360000,
        "incometaxexpensebenefit": 82178000,
        "netincomelossattributabletononcontrollinginterest": -125000,
        "netincomeloss": 325307000,
        "earningspersharebasic": 1.72,
        "earningspersharediluted": 1.6299999999999997,
        "commonstockdividendspersharecashpaid": 0.8390000000000001
    },
    {
        "date": "2019-06-29",
        "symbol": "HSY",
        "period": "Q2",
        "profitloss": 313271000,
        "othercomprehensiveincomelossforeigncurrencytransactionandtranslationadjustmentbeforetax": 7651000,
        "othercomprehensiveincomelossforeigncurrencytransactionandtranslationadjustmentnetoftax": 7651000,
        "othercomprehensiveincomelossreclassificationadjustmentfromaocipensionandotherpostretirementbenefitplansfornetgainlossbeforetax": -6720000,
        "othercomprehensiveincomelossreclassificationadjustmentfromaocipensionandotherpostretirementbenefitplansfornetgainlosstax": -1773000,
        "othercomprehensiveincomelossreclassificationadjustmentfromaocipensionandotherpostretirementbenefitplansfornetgainlossnetoftax": -4947000,
        "othercomprehensiveincomeunrealizedgainlossonderivativesarisingduringperiodbeforetax": -2547000,
        "othercomprehensiveincomeunrealizedgainlossonderivativesarisingduringperiodtax": -1130000,
        "othercomprehensiveincomeunrealizedgainlossonderivativesarisingduringperiodnetoftax": -1417000,
        "othercomprehensiveincomelossreclassificationadjustmentfromaocionderivativesbeforetax": -1395000,
        "othercomprehensiveincomelossreclassificationadjustmentfromaocionderivativestax": -885000,
        "othercomprehensiveincomelossreclassificationadjustmentfromaocionderivativesnetoftax": -510000,
        "othercomprehensiveincomelossbeforetax": 13219000,
        "othercomprehensiveincomelosstax": 1528000,
        "othercomprehensiveincomelossnetoftax": 11691000,
        "comprehensiveincomenetoftaxincludingportionattributabletononcontrollinginterest": 324962000,
        "comprehensiveincomenetoftaxattributabletononcontrollinginterest": 338000,
        "comprehensiveincomenetoftax": 324624000,
        "revenues": 1767217000,
        "costofgoodsandservicessold": 892473000,
        "grossprofit": 874744000,
        "sellinggeneralandadministrativeexpense": 453793000,
        "assetimpairmentcharges": 4741000,
        "restructuringchargesbusinessrealignment": 6140000,
        "operatingincomeloss": 410070000,
        "interestincomeexpensenonoperatingnet": -33776000,
        "othernonoperatingincomeexpense": -13125000,
        "incomelossfromcontinuingoperationsbeforeincometaxesextraordinaryitemsnoncontrollinginterest": 363169000,
        "incometaxexpensebenefit": 49898000,
        "netincomelossattributabletononcontrollinginterest": 431000,
        "netincomeloss": 312840000,
        "earningspersharebasic": 1.54,
        "earningspersharediluted": 1.48,
        "commonstockdividendspersharecashpaid": 0.722
    },
    {
        "date": "2019-03-30",
        "symbol": "HSY",
        "period": "Q1",
        "profitloss": 303881000,
        "othercomprehensiveincomelossforeigncurrencytransactionandtranslationadjustmentbeforetax": 3428000,
        "othercomprehensiveincomelossforeigncurrencytransactionandtranslationadjustmentnetoftax": 3428000,
        "othercomprehensiveincomelossreclassificationadjustmentfromaocipensionandotherpostretirementbenefitplansfornetgainlossbeforetax": -6718000,
        "othercomprehensiveincomelossreclassificationadjustmentfromaocipensionandotherpostretirementbenefitplansfornetgainlosstax": -1807000,
        "othercomprehensiveincomelossreclassificationadjustmentfromaocipensionandotherpostretirementbenefitplansfornetgainlossnetoftax": -4911000,
        "othercomprehensiveincomeunrealizedgainlossonderivativesarisingduringperiodbeforetax": -789000,
        "othercomprehensiveincomeunrealizedgainlossonderivativesarisingduringperiodtax": -718000,
        "othercomprehensiveincomeunrealizedgainlossonderivativesarisingduringperiodnetoftax": -71000,
        "othercomprehensiveincomelossreclassificationadjustmentfromaocionderivativesbeforetax": -1438000,
        "othercomprehensiveincomelossreclassificationadjustmentfromaocionderivativestax": -891000,
        "othercomprehensiveincomelossreclassificationadjustmentfromaocionderivativesnetoftax": -547000,
        "othercomprehensiveincomelossbeforetax": 10795000,
        "othercomprehensiveincomelosstax": 1980000,
        "othercomprehensiveincomelossnetoftax": 8815000,
        "comprehensiveincomenetoftaxincludingportionattributabletononcontrollinginterest": 312696000,
        "comprehensiveincomenetoftaxattributabletononcontrollinginterest": 78000,
        "comprehensiveincomenetoftax": 312618000,
        "revenues": 2016488000,
        "costofgoodsandservicessold": 1123984000,
        "grossprofit": 892504000,
        "sellinggeneralandadministrativeexpense": 453573000,
        "restructuringchargesbusinessrealignment": 62000,
        "operatingincomeloss": 438869000,
        "interestincomeexpensenonoperatingnet": -37458000,
        "othernonoperatingincomeexpense": -5477000,
        "incomelossfromcontinuingoperationsbeforeincometaxesextraordinaryitemsnoncontrollinginterest": 395934000,
        "incometaxexpensebenefit": 92053000,
        "netincomelossattributabletononcontrollinginterest": -477000,
        "netincomeloss": 304358000,
        "earningspersharebasic": 1.49,
        "earningspersharediluted": 1.45,
        "commonstockdividendspersharecashpaid": 0.722
    },
    {
        "date": "2018-12-30",
        "symbol": "HSY",
        "period": "Q4",
        "profitloss": 331600000,
        "othercomprehensiveincomelossforeigncurrencytransactionandtranslationadjustmentbeforetax": -12829000,
        "othercomprehensiveincomelossforeigncurrencytransactionandtranslationadjustmentnetoftax": -12829000,
        "othercomprehensiveincomelossreclassificationadjustmentfromaocipensionandotherpostretirementbenefitplansfornetgainlossbeforetax": -18148000,
        "othercomprehensiveincomelossreclassificationadjustmentfromaocipensionandotherpostretirementbenefitplansfornetgainlosstax": -4684000,
        "othercomprehensiveincomelossreclassificationadjustmentfromaocipensionandotherpostretirementbenefitplansfornetgainlossnetoftax": -13464000,
        "othercomprehensiveincomeunrealizedgainlossonderivativesarisingduringperiodbeforetax": -498000,
        "othercomprehensiveincomeunrealizedgainlossonderivativesarisingduringperiodtax": -170000,
        "othercomprehensiveincomeunrealizedgainlossonderivativesarisingduringperiodnetoftax": -328000,
        "othercomprehensiveincomelossreclassificationadjustmentfromaocionderivativesbeforetax": -3111000,
        "othercomprehensiveincomelossreclassificationadjustmentfromaocionderivativestax": -1003000,
        "othercomprehensiveincomelossreclassificationadjustmentfromaocionderivativesnetoftax": -2108000,
        "othercomprehensiveincomelossbeforetax": -24218000,
        "othercomprehensiveincomelosstax": -2732000,
        "othercomprehensiveincomelossnetoftax": -21486000,
        "comprehensiveincomenetoftaxincludingportionattributabletononcontrollinginterest": 310114000,
        "comprehensiveincomenetoftaxattributabletononcontrollinginterest": -5825000,
        "comprehensiveincomenetoftax": 315939000,
        "grossprofit": 944352000,
        "sellinggeneralandadministrativeexpense": 486036000,
        "restructuringchargesbusinessrealignment": 8239000,
        "operatingincomeloss": 89319000,
        "interestincomeexpensenonoperatingnet": -37630000,
        "othernonoperatingincomeexpense": -39565000,
        "incomelossfromcontinuingoperationsbeforeincometaxesextraordinaryitemsnoncontrollinginterest": 343970000,
        "incometaxexpensebenefit": 12370000,
        "netincomelossattributabletononcontrollinginterest": -5191000,
        "netincomeloss": 336791000,
        "earningspersharebasic": 2.0199999999999996,
        "earningspersharediluted": 1.8500000000000003,
        "commonstockdividendspersharecashpaid": 0.9079999999999996
    },
    {
        "date": "2018-09-29",
        "symbol": "HSY",
        "period": "Q3",
        "profitloss": 265413000,
        "othercomprehensiveincomelossforeigncurrencytransactionandtranslationadjustmentbeforetax": 5365000,
        "othercomprehensiveincomelossforeigncurrencytransactionandtranslationadjustmentnetoftax": 5365000,
        "othercomprehensiveincomelossreclassificationadjustmentfromaocipensionandotherpostretirementbenefitplansfornetgainlossbeforetax": -12082000,
        "othercomprehensiveincomelossreclassificationadjustmentfromaocipensionandotherpostretirementbenefitplansfornetgainlosstax": -3170000,
        "othercomprehensiveincomelossreclassificationadjustmentfromaocipensionandotherpostretirementbenefitplansfornetgainlossnetoftax": -8912000,
        "othercomprehensiveincomeunrealizedgainlossonderivativesarisingduringperiodbeforetax": -1484000,
        "othercomprehensiveincomeunrealizedgainlossonderivativesarisingduringperiodtax": -1207000,
        "othercomprehensiveincomeunrealizedgainlossonderivativesarisingduringperiodnetoftax": -277000,
        "othercomprehensiveincomelossreclassificationadjustmentfromaocionderivativesbeforetax": 2261000,
        "othercomprehensiveincomelossreclassificationadjustmentfromaocionderivativestax": -479000,
        "othercomprehensiveincomelossreclassificationadjustmentfromaocionderivativesnetoftax": 2740000,
        "othercomprehensiveincomelossbeforetax": 31259000,
        "othercomprehensiveincomelosstax": 571000,
        "othercomprehensiveincomelossnetoftax": 30688000,
        "comprehensiveincomenetoftaxincludingportionattributabletononcontrollinginterest": 296101000,
        "comprehensiveincomenetoftaxattributabletononcontrollinginterest": 497000,
        "comprehensiveincomenetoftax": 295604000,
        "salesrevenuenet": 1843511000,
        "costofgoodssold": 1216100000,
        "grossprofit": 863493000,
        "sellinggeneralandadministrativeexpense": 453921000,
        "restructuringchargesbusinessrealignment": 1660000,
        "operatingincomeloss": 556060000,
        "interestincomeexpensenonoperatingnet": -36916000,
        "othernonoperatingincomeexpense": -12493000,
        "incomelossfromcontinuingoperationsbeforeincometaxesextraordinaryitemsnoncontrollinginterest": 356854000,
        "incometaxexpensebenefit": 91441000,
        "netincomelossattributabletononcontrollinginterest": 1700000,
        "netincomeloss": 263713000,
        "earningspersharebasic": 1.1800000000000004,
        "earningspersharediluted": 1.1699999999999997,
        "commonstockdividendspersharecashpaid": 0.6560000000000002
    },
    {
        "date": "2018-06-30",
        "symbol": "HSY",
        "period": "Q2",
        "profitloss": 223319000,
        "othercomprehensiveincomelossforeigncurrencytransactionandtranslationadjustmentbeforetax": -22412000,
        "othercomprehensiveincomelossforeigncurrencytransactionandtranslationadjustmentnetoftax": -22412000,
        "taxcutsandjobsactreclassificationfromaocitoretainedearningstaxeffect": 0,
        "taxcutsandjobsactreclassificationfromaocitoretainedearningsaftertax": 0,
        "othercomprehensiveincomelossreclassificationadjustmentfromaocipensionandotherpostretirementbenefitplansfornetgainlossbeforetax": -5094000,
        "othercomprehensiveincomelossreclassificationadjustmentfromaocipensionandotherpostretirementbenefitplansfornetgainlosstax": -1107000,
        "othercomprehensiveincomelossreclassificationadjustmentfromaocipensionandotherpostretirementbenefitplansfornetgainlossnetoftax": -3987000,
        "othercomprehensiveincomeunrealizedgainlossonderivativesarisingduringperiodbeforetax": 3559000,
        "othercomprehensiveincomeunrealizedgainlossonderivativesarisingduringperiodtax": 473000,
        "othercomprehensiveincomeunrealizedgainlossonderivativesarisingduringperiodnetoftax": 3086000,
        "othercomprehensiveincomelossreclassificationadjustmentfromaocionderivativesbeforetax": -2463000,
        "othercomprehensiveincomelossreclassificationadjustmentfromaocionderivativestax": -586000,
        "othercomprehensiveincomelossreclassificationadjustmentfromaocionderivativesnetoftax": -1877000,
        "othercomprehensiveincomelossbeforetax": -11296000,
        "othercomprehensiveincomelosstax": 2166000,
        "othercomprehensiveincomelossnetoftax": -13462000,
        "comprehensiveincomenetoftaxincludingportionattributabletononcontrollinginterest": 209857000,
        "comprehensiveincomenetoftaxattributabletononcontrollinginterest": -3654000,
        "comprehensiveincomenetoftax": 213511000,
        "salesrevenuenet": 1559952000,
        "costofgoodssold": 958195000,
        "grossprofit": 793420000,
        "sellinggeneralandadministrativeexpense": 449548000,
        "restructuringchargesbusinessrealignment": 980000,
        "operatingincomeloss": 443859000,
        "interestincomeexpensenonoperatingnet": -34952000,
        "othernonoperatingincomeexpense": -20766000,
        "incomelossfromcontinuingoperationsbeforeincometaxesextraordinaryitemsnoncontrollinginterest": 260006000,
        "incometaxexpensebenefit": 36687000,
        "netincomelossattributabletononcontrollinginterest": -3536000,
        "netincomeloss": 226855000,
        "earningspersharebasic": 1.01,
        "earningspersharediluted": 1.01,
        "commonstockdividendspersharecashpaid": 0.596
    },
    {
        "date": "2018-03-31",
        "symbol": "HSY",
        "period": "Q1",
        "profitloss": 350719000,
        "othercomprehensiveincomelossforeigncurrencytransactionandtranslationadjustmentbeforetax": -1267000,
        "othercomprehensiveincomelossforeigncurrencytransactionandtranslationadjustmentnetoftax": -1267000,
        "taxcutsandjobsactreclassificationfromaocitoretainedearningstaxeffect": 47656000,
        "taxcutsandjobsactreclassificationfromaocitoretainedearningsaftertax": -11121000,
        "othercomprehensiveincomelossreclassificationadjustmentfromaocipensionandotherpostretirementbenefitplansfornetgainlossbeforetax": -5097000,
        "othercomprehensiveincomelossreclassificationadjustmentfromaocipensionandotherpostretirementbenefitplansfornetgainlosstax": -1025000,
        "othercomprehensiveincomelossreclassificationadjustmentfromaocipensionandotherpostretirementbenefitplansfornetgainlossnetoftax": -4072000,
        "othercomprehensiveincomeunrealizedgainlossonderivativesarisingduringperiodbeforetax": 4245000,
        "othercomprehensiveincomeunrealizedgainlossonderivativesarisingduringperiodtax": 990000,
        "othercomprehensiveincomeunrealizedgainlossonderivativesarisingduringperiodnetoftax": 3255000,
        "othercomprehensiveincomelossreclassificationadjustmentfromaocionderivativesbeforetax": -2260000,
        "othercomprehensiveincomelossreclassificationadjustmentfromaocionderivativestax": -609000,
        "othercomprehensiveincomelossreclassificationadjustmentfromaocionderivativesnetoftax": -1651000,
        "othercomprehensiveincomelossbeforetax": 10335000,
        "othercomprehensiveincomelosstax": 50280000,
        "othercomprehensiveincomelossnetoftax": -39945000,
        "comprehensiveincomenetoftaxincludingportionattributabletononcontrollinginterest": 310774000,
        "comprehensiveincomenetoftaxattributabletononcontrollinginterest": 1300000,
        "comprehensiveincomenetoftax": 309474000,
        "salesrevenuenet": 1751688000,
        "costofgoodssold": 997899000,
        "grossprofit": 974060000,
        "sellinggeneralandadministrativeexpense": 485324000,
        "restructuringchargesbusinessrealignment": 8224000,
        "operatingincomeloss": 534426000,
        "interestincomeexpensenonoperatingnet": -29339000,
        "othernonoperatingincomeexpense": -1942000,
        "incomelossfromcontinuingoperationsbeforeincometaxesextraordinaryitemsnoncontrollinginterest": 449231000,
        "incometaxexpensebenefit": 98512000,
        "netincomelossattributabletononcontrollinginterest": 516000,
        "netincomeloss": 350203000,
        "earningspersharebasic": 1.55,
        "earningspersharediluted": 1.55,
        "commonstockdividendspersharecashpaid": 0.596
    },
    {
        "date": "2017-09-30",
        "symbol": "HSY",
        "period": "Q3",
        "profitloss": 274013000,
        "othercomprehensiveincomelossforeigncurrencytransactionandtranslationadjustmentbeforetax": 9605000,
        "othercomprehensiveincomelossforeigncurrencytransactionandtranslationadjustmentnetoftax": 9605000,
        "othercomprehensiveincomelossreclassificationadjustmentfromaocipensionandotherpostretirementbenefitplansfornetgainlossbeforetax": -24300000,
        "othercomprehensiveincomelossreclassificationadjustmentfromaocipensionandotherpostretirementbenefitplansfornetgainlosstax": -8941000,
        "othercomprehensiveincomelossreclassificationadjustmentfromaocipensionandotherpostretirementbenefitplansfornetgainlossnetoftax": -15359000,
        "othercomprehensiveincomeunrealizedgainlossonderivativesarisingduringperiodbeforetax": -1339000,
        "othercomprehensiveincomeunrealizedgainlossonderivativesarisingduringperiodtax": -761000,
        "othercomprehensiveincomeunrealizedgainlossonderivativesarisingduringperiodnetoftax": -578000,
        "othercomprehensiveincomelossreclassificationadjustmentfromaocionderivativesbeforetax": -1962000,
        "othercomprehensiveincomelossreclassificationadjustmentfromaocionderivativestax": -1379000,
        "othercomprehensiveincomelossreclassificationadjustmentfromaocionderivativesnetoftax": -583000,
        "othercomprehensiveincomelossbeforetax": 25328000,
        "othercomprehensiveincomelosstax": 6072000,
        "othercomprehensiveincomelossnetoftax": 319000,
        "comprehensiveincomenetoftaxincludingportionattributabletononcontrollinginterest": 293269000,
        "comprehensiveincomenetoftaxattributabletononcontrollinginterest": 1029000,
        "comprehensiveincomenetoftax": 292240000,
        "salesrevenuenet": 1792377000,
        "costofgoodssold": 1092899000,
        "grossprofit": 940222000,
        "sellinggeneralandadministrativeexpense": 497182000,
        "restructuringchargesbusinessrealignment": 4020000,
        "operatingincomeloss": 554578000,
        "interestincomeexpensenonoperatingnet": -24589000,
        "othernonoperatingincomeexpense": -13630000,
        "incomelossfromcontinuingoperationsbeforeincometaxesextraordinaryitemsnoncontrollinginterest": 400801000,
        "incometaxexpensebenefit": 126788000,
        "netincomelossattributabletononcontrollinginterest": 710000,
        "netincomeloss": 273303000,
        "earningspersharebasic": 1.2000000000000002,
        "earningspersharediluted": 1.2000000000000002,
        "commonstockdividendspersharecashpaid": 0.5959999999999999
    },
    {
        "date": "2017-07-01",
        "symbol": "HSY",
        "period": "Q2",
        "profitloss": 202727000,
        "othercomprehensiveincomelossforeigncurrencytransactionandtranslationadjustmentbeforetax": 4322000,
        "othercomprehensiveincomelossforeigncurrencytransactionandtranslationadjustmentnetoftax": 4322000,
        "othercomprehensiveincomelosspensionandotherpostretirementbenefitplansnetunamortizedgainlossarisingduringperiodbeforetax": 0,
        "othercomprehensiveincomedefinedbenefitplansnetunamortizedgainlossarisingduringperiodtax": 0,
        "othercomprehensiveincomedefinedbenefitplansnetunamortizedgainlossarisingduringperiodnetoftax": 0,
        "othercomprehensiveincomelossreclassificationadjustmentfromaocipensionandotherpostretirementbenefitplansfornetgainlossbeforetax": -7091000,
        "othercomprehensiveincomelossreclassificationadjustmentfromaocipensionandotherpostretirementbenefitplansfornetgainlosstax": -10984000,
        "othercomprehensiveincomelossreclassificationadjustmentfromaocipensionandotherpostretirementbenefitplansfornetgainlossnetoftax": 3893000,
        "othercomprehensiveincomeunrealizedgainlossonderivativesarisingduringperiodbeforetax": -707000,
        "othercomprehensiveincomeunrealizedgainlossonderivativesarisingduringperiodtax": -703000,
        "othercomprehensiveincomeunrealizedgainlossonderivativesarisingduringperiodnetoftax": -4000,
        "othercomprehensiveincomelossreclassificationadjustmentfromaocionderivativesbeforetax": -2379000,
        "othercomprehensiveincomelossreclassificationadjustmentfromaocionderivativestax": -1282000,
        "othercomprehensiveincomelossreclassificationadjustmentfromaocionderivativesnetoftax": -1097000,
        "othercomprehensiveincomelossbeforetax": 13085000,
        "othercomprehensiveincomelosstax": 11563000,
        "othercomprehensiveincomelossnetoftax": 76000,
        "comprehensiveincomenetoftaxincludingportionattributabletononcontrollinginterest": 204249000,
        "comprehensiveincomenetoftaxattributabletononcontrollinginterest": -698000,
        "comprehensiveincomenetoftax": 204947000,
        "salesrevenuenet": 1477014000,
        "costofgoodssold": 899781000,
        "grossprofit": 763210000,
        "sellinggeneralandadministrativeexpense": 445888000,
        "assetimpairmentcharges": 0,
        "restructuringchargesbusinessrealignment": 1981000,
        "operatingincomeloss": 460382000,
        "interestincomeexpensenonoperatingnet": -24126000,
        "othernonoperatingincomeexpense": -10098000,
        "incomelossfromcontinuingoperationsbeforeincometaxesextraordinaryitemsnoncontrollinginterest": 281117000,
        "incometaxexpensebenefit": 78390000,
        "netincomelossattributabletononcontrollinginterest": -774000,
        "netincomeloss": 203501000,
        "earningspersharebasic": 0.8899999999999999,
        "earningspersharediluted": 0.8899999999999999,
        "commonstockdividendspersharecashpaid": 0.562
    },
    {
        "date": "2017-04-01",
        "symbol": "HSY",
        "period": "Q1",
        "profitloss": 98248000,
        "othercomprehensiveincomelossforeigncurrencytransactionandtranslationadjustmentbeforetax": 13951000,
        "othercomprehensiveincomelossforeigncurrencytransactionandtranslationadjustmentnetoftax": 13951000,
        "othercomprehensiveincomelosspensionandotherpostretirementbenefitplansnetunamortizedgainlossarisingduringperiodbeforetax": -196000,
        "othercomprehensiveincomedefinedbenefitplansnetunamortizedgainlossarisingduringperiodtax": -74000,
        "othercomprehensiveincomedefinedbenefitplansnetunamortizedgainlossarisingduringperiodnetoftax": -122000,
        "othercomprehensiveincomelossreclassificationadjustmentfromaocipensionandotherpostretirementbenefitplansfornetgainlossbeforetax": -7153000,
        "othercomprehensiveincomelossreclassificationadjustmentfromaocipensionandotherpostretirementbenefitplansfornetgainlosstax": -2711000,
        "othercomprehensiveincomelossreclassificationadjustmentfromaocipensionandotherpostretirementbenefitplansfornetgainlossnetoftax": -4442000,
        "othercomprehensiveincomeunrealizedgainlossonderivativesarisingduringperiodbeforetax": -1499000,
        "othercomprehensiveincomeunrealizedgainlossonderivativesarisingduringperiodtax": -179000,
        "othercomprehensiveincomeunrealizedgainlossonderivativesarisingduringperiodnetoftax": -1320000,
        "othercomprehensiveincomelossreclassificationadjustmentfromaocionderivativesbeforetax": -3033000,
        "othercomprehensiveincomelossreclassificationadjustmentfromaocionderivativestax": -1166000,
        "othercomprehensiveincomelossreclassificationadjustmentfromaocionderivativesnetoftax": -1867000,
        "othercomprehensiveincomelossbeforetax": 22442000,
        "othercomprehensiveincomelosstax": 3624000,
        "othercomprehensiveincomelossnetoftax": 340000,
        "comprehensiveincomenetoftaxincludingportionattributabletononcontrollinginterest": 117066000,
        "comprehensiveincomenetoftaxattributabletononcontrollinginterest": -26456000,
        "comprehensiveincomenetoftax": 143522000,
        "salesrevenuenet": 1677146000,
        "costofgoodssold": 973118000,
        "grossprofit": 906560000,
        "sellinggeneralandadministrativeexpense": 461900000,
        "assetimpairmentcharges": 208712000,
        "restructuringchargesbusinessrealignment": 44017000,
        "operatingincomeloss": 553138000,
        "interestincomeexpensenonoperatingnet": -23741000,
        "othernonoperatingincomeexpense": 171000,
        "incomelossfromcontinuingoperationsbeforeincometaxesextraordinaryitemsnoncontrollinginterest": 168361000,
        "incometaxexpensebenefit": 70113000,
        "netincomelossattributabletononcontrollinginterest": -26796000,
        "netincomeloss": 125044000,
        "earningspersharebasic": 0.55,
        "earningspersharediluted": 0.55,
        "commonstockdividendspersharecashpaid": 0.562
    },
    {
        "date": "2016-10-01",
        "symbol": "HSY",
        "period": "Q3",
        "netincomeloss": 227403000,
        "othercomprehensiveincomeforeigncurrencytransactionandtranslationgainlossarisingduringperiodnetoftax": -8533000,
        "othercomprehensiveincomelosspensionandotherpostretirementbenefitplansadjustmentnetoftax": -7395000,
        "othercomprehensiveincomeunrealizedgainlossonderivativesarisingduringperiodnetoftax": 1144000,
        "othercomprehensiveincomelossreclassificationadjustmentfromaocionderivativesnetoftax": 898000,
        "othercomprehensiveincomelossnetoftax": -892000,
        "comprehensiveincomenetoftaxincludingportionattributabletononcontrollinginterest": 226511000,
        "comprehensiveincomenetoftaxattributabletononcontrollinginterest": -751000,
        "comprehensiveincomenetoftax": 227262000,
        "salesrevenuenet": 1764528000,
        "costofgoodssold": 1152606000,
        "sellinggeneralandadministrativeexpense": 474494000,
        "restructuringchargesbusinessrealignment": 2330000,
        "costsandexpenses": 1629430000,
        "operatingincomeloss": 563946000,
        "interestincomeexpensenonoperatingnet": -24387000,
        "othernonoperatingincomeexpense": -21800000,
        "incomelossfromcontinuingoperationsbeforeincometaxesextraordinaryitemsnoncontrollinginterest": 327837000,
        "incometaxexpensebenefit": 100434000,
        "earningspersharebasic": 0.99,
        "earningspersharediluted": 0.99,
        "commonstockdividendspersharecashpaid": 0.562
    },
    {
        "date": "2016-07-02",
        "symbol": "HSY",
        "period": "Q2",
        "netincomeloss": 145956000,
        "othercomprehensiveincomeforeigncurrencytransactionandtranslationgainlossarisingduringperiodnetoftax": 1420000,
        "othercomprehensiveincomelosspensionandotherpostretirementbenefitplansadjustmentnetoftax": 2612000,
        "othercomprehensiveincomeunrealizedgainlossonderivativesarisingduringperiodnetoftax": -13789000,
        "othercomprehensiveincomelossreclassificationadjustmentfromaocionderivativesnetoftax": 2175000,
        "othercomprehensiveincomelossnetoftax": -213000,
        "comprehensiveincomenetoftaxincludingportionattributabletononcontrollinginterest": 128800000,
        "comprehensiveincomenetoftaxattributabletononcontrollinginterest": -213000,
        "comprehensiveincomenetoftax": 129013000,
        "salesrevenuenet": 1444841000,
        "costofgoodssold": 890273000,
        "sellinggeneralandadministrativeexpense": 462531000,
        "restructuringchargesbusinessrealignment": 22105000,
        "costsandexpenses": 1374909000,
        "operatingincomeloss": 425723000,
        "interestincomeexpensenonoperatingnet": -21338000,
        "othernonoperatingincomeexpense": -8128000,
        "incomelossfromcontinuingoperationsbeforeincometaxesextraordinaryitemsnoncontrollinginterest": 233296000,
        "incometaxexpensebenefit": 87340000,
        "earningspersharebasic": 0.6499999999999999,
        "earningspersharediluted": 0.6399999999999999,
        "commonstockdividendspersharecashpaid": 0.53
    },
    {
        "date": "2016-04-02",
        "symbol": "HSY",
        "period": "Q1",
        "netincomeloss": 229832000,
        "othercomprehensiveincomeforeigncurrencytransactionandtranslationgainlossarisingduringperiodnetoftax": 12166000,
        "othercomprehensiveincomelosspensionandotherpostretirementbenefitplansadjustmentnetoftax": -5101000,
        "othercomprehensiveincomeunrealizedgainlossonderivativesarisingduringperiodnetoftax": -22144000,
        "othercomprehensiveincomelossreclassificationadjustmentfromaocionderivativesnetoftax": 4912000,
        "othercomprehensiveincomelossnetoftax": -1076000,
        "comprehensiveincomenetoftaxincludingportionattributabletononcontrollinginterest": 220043000,
        "comprehensiveincomenetoftaxattributabletononcontrollinginterest": -1076000,
        "comprehensiveincomenetoftax": 221119000,
        "salesrevenuenet": 1633471000,
        "costofgoodssold": 1011436000,
        "sellinggeneralandadministrativeexpense": 471734000,
        "restructuringchargesbusinessrealignment": 6133000,
        "costsandexpenses": 1489303000,
        "operatingincomeloss": 529390000,
        "interestincomeexpensenonoperatingnet": -21005000,
        "othernonoperatingincomeexpense": 21225000,
        "incomelossfromcontinuingoperationsbeforeincometaxesextraordinaryitemsnoncontrollinginterest": 339729000,
        "incometaxexpensebenefit": 109897000,
        "earningspersharebasic": 0.99,
        "earningspersharediluted": 0.99,
        "commonstockdividendspersharecashpaid": 0.53
    },
    {
        "date": "2015-10-03",
        "symbol": "HSY",
        "period": "Q3",
        "netincomeloss": 154771000,
        "othercomprehensiveincomeforeigncurrencytransactionandtranslationgainlossarisingduringperiodnetoftax": -26631000,
        "othercomprehensiveincomelosspensionandotherpostretirementbenefitplansadjustmentnetoftax": -9969000,
        "othercomprehensiveincomeunrealizedgainlossonderivativesarisingduringperiodnetoftax": -43914000,
        "othercomprehensiveincomelossreclassificationadjustmentfromaocionderivativesnetoftax": 6214000,
        "othercomprehensiveincomelossnetoftax": -66790000,
        "comprehensiveincomenetoftaxincludingportionattributabletononcontrollinginterest": 87981000,
        "othercomprehensiveincomelossnetoftaxportionattributabletononcontrollinginterest": 820000,
        "comprehensiveincomenetoftax": 87161000,
        "salesrevenuenet": 1733869000,
        "costofgoodssold": 1068715000,
        "sellinggeneralandadministrativeexpense": 500306000,
        "goodwillimpairmentloss": 14393000,
        "restructuringcharges": 64268000,
        "costsandexpenses": 1657765000,
        "operatingincomeloss": 546080000,
        "interestincomeexpensenonoperatingnet": -46967000,
        "othernonoperatingincomeexpense": -9409000,
        "incomelossfromcontinuingoperationsbeforeincometaxesextraordinaryitemsnoncontrollinginterest": 246638000,
        "incometaxexpensebenefit": 91867000,
        "earningspersharebasic": 0.73,
        "earningspersharediluted": 0.7,
        "commonstockdividendspersharecashpaid": 0.583
    },
    {
        "date": "2015-07-04",
        "symbol": "HSY",
        "period": "Q2",
        "netincomeloss": -99941000,
        "othercomprehensiveincomeforeigncurrencytransactionandtranslationgainlossarisingduringperiodnetoftax": 2668000,
        "othercomprehensiveincomelosspensionandotherpostretirementbenefitplansadjustmentnetoftax": -5466000,
        "othercomprehensiveincomeunrealizedgainlossonderivativesarisingduringperiodnetoftax": 91029000,
        "othercomprehensiveincomelossreclassificationadjustmentfromaocionderivativesnetoftax": 11098000,
        "othercomprehensiveincomelossnetoftax": 88065000,
        "comprehensiveincomenetoftaxincludingportionattributabletononcontrollinginterest": -11876000,
        "othercomprehensiveincomelossnetoftaxportionattributabletononcontrollinginterest": 578000,
        "comprehensiveincomenetoftax": -12454000,
        "salesrevenuenet": 1399574000,
        "costofgoodssold": 843417000,
        "sellinggeneralandadministrativeexpense": 455545000,
        "goodwillimpairmentloss": 249811000,
        "restructuringsettlementandimpairmentprovisions": 22552000,
        "costsandexpenses": 1571325000,
        "operatingincomeloss": 460667000,
        "interestincomeexpensenonoperatingnet": -18877000,
        "othernonoperatingincomeexpense": -4759000,
        "incomelossfromcontinuingoperationsbeforeincometaxesextraordinaryitemsnoncontrollinginterest": -16136000,
        "incometaxexpensebenefit": 83805000,
        "earningspersharebasic": -0.47,
        "earningspersharediluted": -0.47,
        "commonstockdividendspersharecashpaid": 0.535
    },
    {
        "date": "2015-04-04",
        "symbol": "HSY",
        "period": "Q1",
        "netincomeloss": 244737000,
        "othercomprehensiveincomeforeigncurrencytransactionandtranslationgainlossarisingduringperiodnetoftax": -27718000,
        "othercomprehensiveincomelosspensionandotherpostretirementbenefitplansadjustmentnetoftax": -5461000,
        "othercomprehensiveincomeunrealizedgainlossonderivativesarisingduringperiodnetoftax": -26092000,
        "othercomprehensiveincomelossreclassificationadjustmentfromaocionderivativesnetoftax": 399000,
        "othercomprehensiveincomelossnetoftax": -46414000,
        "comprehensiveincomenetoftaxincludingportionattributabletononcontrollinginterest": 195989000,
        "othercomprehensiveincomelossnetoftaxportionattributabletononcontrollinginterest": -3509000,
        "comprehensiveincomenetoftax": 199498000,
        "salesrevenuenet": 1706995000,
        "costofgoodssold": 1036957000,
        "sellinggeneralandadministrativeexpense": 504170000,
        "restructuringsettlementandimpairmentprovisions": 2667000,
        "costsandexpenses": 1543794000,
        "incomelossfromcontinuingoperationsbeforeinterestexpenseinterestincomeincometaxesextraordinaryitemsnoncontrollinginterestsnet": 394006000,
        "interestincomeexpensenonoperatingnet": -19202000,
        "incomelossfromcontinuingoperationsbeforeincometaxesextraordinaryitemsnoncontrollinginterest": 374804000,
        "incometaxexpensebenefit": 130067000,
        "earningspersharebasic": 1.14,
        "earningspersharediluted": 1.1,
        "commonstockdividendspersharecashpaid": 0.535
    },
    {
        "date": "2014-09-27",
        "symbol": "HSY",
        "period": "Q3",
        "netincomeloss": 223741000,
        "othercomprehensiveincomeforeigncurrencytransactionandtranslationgainlossarisingduringperiodnetoftax": -17321000,
        "othercomprehensiveincomelosspensionandotherpostretirementbenefitplansadjustmentnetoftax": -3624000,
        "othercomprehensiveincomeunrealizedgainlossonderivativesarisingduringperiodnetoftax": -932000,
        "othercomprehensiveincomelossreclassificationadjustmentfromaocionderivativesnetoftax": 15544000,
        "othercomprehensiveincomelossnetoftax": -30173000,
        "comprehensiveincomenetoftax": 193568000,
        "salesrevenuenet": 1961578000,
        "costofgoodssold": 1101441000,
        "sellinggeneralandadministrativeexpense": 477569000,
        "restructuringsettlementandimpairmentprovisions": 16372000,
        "costsandexpenses": 1595382000,
        "incomelossfromcontinuingoperationsbeforeinterestexpenseinterestincomeincometaxesextraordinaryitemsnoncontrollinginterestsnet": 366196000,
        "interestincomeexpensenonoperatingnet": -20773000,
        "incomelossfromcontinuingoperationsbeforeincometaxesextraordinaryitemsnoncontrollinginterest": 345423000,
        "incometaxexpensebenefit": 121682000,
        "earningspersharebasic": 1.03,
        "earningspersharediluted": 1,
        "commonstockdividendspersharecashpaid": 0.535
    },
    {
        "date": "2014-06-28",
        "symbol": "HSY",
        "period": "Q2",
        "netincomeloss": 168168000,
        "othercomprehensiveincomeforeigncurrencytransactionandtranslationgainlossarisingduringperiodnetoftax": 5773000,
        "othercomprehensiveincomelosspensionandotherpostretirementbenefitplansadjustmentnetoftax": -3600000,
        "othercomprehensiveincomeunrealizedgainlossonderivativesarisingduringperiodnetoftax": 7342000,
        "othercomprehensiveincomelossreclassificationadjustmentfromaocionderivativesnetoftax": 10783000,
        "othercomprehensiveincomelossnetoftax": 5932000,
        "comprehensiveincomenetoftax": 174100000,
        "salesrevenuenet": 1578350000,
        "costofgoodssold": 860876000,
        "sellinggeneralandadministrativeexpense": 438763000,
        "restructuringsettlementandimpairmentprovisions": 1247000,
        "costsandexpenses": 1300886000,
        "incomelossfromcontinuingoperationsbeforeinterestexpenseinterestincomeincometaxesextraordinaryitemsnoncontrollinginterestsnet": 277464000,
        "interestincomeexpensenonoperatingnet": -20734000,
        "incomelossfromcontinuingoperationsbeforeincometaxesextraordinaryitemsnoncontrollinginterest": 256730000,
        "incometaxexpensebenefit": 88562000,
        "earningspersharebasic": 0.78,
        "earningspersharediluted": 0.75,
        "commonstockdividendspersharecashpaid": 0.485
    },
    {
        "date": "2014-03-29",
        "symbol": "HSY",
        "period": "Q1",
        "netincomeloss": 252495000,
        "othercomprehensiveincomeforeigncurrencytransactionandtranslationgainlossarisingduringperiodnetoftax": -468000,
        "othercomprehensiveincomelosspensionandotherpostretirementbenefitplansadjustmentnetoftax": -3560000,
        "othercomprehensiveincomeunrealizedgainlossonderivativesarisingduringperiodnetoftax": 20439000,
        "othercomprehensiveincomelossreclassificationadjustmentfromaocionderivativesnetoftax": 9239000,
        "othercomprehensiveincomelossnetoftax": 14292000,
        "comprehensiveincomenetoftax": 266787000,
        "antidilutivesecuritiesexcludedfromcomputationofearningspershareamount": 1400000,
        "salesrevenuenet": 1871813000,
        "costofgoodssold": 1000323000,
        "sellinggeneralandadministrativeexpense": 464959000,
        "restructuringsettlementandimpairmentprovisions": 2925000,
        "costsandexpenses": 1468207000,
        "incomelossfromcontinuingoperationsbeforeinterestexpenseinterestincomeincometaxesextraordinaryitemsnoncontrollinginterestsnet": 403606000,
        "interestincomeexpensenonoperatingnet": -21285000,
        "incomelossfromcontinuingoperationsbeforeincometaxesextraordinaryitemsnoncontrollinginterest": 382321000,
        "incometaxexpensebenefit": 129826000,
        "earningspersharebasic": 1.16,
        "earningspersharediluted": 1.03,
        "weightedaveragenumberofsharesoutstandingbasic": 224213000,
        "weightedaveragenumberofdilutedsharesoutstanding": 227046000,
        "commonstockdividendspersharecashpaid": 0.485
    },
    {
        "date": "2013-09-28",
        "symbol": "HSY",
        "period": "Q3",
        "profitloss": 232985000,
        "othercomprehensiveincomeforeigncurrencytransactionandtranslationgainlossarisingduringperiodnetoftax": 1053000,
        "othercomprehensiveincomelosspensionandotherpostretirementbenefitplansadjustmentnetoftax": -6160000,
        "othercomprehensiveincomeunrealizedgainlossonderivativesarisingduringperiodnetoftax": 57345000,
        "othercomprehensiveincomelossreclassificationadjustmentfromaocionderivativesnetoftax": 2687000,
        "othercomprehensiveincomelossnetoftax": 61871000,
        "comprehensiveincomenetoftaxincludingportionattributabletononcontrollinginterest": 294856000,
        "salesrevenuenet": 1853886000,
        "costofgoodssold": 998335000,
        "sellinggeneralandadministrativeexpense": 481986000,
        "restructuringsettlementandimpairmentprovisions": 2929000,
        "costsandexpenses": 1483250000,
        "incomelossfromcontinuingoperationsbeforeinterestexpenseinterestincomeincometaxesextraordinaryitemsnoncontrollinginterestsnet": 370636000,
        "interestincomeexpensenonoperatingnet": -21759000,
        "incomelossfromcontinuingoperationsbeforeincometaxesminorityinterestandincomelossfromequitymethodinvestments": 348877000,
        "incometaxexpensebenefit": 115892000,
        "earningspersharebasic": 1.07,
        "earningspersharediluted": 1.03,
        "weightedaveragenumberofsharesoutstandingbasic": 223993000,
        "weightedaveragenumberofdilutedsharesoutstanding": 226887000,
        "commonstockdividendspersharecashpaid": 0.435
    },
    {
        "date": "2013-06-29",
        "symbol": "HSY",
        "period": "Q2",
        "profitloss": 159504000,
        "othercomprehensiveincomeforeigncurrencytransactionandtranslationgainlossarisingduringperiodnetoftax": -19104000,
        "othercomprehensiveincomedefinedbenefitplansadjustmentnetoftaxportionattributabletoparent": -6852000,
        "othercomprehensiveincomeunrealizedgainlossonderivativesarisingduringperiodnetoftax": 5782000,
        "othercomprehensiveincomelossreclassificationadjustmentonderivativesincludedinnetincomenetoftax": 2151000,
        "othercomprehensiveincomelossnetoftax": -4319000,
        "comprehensiveincomenetoftaxincludingportionattributabletononcontrollinginterest": 155185000,
        "salesrevenuenet": 1508514000,
        "costofgoodssold": 789940000,
        "sellinggeneralandadministrativeexpense": 446070000,
        "restructuringsettlementandimpairmentprovisions": 3587000,
        "costsandexpenses": 1239597000,
        "incomelossfromcontinuingoperationsbeforeinterestexpenseinterestincomeincometaxesextraordinaryitemsnoncontrollinginterestsnet": 268917000,
        "interestincomeexpensenonoperatingnet": -21094000,
        "incomelossfromcontinuingoperationsbeforeincometaxesminorityinterestandincomelossfromequitymethodinvestments": 247823000,
        "incometaxexpensebenefit": 88319000,
        "earningspersharebasic": 0.73,
        "earningspersharediluted": 0.7,
        "weightedaveragenumberofsharesoutstandingbasic": 163295000,
        "weightedaveragenumberofdilutedsharesoutstanding": 226840000,
        "commonstockdividendspersharecashpaid": 0.38
    },
    {
        "date": "2013-03-30",
        "symbol": "HSY",
        "period": "Q1",
        "profitloss": 241906000,
        "othercomprehensiveincomeforeigncurrencytransactionandtranslationgainlossarisingduringperiodnetoftax": 123000,
        "othercomprehensiveincomedefinedbenefitplansadjustmentnetoftaxportionattributabletoparent": -6769000,
        "othercomprehensiveincomeunrealizedgainlossonderivativesarisingduringperiodnetoftax": -1773000,
        "othercomprehensiveincomelossreclassificationadjustmentonderivativesincludedinnetincomenetoftax": 3617000,
        "othercomprehensiveincomelossnetoftax": 8736000,
        "comprehensiveincomenetoftaxincludingportionattributabletononcontrollinginterest": 250642000,
        "salesrevenuenet": 1827426000,
        "costofgoodssold": 978089000,
        "sellinggeneralandadministrativeexpense": 450669000,
        "restructuringsettlementandimpairmentprovisions": 6851000,
        "costsandexpenses": 1435609000,
        "incomelossfromcontinuingoperationsbeforeinterestexpenseinterestincomeincometaxesextraordinaryitemsnoncontrollinginterestsnet": 391817000,
        "interestincomeexpensenonoperatingnet": -23633000,
        "incomelossfromcontinuingoperationsbeforeincometaxesminorityinterestandincomelossfromequitymethodinvestments": 368184000,
        "incometaxexpensebenefit": 126278000,
        "earningspersharebasic": 1.11,
        "earningspersharediluted": 1.06,
        "weightedaveragenumberofsharesoutstandingbasic": 60629000,
        "weightedaveragenumberofdilutedsharesoutstanding": 227706000,
        "commonstockdividendspersharecashpaid": 0.42
    },
    {
        "date": "2012-09-29",
        "symbol": "HSY",
        "period": "Q3",
        "profitloss": 176716000,
        "othercomprehensiveincomeforeigncurrencytransactionandtranslationgainlossarisingduringperiodnetoftax": 10815000,
        "othercomprehensiveincomedefinedbenefitplansadjustmentnetoftaxportionattributabletoparent": -853000,
        "othercomprehensiveincomeunrealizedgainlossonderivativesarisingduringperiodnetoftax": 35682000,
        "othercomprehensiveincomelossreclassificationadjustmentonderivativesincludedinnetincomenetoftax": 14644000,
        "othercomprehensiveincomelossnetoftax": 60288000,
        "comprehensiveincomenetoftaxincludingportionattributabletononcontrollinginterest": 237004000,
        "salesrevenuenet": 1746709000,
        "costofgoodssold": 1003952000,
        "sellinggeneralandadministrativeexpense": 420972000,
        "restructuringsettlementandimpairmentprovisions": 20055000,
        "costsandexpenses": 1444979000,
        "incomelossfromcontinuingoperationsbeforeinterestexpenseinterestincomeincometaxesextraordinaryitemsnoncontrollinginterestsnet": 301730000,
        "interestincomeexpensenonoperatingnet": -24535000,
        "incomelossfromcontinuingoperationsbeforeincometaxesminorityinterestandincomelossfromequitymethodinvestments": 277195000,
        "incometaxexpensebenefit": 100479000,
        "earningspersharebasic": 0.73,
        "earningspersharediluted": 0.77,
        "weightedaveragenumberofsharesoutstandingbasic": 164686000,
        "weightedaveragenumberofdilutedsharesoutstanding": 228608000,
        "commonstockdividendspersharecashpaid": 0.38
    },
    {
        "date": "2012-06-30",
        "symbol": "HSY",
        "period": "Q2",
        "profitloss": 135685000,
        "othercomprehensiveincomeforeigncurrencytransactionandtranslationgainlossarisingduringperiodnetoftax": -11077000,
        "othercomprehensiveincomedefinedbenefitplansadjustmentnetoftaxportionattributabletoparent": -6615000,
        "othercomprehensiveincomeunrealizedgainlossonderivativesarisingduringperiodnetoftax": -10774000,
        "othercomprehensiveincomelossreclassificationadjustmentonderivativesincludedinnetincomenetoftax": 16012000,
        "othercomprehensiveincomelossnetoftax": 776000,
        "comprehensiveincomenetoftaxincludingportionattributabletononcontrollinginterest": 136461000,
        "salesrevenuenet": 1414444000,
        "costofgoodssold": 795923000,
        "sellinggeneralandadministrativeexpense": 391405000,
        "restructuringsettlementandimpairmentprovisions": 4845000,
        "costsandexpenses": 1192173000,
        "incomelossfromcontinuingoperationsbeforeinterestexpenseinterestincomeincometaxesextraordinaryitemsnoncontrollinginterestsnet": 222271000,
        "interestincomeexpensenonoperatingnet": -24344000,
        "incomelossfromcontinuingoperationsbeforeincometaxesminorityinterestandincomelossfromequitymethodinvestments": 197927000,
        "incometaxexpensebenefit": 62242000,
        "earningspersharebasic": 0.56,
        "earningspersharediluted": 0.59,
        "weightedaveragenumberofsharesoutstandingbasic": 60630000,
        "weightedaveragenumberofdilutedsharesoutstanding": 228853000,
        "commonstockdividendspersharecashpaid": 0.38
    },
    {
        "date": "2012-03-31",
        "symbol": "HSY",
        "period": "Q1",
        "profitloss": 198651000,
        "othercomprehensiveincomeforeigncurrencytransactionandtranslationadjustmentnetoftaxperiodincreasedecrease": 12739000,
        "othercomprehensiveincomedefinedbenefitplansadjustmentnetoftaxperiodincreasedecrease": 5993000,
        "othercomprehensiveincomeunrealizedgainlossonderivativesarisingduringperiodnetoftax": 10005000,
        "othercomprehensiveincomereclassificationadjustmentonderivativesincludedinnetincomenetoftax": 17291000,
        "othercomprehensiveincomelossnetoftaxperiodincreasedecrease": 46028000,
        "comprehensiveincomenetoftaxincludingportionattributabletononcontrollinginterest": 244679000,
        "salesrevenuenet": 1732064000,
        "costofgoodssold": 988668000,
        "sellinggeneralandadministrativeexpense": 405562000,
        "restructuringsettlementandimpairmentprovisions": 3304000,
        "costsandexpenses": 1397534000,
        "incomelossfromcontinuingoperationsbeforeinterestexpenseinterestincomeincometaxesextraordinaryitemsnoncontrollinginterestsnet": 334530000,
        "interestincomeexpensenonoperatingnet": 24024000,
        "incomelossfromcontinuingoperationsbeforeincometaxesminorityinterestandincomelossfromequitymethodinvestments": 310506000,
        "incometaxexpensebenefit": 111855000,
        "earningspersharebasic": 0.91,
        "earningspersharediluted": 0.81,
        "weightedaveragenumberofsharesoutstandingbasic": 164603000,
        "weightedaveragenumberofdilutedsharesoutstanding": 228655000,
        "commonstockdividendspersharecashpaid": 0.344
    },
    {
        "date": "2011-10-01",
        "symbol": "HSY",
        "period": "Q3",
        "salesrevenuenet": 1624249000,
        "costofgoodssold": 944068000,
        "sellinggeneralandadministrativeexpense": 356878000,
        "businessrealignmentandimpairmentchargesnet": 2187000,
        "costsandexpenses": 1303133000,
        "incomebeforeinterestandincometaxes": 321116000,
        "interestincomeexpensenonoperatingnet": 23041000,
        "incomelossfromcontinuingoperationsbeforeincometaxesminorityinterestandincomelossfromequitymethodinvestments": 298075000,
        "incometaxexpensebenefit": 101380000,
        "profitloss": 196695000,
        "earningspersharebasic": 0.89,
        "earningspersharediluted": 0.86,
        "averagesharesoutstandingbasiccommon": 165917,
        "averagesharesoutstandingbasicclassb": 60632,
        "weightedaveragenumberofdilutedsharesoutstanding": 229849,
        "commonstockdividendspersharecashpaid": 0.3125
    },
    {
        "date": "2011-07-02",
        "symbol": "HSY",
        "period": "Q2",
        "salesrevenuenet": 1325171000,
        "costofgoodssold": 760851000,
        "sellinggeneralandadministrativeexpense": 345918000,
        "businessrealignmentandimpairmentchargesnet": -9952000,
        "costsandexpenses": 1096817000,
        "incomebeforeinterestandincometaxes": 228354000,
        "interestexpensenet": 23351000,
        "incomelossfromcontinuingoperationsbeforeincometaxesminorityinterestandincomelossfromequitymethodinvestments": 205003000,
        "incometaxexpensebenefit": 74984000,
        "netincomeloss": 130019000,
        "earningspersharebasic": 0.59,
        "earningspersharediluted": 0.56,
        "averagesharesoutstandingbasiccommon": 166302,
        "averagesharesoutstandingbasicclassb": 60632,
        "weightedaveragenumberofdilutedsharesoutstanding": 230301,
        "commonstockdividendspersharecashpaid": 0.3125
    },
    {
        "date": "2011-04-02",
        "symbol": "HSY",
        "period": "Q1",
        "salesrevenuenet": 1564223000,
        "costofgoodssold": 908038000,
        "sellinggeneralandadministrativeexpense": 377798000,
        "businessrealignmentandimpairmentchargesnet": 1838000,
        "costsandexpenses": 1287674000,
        "incomebeforeinterestandincometaxes": 276549000,
        "interestexpensenet": 24477000,
        "incomelossfromcontinuingoperationsbeforeincometaxesminorityinterestandincomelossfromequitymethodinvestments": 252072000,
        "incometaxexpensebenefit": 91957000,
        "netincomeloss": 160115000,
        "earningspersharebasic": 0.72,
        "earningspersharediluted": 0.7,
        "averagesharesoutstandingbasiccommon": 166452,
        "averagesharesoutstandingbasicclassb": 60682,
        "weightedaveragenumberofdilutedsharesoutstanding": 230194,
        "commonstockdividendspersharecashpaid": 0.3125
    },
    {
        "date": "2010-10-02",
        "symbol": "HSY",
        "period": "Q3",
        "salesrevenuenet": 1547115000,
        "costofgoodssold": 891895000,
        "sellinggeneralandadministrativeexpense": 357624000,
        "businessrealignmentandimpairmentchargesnet": -2052000,
        "costsandexpenses": 1247467000,
        "incomebeforeinterestandincometaxes": 299648000,
        "interestexpensenet": 22259000,
        "incomelossfromcontinuingoperationsbeforeincometaxesminorityinterestandincomelossfromequitymethodinvestments": 277389000,
        "incometaxexpensebenefit": 97220000,
        "netincomeloss": 180169000,
        "earningspersharebasic": 0.81,
        "earningspersharediluted": 0.78,
        "weightedaveragenumberofsharesoutstandingbasic": 60708000,
        "weightedaveragenumberofdilutedsharesoutstanding": 230491000,
        "commonstockdividendspersharecashpaid": 0.29
    },
    {
        "date": "2010-07-03",
        "symbol": "HSY",
        "period": "Q2",
        "salesrevenuenet": 1233242000,
        "costofgoodssold": 686704000,
        "sellinggeneralandadministrativeexpense": 336980000,
        "businessrealignmentandimpairmentchargesnet": 85134000,
        "costsandexpenses": 1108818000,
        "incomebeforeinterestandincometaxes": 124424000,
        "interestexpensenet": 22780000,
        "incomelossfromcontinuingoperationsbeforeincometaxesminorityinterestandincomelossfromequitymethodinvestments": 101644000,
        "incometaxexpensebenefit": 54921000,
        "netincomeloss": 46723000,
        "earningspersharebasic": 0.21,
        "earningspersharediluted": 0.2,
        "weightedaveragenumberofsharesoutstandingbasic": 60708000,
        "weightedaveragenumberofdilutedsharesoutstanding": 230324000,
        "commonstockdividendspersharecashpaid": 0.29
    },
    {
        "date": "2010-04-03",
        "symbol": "HSY",
        "period": "Q1",
        "salesrevenuenet": 1407843000,
        "costofgoodssold": 813863000,
        "sellinggeneralandadministrativeexpense": 340646000,
        "costsandexpenses": 1154509000,
        "incomebeforeinterestandincometaxes": 253334000,
        "interestexpensenet": 23749000,
        "incomelossfromcontinuingoperationsbeforeincometaxesminorityinterestandincomelossfromequitymethodinvestments": 229585000,
        "incometaxexpensebenefit": 82191000,
        "netincomeloss": 147394000,
        "earningspersharebasic": 0.66,
        "earningspersharediluted": 0.64,
        "weightedaveragenumberofsharesoutstandingbasic": 60709,
        "weightedaveragenumberofdilutedsharesoutstanding": 229551,
        "commonstockdividendspersharecashpaid": 0.29
    },
    {
        "date": "2009-10-03",
        "symbol": "HSY",
        "period": "Q3",
        "salesrevenuenet": 1484118000,
        "costofgoodssold": 895020000,
        "sellinggeneralandadministrativeexpense": 301466000,
        "businessrealignmentandimpairmentchargesnet": 8008000,
        "costsandexpenses": 1204494000,
        "incomebeforeinterestandincometaxes": 279624000,
        "interestexpensenet": 22302000,
        "incomelossfromcontinuingoperationsbeforeincometaxesminorityinterestandincomelossfromequitymethodinvestments": 257322000,
        "incometaxexpensebenefit": 95299000,
        "netincomeloss": 162023000,
        "earningspersharebasic": 0.73,
        "earningspersharediluted": 0.71,
        "weightedaveragenumberofsharesoutstandingbasic": 60709,
        "weightedaveragenumberofdilutedsharesoutstanding": 229553,
        "commonstockdividendspersharecashpaid": 0.2678
    }
]