[
    {
        "date": "2024-09-29",
        "symbol": "MRNA",
        "period": "Q3",
        "revenuefromcontractwithcustomerexcludingassessedtax": 42000000,
        "costofgoodsandservicessold": 514000000,
        "researchanddevelopmentexpense": 30000000,
        "generalandadministrativeexpense": 281000000,
        "costsandexpenses": 1932000000,
        "operatingincomeloss": -70000000,
        "investmentincomeinterest": 103000000,
        "othernonoperatingincomeexpense": -12000000,
        "incomelossfromcontinuingoperationsbeforeincometaxesextraordinaryitemsnoncontrollinginterest": 21000000,
        "incometaxexpensebenefit": 8000000,
        "netincomeloss": 13000000,
        "earningspersharebasic": 0.03,
        "earningspersharediluted": 0.03,
        "weightedaveragenumberofsharesoutstandingbasic": 385000000,
        "weightedaveragenumberofdilutedsharesoutstanding": 399000000,
        "othercomprehensiveincomeunrealizedholdinggainlossonsecuritiesarisingduringperiodnetoftax": 73000000,
        "othercomprehensiveincomelossreclassificationadjustmentfromaociforsaleofsecuritiesnetoftax": -1000000,
        "othercomprehensiveincomeavailableforsalesecuritiesadjustmentnetoftaxportionattributabletoparent": 74000000,
        "othercomprehensiveincomelossforeigncurrencytransactionandtranslationadjustmentnetoftax": 8000000,
        "othercomprehensiveincomelossnetoftaxportionattributabletoparent": 82000000,
        "comprehensiveincomenetoftax": 95000000
    },
    {
        "date": "2024-06-29",
        "symbol": "MRNA",
        "period": "Q2",
        "revenuefromcontractwithcustomerexcludingassessedtax": 184000000,
        "costofgoodsandservicessold": 115000000,
        "researchanddevelopmentexpense": 1221000000,
        "generalandadministrativeexpense": 268000000,
        "costsandexpenses": 1604000000,
        "operatingincomeloss": -1363000000,
        "investmentincomeinterest": 111000000,
        "othernonoperatingincomeexpense": -27000000,
        "incomelossfromcontinuingoperationsbeforeincometaxesextraordinaryitemsnoncontrollinginterest": -1279000000,
        "incometaxexpensebenefit": 0,
        "netincomeloss": -1279000000,
        "earningspersharebasic": -3.3400000000000003,
        "earningspersharediluted": -3.3400000000000003,
        "weightedaveragenumberofsharesoutstandingbasic": 383000000,
        "weightedaveragenumberofdilutedsharesoutstanding": 383000000,
        "othercomprehensiveincomeunrealizedholdinggainlossonsecuritiesarisingduringperiodnetoftax": 29000000,
        "othercomprehensiveincomelossreclassificationadjustmentfromaociforsaleofsecuritiesnetoftax": -1000000,
        "othercomprehensiveincomeavailableforsalesecuritiesadjustmentnetoftaxportionattributabletoparent": 30000000,
        "othercomprehensiveincomelossnetoftaxportionattributabletoparent": 30000000,
        "comprehensiveincomenetoftax": -1249000000
    },
    {
        "date": "2024-03-30",
        "symbol": "MRNA",
        "period": "Q1",
        "revenuefromcontractwithcustomerexcludingassessedtax": 167000000,
        "costofgoodsandservicessold": 96000000,
        "researchanddevelopmentexpense": 1063000000,
        "generalandadministrativeexpense": 274000000,
        "costsandexpenses": 1433000000,
        "operatingincomeloss": -1266000000,
        "investmentincomeinterest": 120000000,
        "othernonoperatingincomeexpense": -19000000,
        "incomelossfromcontinuingoperationsbeforeincometaxesextraordinaryitemsnoncontrollinginterest": -1165000000,
        "incometaxexpensebenefit": 10000000,
        "netincomeloss": -1175000000,
        "earningspersharebasic": -3.07,
        "earningspersharediluted": -3.07,
        "weightedaveragenumberofsharesoutstandingbasic": 382000000,
        "weightedaveragenumberofdilutedsharesoutstanding": 382000000,
        "othercomprehensiveincomeunrealizedholdinggainlossonsecuritiesarisingduringperiodnetoftax": 20000000,
        "othercomprehensiveincomelossreclassificationadjustmentfromaociforsaleofsecuritiesnetoftax": -2000000,
        "othercomprehensiveincomeavailableforsalesecuritiesadjustmentnetoftaxportionattributabletoparent": 22000000,
        "othercomprehensiveincomelossnetoftaxportionattributabletoparent": 22000000,
        "comprehensiveincomenetoftax": -1153000000
    },
    {
        "date": "2023-12-30",
        "symbol": "MRNA",
        "period": "Q4",
        "costofgoodsandservicessold": 929000000,
        "researchanddevelopmentexpense": 1406000000,
        "generalandadministrativeexpense": 470000000,
        "costsandexpenses": 2805000000,
        "operatingincomeloss": 6000000,
        "investmentincomeinterest": 103000000,
        "othernonoperatingincomeexpense": -39000000,
        "incomelossfromcontinuingoperationsbeforeincometaxesextraordinaryitemsnoncontrollinginterest": 70000000,
        "incometaxexpensebenefit": -147000000,
        "netincomeloss": 217000000,
        "earningspersharebasic": 0.5600000000000003,
        "earningspersharediluted": 0.56,
        "weightedaveragenumberofsharesoutstandingbasic": 382000000,
        "weightedaveragenumberofdilutedsharesoutstanding": 382000000,
        "othercomprehensiveincomeunrealizedholdinggainlossonsecuritiesarisingduringperiodnetoftax": 95000000,
        "othercomprehensiveincomelossreclassificationadjustmentfromaociforsaleofsecuritiesnetoftax": -2000000,
        "othercomprehensiveincomeavailableforsalesecuritiesadjustmentnetoftaxportionattributabletoparent": 97000000,
        "othercomprehensiveincomelossnetoftaxportionattributabletoparent": 88000000,
        "comprehensiveincomenetoftax": 305000000
    },
    {
        "date": "2023-09-29",
        "symbol": "MRNA",
        "period": "Q3",
        "costofgoodsandservicessold": 2241000000,
        "researchanddevelopmentexpense": 1160000000,
        "generalandadministrativeexpense": 442000000,
        "costsandexpenses": 3843000000,
        "operatingincomeloss": -2012000000,
        "investmentincomeinterest": 105000000,
        "othernonoperatingincomeexpense": -51000000,
        "incomelossfromcontinuingoperationsbeforeincometaxesextraordinaryitemsnoncontrollinginterest": -1958000000,
        "incometaxexpensebenefit": 1672000000,
        "netincomeloss": -3630000000,
        "earningspersharebasic": -9.5,
        "earningspersharediluted": -9.5,
        "weightedaveragenumberofsharesoutstandingbasic": -1000000,
        "weightedaveragenumberofdilutedsharesoutstanding": -1000000,
        "othercomprehensiveincomeunrealizedholdinggainlossonsecuritiesarisingduringperiodnetoftax": 46000000,
        "othercomprehensiveincomelossreclassificationadjustmentfromaociforsaleofsecuritiesnetoftax": -6000000,
        "othercomprehensiveincomeavailableforsalesecuritiesadjustmentnetoftaxportionattributabletoparent": 52000000,
        "othercomprehensiveincomelossnetoftaxportionattributabletoparent": 52000000,
        "comprehensiveincomenetoftax": -3578000000
    },
    {
        "date": "2023-06-29",
        "symbol": "MRNA",
        "period": "Q2",
        "revenues": -9000000,
        "costofgoodsandservicessold": 731000000,
        "researchanddevelopmentexpense": 1148000000,
        "generalandadministrativeexpense": 332000000,
        "costsandexpenses": 2211000000,
        "operatingincomeloss": -1867000000,
        "investmentincomeinterest": 104000000,
        "othernonoperatingincomeexpense": 14000000,
        "incomelossfromcontinuingoperationsbeforeincometaxesextraordinaryitemsnoncontrollinginterest": -1749000000,
        "incometaxexpensebenefit": -369000000,
        "netincomeloss": -1380000000,
        "earningspersharebasic": -3.5900000000000003,
        "earningspersharediluted": -3.58,
        "weightedaveragenumberofsharesoutstandingbasic": -3000000,
        "weightedaveragenumberofdilutedsharesoutstanding": -22000000,
        "othercomprehensiveincomeunrealizedholdinggainlossonsecuritiesarisingduringperiodnetoftax": -10000000,
        "othercomprehensiveincomelossreclassificationadjustmentfromaociforsaleofsecuritiesnetoftax": -14000000,
        "othercomprehensiveincomeavailableforsalesecuritiesadjustmentnetoftaxportionattributabletoparent": 4000000,
        "othercomprehensiveincomelosscashflowhedgegainlossreclassificationaftertax": 0,
        "othercomprehensiveincomelosscashflowhedgegainlossafterreclassificationandtaxparent": 0,
        "othercomprehensiveincomelossnetoftaxportionattributabletoparent": 99000000,
        "comprehensiveincomenetoftax": -1376000000
    },
    {
        "date": "2023-03-30",
        "symbol": "MRNA",
        "period": "Q1",
        "revenues": 10000000,
        "costofgoodsandservicessold": 792000000,
        "researchanddevelopmentexpense": 1131000000,
        "generalandadministrativeexpense": 305000000,
        "costsandexpenses": 2228000000,
        "operatingincomeloss": -366000000,
        "investmentincomeinterest": 109000000,
        "othernonoperatingincomeexpense": -48000000,
        "incomelossfromcontinuingoperationsbeforeincometaxesextraordinaryitemsnoncontrollinginterest": -305000000,
        "incometaxexpensebenefit": -384000000,
        "netincomeloss": 79000000,
        "earningspersharebasic": 0.2,
        "earningspersharediluted": 0.19,
        "weightedaveragenumberofsharesoutstandingbasic": 386000000,
        "weightedaveragenumberofdilutedsharesoutstanding": 405000000,
        "othercomprehensiveincomeunrealizedholdinggainlossonsecuritiesarisingduringperiodnetoftax": 79000000,
        "othercomprehensiveincomelossreclassificationadjustmentfromaociforsaleofsecuritiesnetoftax": -16000000,
        "othercomprehensiveincomeavailableforsalesecuritiesadjustmentnetoftaxportionattributabletoparent": 95000000,
        "othercomprehensiveincomelosscashflowhedgegainlossreclassificationaftertax": -8000000,
        "othercomprehensiveincomelosscashflowhedgegainlossafterreclassificationandtaxparent": 8000000,
        "othercomprehensiveincomelossnetoftaxportionattributabletoparent": 8000000,
        "comprehensiveincomenetoftax": 182000000
    },
    {
        "date": "2022-12-30",
        "symbol": "MRNA",
        "period": "Q4",
        "revenues": 7287000000,
        "costofgoodsandservicessold": -3098000000,
        "researchanddevelopmentexpense": 1211000000,
        "generalandadministrativeexpense": 375000000,
        "costsandexpenses": 3504000000,
        "operatingincomeloss": 1580000000,
        "investmentincomeinterest": 87000000,
        "othernonoperatingincomeexpense": -12000000,
        "incomelossfromcontinuingoperationsbeforeincometaxesextraordinaryitemsnoncontrollinginterest": 1655000000,
        "incometaxexpensebenefit": 190000000,
        "netincomeloss": 1465000000,
        "earningspersharebasic": 3.950000000000003,
        "earningspersharediluted": 3.7699999999999996,
        "weightedaveragenumberofsharesoutstandingbasic": -794000000,
        "weightedaveragenumberofdilutedsharesoutstanding": -841000000,
        "othercomprehensiveincomeunrealizedholdinggainlossonsecuritiesarisingduringperiodnetoftax": 36000000,
        "othercomprehensiveincomelossreclassificationadjustmentfromaociforsaleofsecuritiesnetoftax": -8000000,
        "othercomprehensiveincomeavailableforsalesecuritiesadjustmentnetoftaxportionattributabletoparent": 44000000,
        "othercomprehensiveincomelosscashflowhedgegainlossbeforereclassificationaftertax": -3000000,
        "othercomprehensiveincomelosscashflowhedgegainlossreclassificationaftertax": 60000000,
        "othercomprehensiveincomelosscashflowhedgegainlossafterreclassificationandtaxparent": -63000000,
        "othercomprehensiveincomelossnetoftaxportionattributabletoparent": -63000000,
        "comprehensiveincomenetoftax": 1446000000
    },
    {
        "date": "2022-09-29",
        "symbol": "MRNA",
        "period": "Q3",
        "revenues": 3000000,
        "costofgoodsandservicessold": 1100000000,
        "researchanddevelopmentexpense": 820000000,
        "generalandadministrativeexpense": 278000000,
        "costsandexpenses": 2198000000,
        "operatingincomeloss": 1166000000,
        "investmentincomeinterest": 58000000,
        "othernonoperatingincomeexpense": -7000000,
        "incomelossfromcontinuingoperationsbeforeincometaxesextraordinaryitemsnoncontrollinginterest": 1217000000,
        "incometaxexpensebenefit": 174000000,
        "netincomeloss": 1043000000,
        "earningspersharebasic": 2.67,
        "earningspersharediluted": 2.53,
        "weightedaveragenumberofsharesoutstandingbasic": 390000000,
        "weightedaveragenumberofdilutedsharesoutstanding": 412000000,
        "othercomprehensiveincomeunrealizedholdinggainlossonsecuritiesarisingduringperiodnetoftax": -126000000,
        "othercomprehensiveincomelossreclassificationadjustmentfromaociforsaleofsecuritiesnetoftax": -3000000,
        "othercomprehensiveincomeavailableforsalesecuritiesadjustmentnetoftaxportionattributabletoparent": -123000000,
        "othercomprehensiveincomelosscashflowhedgegainlossbeforereclassificationaftertax": 62000000,
        "othercomprehensiveincomelosscashflowhedgegainlossreclassificationaftertax": 50000000,
        "othercomprehensiveincomelosscashflowhedgegainlossafterreclassificationandtaxparent": 12000000,
        "othercomprehensiveincomelossnetoftaxportionattributabletoparent": 12000000,
        "comprehensiveincomenetoftax": 932000000
    },
    {
        "date": "2022-06-29",
        "symbol": "MRNA",
        "period": "Q2",
        "revenues": 4000000,
        "costofgoodsandservicessold": 1381000000,
        "researchanddevelopmentexpense": 710000000,
        "generalandadministrativeexpense": 211000000,
        "costsandexpenses": 2302000000,
        "operatingincomeloss": 2447000000,
        "investmentincomeinterest": 40000000,
        "othernonoperatingincomeexpense": -13000000,
        "incomelossfromcontinuingoperationsbeforeincometaxesextraordinaryitemsnoncontrollinginterest": 2474000000,
        "incometaxexpensebenefit": 277000000,
        "netincomeloss": 2197000000,
        "earningspersharebasic": 5.55,
        "earningspersharediluted": 5.24,
        "weightedaveragenumberofsharesoutstandingbasic": 396000000,
        "weightedaveragenumberofdilutedsharesoutstanding": 419000000,
        "othercomprehensiveincomeunrealizedholdinggainlossonsecuritiesarisingduringperiodnetoftax": -80000000,
        "othercomprehensiveincomelossreclassificationadjustmentfromaociforsaleofsecuritiesnetoftax": -8000000,
        "othercomprehensiveincomeavailableforsalesecuritiesadjustmentnetoftaxportionattributabletoparent": -72000000,
        "othercomprehensiveincomelosscashflowhedgegainlossbeforereclassificationaftertax": 46000000,
        "othercomprehensiveincomelosscashflowhedgegainlossreclassificationaftertax": 30000000,
        "othercomprehensiveincomelosscashflowhedgegainlossafterreclassificationandtaxparent": 16000000,
        "othercomprehensiveincomelossnetoftaxportionattributabletoparent": 16000000,
        "comprehensiveincomenetoftax": 2141000000
    },
    {
        "date": "2022-03-30",
        "symbol": "MRNA",
        "period": "Q1",
        "revenues": 4000000,
        "costofgoodsandservicessold": 1017000000,
        "researchanddevelopmentexpense": 554000000,
        "generalandadministrativeexpense": 268000000,
        "costsandexpenses": 1839000000,
        "operatingincomeloss": 4227000000,
        "investmentincomeinterest": 15000000,
        "othernonoperatingincomeexpense": -13000000,
        "incomelossfromcontinuingoperationsbeforeincometaxesextraordinaryitemsnoncontrollinginterest": 4229000000,
        "incometaxexpensebenefit": 572000000,
        "netincomeloss": 3657000000,
        "earningspersharebasic": 9.09,
        "earningspersharediluted": 8.58,
        "weightedaveragenumberofsharesoutstandingbasic": 402000000,
        "weightedaveragenumberofdilutedsharesoutstanding": 426000000,
        "othercomprehensiveincomeunrealizedholdinggainlossonsecuritiesarisingduringperiodnetoftax": -178000000,
        "othercomprehensiveincomelossreclassificationadjustmentfromaociforsaleofsecuritiesnetoftax": -7000000,
        "othercomprehensiveincomeavailableforsalesecuritiesadjustmentnetoftaxportionattributabletoparent": -171000000,
        "othercomprehensiveincomelosscashflowhedgegainlossbeforereclassificationaftertax": 25000000,
        "othercomprehensiveincomelosscashflowhedgegainlossreclassificationaftertax": 14000000,
        "othercomprehensiveincomelosscashflowhedgegainlossafterreclassificationandtaxparent": 11000000,
        "othercomprehensiveincomelossnetoftaxportionattributabletoparent": 11000000,
        "comprehensiveincomenetoftax": 3497000000
    },
    {
        "date": "2021-12-30",
        "symbol": "MRNA",
        "period": "Q4",
        "revenues": 5429000000,
        "costofgoodsandservicessold": 952000000,
        "researchanddevelopmentexpense": 648000000,
        "generalandadministrativeexpense": 201000000,
        "costsandexpenses": 1801000000,
        "operatingincomeloss": 5410000000,
        "investmentincomeinterest": 7000000,
        "othernonoperatingincomeexpense": -7000000,
        "incometaxexpensebenefit": 542000000,
        "netincomeloss": 4868000000,
        "earningspersharebasic": 12.059999999999999,
        "earningspersharediluted": 11.29,
        "weightedaveragenumberofsharesoutstandingbasic": -803000000,
        "weightedaveragenumberofdilutedsharesoutstanding": -864000000,
        "othercomprehensiveincomeunrealizedholdinggainlossonsecuritiesarisingduringperiodnetoftax": -32000000,
        "comprehensiveincomenetoftax": 4813000000
    },
    {
        "date": "2021-09-29",
        "symbol": "MRNA",
        "period": "Q3",
        "revenues": 12000000,
        "costofgoodsandservicessold": 722000000,
        "researchanddevelopmentexpense": 521000000,
        "generalandadministrativeexpense": 168000000,
        "costsandexpenses": 1411000000,
        "operatingincomeloss": 3558000000,
        "investmentincomeinterest": 4000000,
        "othernonoperatingincomeexpense": -10000000,
        "incomelossfromcontinuingoperationsbeforeincometaxesextraordinaryitemsnoncontrollinginterest": 3552000000,
        "incometaxexpensebenefit": 219000000,
        "netincomeloss": 3333000000,
        "earningspersharebasic": 8.27,
        "earningspersharediluted": 7.7,
        "weightedaveragenumberofsharesoutstandingbasic": 404000000,
        "weightedaveragenumberofdilutedsharesoutstanding": 434000000,
        "othercomprehensiveincomeunrealizedholdinggainlossonsecuritiesarisingduringperiodnetoftax": -3000000,
        "othercomprehensiveincomelossreclassificationadjustmentfromaociforsaleofsecuritiesnetoftax": 1000000,
        "othercomprehensiveincomeavailableforsalesecuritiesadjustmentnetoftaxportionattributabletoparent": -4000000,
        "othercomprehensiveincomelosscashflowhedgegainlossbeforereclassificationaftertax": 30000000,
        "othercomprehensiveincomelosscashflowhedgegainlossreclassificationaftertax": -11000000,
        "othercomprehensiveincomelosscashflowhedgegainlossafterreclassificationandtaxparent": 19000000,
        "othercomprehensiveincomelossnetoftaxportionattributabletoparent": 19000000,
        "comprehensiveincomenetoftax": 3348000000
    },
    {
        "date": "2021-06-29",
        "symbol": "MRNA",
        "period": "Q2",
        "revenues": 5000000,
        "costofgoodsandservicessold": 750000000,
        "researchanddevelopmentexpense": 421000000,
        "generalandadministrativeexpense": 121000000,
        "costsandexpenses": 1292000000,
        "operatingincomeloss": 3062000000,
        "investmentincomeinterest": 3000000,
        "othernonoperatingincomeexpense": -2000000,
        "incomelossfromcontinuingoperationsbeforeincometaxesminorityinterestandincomelossfromequitymethodinvestments": 3063000000,
        "incometaxexpensebenefit": 283000000,
        "netincomeloss": 2780000000,
        "earningspersharebasic": 6.93,
        "earningspersharediluted": 6.46,
        "weightedaveragenumberofsharesoutstandingbasic": 402000000,
        "weightedaveragenumberofdilutedsharesoutstanding": 431000000,
        "othercomprehensiveincomeunrealizedholdinggainlossonsecuritiesarisingduringperiodnetoftax": -5000000,
        "othercomprehensiveincomelossreclassificationadjustmentfromaociforsaleofsecuritiesnetoftax": 1000000,
        "othercomprehensiveincomeavailableforsalesecuritiesadjustmentnetoftaxportionattributabletoparent": -6000000,
        "othercomprehensiveincomelosscashflowhedgegainlossafterreclassificationandtax": 21000000,
        "othercomprehensiveincomelossnetoftaxportionattributabletoparent": 21000000,
        "comprehensiveincomenetoftax": 2795000000
    },
    {
        "date": "2021-03-30",
        "symbol": "MRNA",
        "period": "Q1",
        "revenues": 2000000,
        "costofgoodsandservicessold": 193000000,
        "researchanddevelopmentexpense": 401000000,
        "generalandadministrativeexpense": 77000000,
        "costsandexpenses": 671000000,
        "operatingincomeloss": 1266000000,
        "investmentincomeinterest": 4000000,
        "othernonoperatingincomeexpense": -10000000,
        "incomelossfromcontinuingoperationsbeforeincometaxesminorityinterestandincomelossfromequitymethodinvestments": 1260000000,
        "incometaxexpensebenefit": 39000000,
        "netincomeloss": 1221000000,
        "earningspersharebasic": 3.05,
        "earningspersharediluted": 2.84,
        "weightedaveragenumberofsharesoutstandingbasic": 400000000,
        "weightedaveragenumberofdilutedsharesoutstanding": 430000000,
        "othercomprehensiveincomeunrealizedholdinggainlossonsecuritiesarisingduringperiodnetoftax": -2000000,
        "comprehensiveincomenetoftax": 1219000000
    },
    {
        "date": "2020-12-30",
        "symbol": "MRNA",
        "period": "Q4",
        "revenues": 351582000,
        "researchanddevelopmentexpense": 758860000,
        "generalandadministrativeexpense": 78990000,
        "operatingincomeloss": -275038000,
        "investmentincomeinterest": 4200000,
        "othernonoperatingincomeexpense": -174000,
        "incomelossfromcontinuingoperationsbeforeincometaxesminorityinterestandincomelossfromequitymethodinvestments": -271012000,
        "incometaxexpensebenefit": 1473000,
        "netincomeloss": -272485000,
        "earningspersharebasicanddiluted": -0.7100000000000001,
        "weightedaveragenumberofshareoutstandingbasicanddiluted": -746986194,
        "othercomprehensiveincomeunrealizedholdinggainlossonsecuritiesarisingduringperiodnetoftax": 623000,
        "othercomprehensiveincomelossreclassificationadjustmentfromaociforsaleofsecuritiesnetoftax": 2403000,
        "othercomprehensiveincomelossnetoftaxportionattributabletoparent": -1780000,
        "comprehensiveincomenetoftax": -274265000
    },
    {
        "date": "2020-09-29",
        "symbol": "MRNA",
        "period": "Q3",
        "revenues": 145694000,
        "researchanddevelopmentexpense": 344486000,
        "generalandadministrativeexpense": 48541000,
        "operatingexpenses": 393027000,
        "operatingincomeloss": -235117000,
        "investmentincomeinterest": 5571000,
        "othernonoperatingincomeexpense": -3226000,
        "incomelossfromcontinuingoperationsbeforeincometaxesminorityinterestandincomelossfromequitymethodinvestments": -232772000,
        "incometaxexpensebenefit": 864000,
        "netincomeloss": -233636000,
        "earningspersharebasicanddiluted": -0.59,
        "weightedaveragenumberofshareoutstandingbasicanddiluted": 394682744,
        "othercomprehensiveincomeunrealizedholdinggainlossonsecuritiesarisingduringperiodnetoftax": -3683000,
        "othercomprehensiveincomelossreclassificationadjustmentfromaociforsaleofsecuritiesnetoftax": -211000,
        "othercomprehensiveincomelossnetoftaxportionattributabletoparent": -3472000,
        "comprehensiveincomenetoftax": -237108000
    },
    {
        "date": "2020-06-29",
        "symbol": "MRNA",
        "period": "Q2",
        "revenues": 28442000,
        "researchanddevelopmentexpense": 151856000,
        "generalandadministrativeexpense": 36622000,
        "operatingexpenses": 188478000,
        "operatingincomeloss": -122127000,
        "investmentincomeinterest": 7092000,
        "othernonoperatingincomeexpense": -1530000,
        "incomelossfromcontinuingoperationsbeforeincometaxesminorityinterestandincomelossfromequitymethodinvestments": -116565000,
        "incometaxexpensebenefit": 148000,
        "netincomeloss": -116713000,
        "earningspersharebasicanddiluted": -0.31,
        "weightedaveragenumberofshareoutstandingbasicanddiluted": 380531488,
        "othercomprehensiveincomeunrealizedholdinggainlossonsecuritiesarisingduringperiodnetoftax": 13171000,
        "othercomprehensiveincomelossreclassificationadjustmentfromaociforsaleofsecuritiesnetoftax": -1212000,
        "othercomprehensiveincomelossnetoftaxportionattributabletoparent": 14383000,
        "comprehensiveincomenetoftax": -102330000
    },
    {
        "date": "2020-03-30",
        "symbol": "MRNA",
        "period": "Q1",
        "netincomeloss": -124230000,
        "othercomprehensiveincomeunrealizedholdinggainlossonsecuritiesarisingduringperiodnetoftax": -7610000,
        "othercomprehensiveincomelossreclassificationadjustmentfromaociforsaleofsecuritiesnetoftax": 321000,
        "othercomprehensiveincomelossnetoftaxportionattributabletoparent": -7931000,
        "comprehensiveincomenetoftax": -132161000,
        "revenues": 3187000,
        "researchanddevelopmentexpense": 115137000,
        "generalandadministrativeexpense": 24114000,
        "operatingexpenses": 139251000,
        "operatingincomeloss": -130862000,
        "investmentincomeinterest": 7852000,
        "othernonoperatingincomeexpense": -1154000,
        "incomelossfromcontinuingoperationsbeforeincometaxesminorityinterestandincomelossfromequitymethodinvestments": -124164000,
        "incometaxexpensebenefit": 66000,
        "earningspersharebasicanddiluted": -0.35,
        "weightedaveragenumberofshareoutstandingbasicanddiluted": 353105021
    },
    {
        "date": "2019-12-30",
        "symbol": "MRNA",
        "period": "Q4",
        "netincomeloss": -123116000,
        "othercomprehensiveincomeunrealizedholdinggainlossonsecuritiesarisingduringperiodnetoftax": -796000,
        "othercomprehensiveincomelossreclassificationadjustmentfromaociforsaleofsecuritiesnetoftax": 230000,
        "othercomprehensiveincomelossnetoftaxportionattributabletoparent": -1026000,
        "comprehensiveincomenetoftax": -124142000,
        "othercomprehensiveincomeunrealizedholdinggainlossonsecuritiesarisingduringperiodtax": -25000,
        "revenues": 3502000,
        "researchanddevelopmentexpense": 117523000,
        "generalandadministrativeexpense": 25626000,
        "operatingexpenses": 143149000,
        "operatingincomeloss": -127705000,
        "investmentincomeinterest": 7984000,
        "othernonoperatingincomeexpense": -2175000,
        "incomelossfromcontinuingoperationsbeforeincometaxesminorityinterestandincomelossfromequitymethodinvestments": -121896000,
        "incometaxexpensebenefit": -169000,
        "netincomelossavailabletocommonstockholdersbasic": -123116000,
        "earningspersharebasicanddiluted": -0.36000000000000004,
        "weightedaveragenumberofshareoutstandingbasicanddiluted": -657953298
    },
    {
        "date": "2019-09-29",
        "symbol": "MRNA",
        "period": "Q3",
        "netincomeloss": -123194000,
        "othercomprehensiveincomeunrealizedholdinggainlossonsecuritiesarisingduringperiodnetoftax": 168000,
        "othercomprehensiveincomelossreclassificationadjustmentfromaociforsaleofsecuritiesnetoftax": 79000,
        "othercomprehensiveincomelossnetoftaxportionattributabletoparent": 89000,
        "comprehensiveincomenetoftax": -123105000,
        "othercomprehensiveincomeunrealizedholdinggainlossonsecuritiesarisingduringperiodtax": 25000,
        "revenues": 3708000,
        "researchanddevelopmentexpense": 119715000,
        "generalandadministrativeexpense": 28188000,
        "operatingexpenses": 147903000,
        "operatingincomeloss": -123181000,
        "investmentincomeinterest": 9252000,
        "othernonoperatingincomeexpense": -1767000,
        "incomelossfromcontinuingoperationsbeforeincometaxesminorityinterestandincomelossfromequitymethodinvestments": -115696000,
        "incometaxexpensebenefit": -178000,
        "netincomelossavailabletocommonstockholdersbasic": -123194000,
        "earningspersharebasicanddiluted": -0.35,
        "weightedaveragenumberofshareoutstandingbasicanddiluted": 330769341
    },
    {
        "date": "2019-06-29",
        "symbol": "MRNA",
        "period": "Q2",
        "netincomeloss": -135054000,
        "othercomprehensiveincomeunrealizedholdinggainlossonsecuritiesarisingduringperiodnetoftax": 2167000,
        "othercomprehensiveincomelossreclassificationadjustmentfromaociforsaleofsecuritiesnetoftax": 17000,
        "othercomprehensiveincomelossnetoftaxportionattributabletoparent": 2150000,
        "comprehensiveincomenetoftax": -132904000,
        "othercomprehensiveincomeunrealizedholdinggainlossonsecuritiesarisingduringperiodtax": 608000,
        "revenues": 3053000,
        "researchanddevelopmentexpense": 128496000,
        "generalandadministrativeexpense": 28523000,
        "operatingexpenses": 157019000,
        "operatingincomeloss": -140139000,
        "investmentincomeinterest": 10322000,
        "othernonoperatingincomeexpense": -1764000,
        "incomelossfromcontinuingoperationsbeforeincometaxesminorityinterestandincomelossfromequitymethodinvestments": -131581000,
        "incometaxexpensebenefit": -324000,
        "netincomelossavailabletocommonstockholdersbasic": -135054000,
        "earningspersharebasicanddiluted": -0.4,
        "weightedaveragenumberofshareoutstandingbasicanddiluted": 329176107
    },
    {
        "date": "2019-03-30",
        "symbol": "MRNA",
        "period": "Q1",
        "netincomeloss": -132657000,
        "othercomprehensiveincomeunrealizedholdinggainlossonsecuritiesarisingduringperiodnetoftax": 1908000,
        "othercomprehensiveincomelossreclassificationadjustmentfromaociforsaleofsecuritiesnetoftax": -3000,
        "othercomprehensiveincomelossnetoftaxportionattributabletoparent": 1911000,
        "comprehensiveincomenetoftax": -130746000,
        "othercomprehensiveincomeunrealizedholdinggainlossonsecuritiesarisingduringperiodtax": 540000,
        "revenues": 1910000,
        "researchanddevelopmentexpense": 130575000,
        "generalandadministrativeexpense": 27283000,
        "operatingexpenses": 157858000,
        "operatingincomeloss": -119926000,
        "investmentincomeinterest": 10972000,
        "othernonoperatingincomeexpense": -1820000,
        "incomelossfromcontinuingoperationsbeforeincometaxesminorityinterestandincomelossfromequitymethodinvestments": -110774000,
        "incometaxexpensebenefit": -24000,
        "netincomelossavailabletocommonstockholdersbasic": -132657000,
        "earningspersharebasicanddiluted": -0.34,
        "weightedaveragenumberofshareoutstandingbasicanddiluted": 328809986
    }
]