[
    {
        "date": "2024-09-29",
        "symbol": "HIG",
        "period": "Q3",
        "premiumsearnednet": 5734000000,
        "insurancecommissionsandfees": 10000000,
        "netinvestmentincome": 3000000,
        "realizedinvestmentgainslosses": -1000000,
        "otherincome": 22000000,
        "revenues": 6751000000,
        "policyholderbenefitsandclaimsincurrednet": 3823000000,
        "deferredpolicyacquisitioncostamortizationexpense": 585000000,
        "sellinggeneralandadministrativeexpense": 1323000000,
        "interestexpense": 4000000,
        "amortizationofintangibleassets": 18000000,
        "restructuringcharges": 127000000,
        "benefitslossesandexpenses": 5799000000,
        "incomelossfromcontinuingoperationsbeforeincometaxesextraordinaryitemsnoncontrollinginterest": -9000000,
        "incometaxexpensebenefit": -2000000,
        "netincomeloss": -49000000,
        "preferredstockdividendsincomestatementimpact": 6000000,
        "netincomelossavailabletocommonstockholdersbasic": 761000000,
        "earningspersharebasic": 2.6,
        "earningspersharediluted": 2.56,
        "othercomprehensiveincomeavailableforsalesecuritiesadjustmentnetoftaxportionattributabletoparent": 1061000000,
        "othercomprehensiveincomelossavailableforsalesecuritiesadjustmentnetoftax": 2000000,
        "othercomprehensiveincomelosscashflowhedgegainlossreclassificationaftertax": -3000000,
        "othercomprehensiveincomeforeigncurrencytransactionandtranslationadjustmentnetoftaxportionattributabletoparent": 6000000,
        "ociliabilityforfuturepolicybenefitgainlossafterreclassificationadjustmentandtax": -16000000,
        "othercomprehensiveincomedefinedbenefitplansadjustmentnetoftaxportionattributabletoparent": -7000000,
        "othercomprehensiveincomelossnetoftaxportionattributabletoparent": 1063000000,
        "comprehensiveincomenetoftax": 1830000000
    },
    {
        "date": "2024-06-29",
        "symbol": "HIG",
        "period": "Q2",
        "premiumsearnednet": 5578000000,
        "insurancecommissionsandfees": 339000000,
        "netinvestmentincome": 602000000,
        "realizedinvestmentgainslosses": -59000000,
        "otherincome": 26000000,
        "revenues": 6486000000,
        "policyholderbenefitsandclaimsincurrednet": 3661000000,
        "deferredpolicyacquisitioncostamortizationexpense": 561000000,
        "sellinggeneralandadministrativeexpense": 1285000000,
        "interestexpense": 50000000,
        "amortizationofintangibleassets": 17000000,
        "restructuringcharges": 0,
        "benefitslossesandexpenses": 5574000000,
        "incomelossfromcontinuingoperationsbeforeincometaxesextraordinaryitemsnoncontrollinginterest": 912000000,
        "incometaxexpensebenefit": 174000000,
        "netincomeloss": 738000000,
        "preferredstockdividendsincomestatementimpact": 5000000,
        "netincomelossavailabletocommonstockholdersbasic": 733000000,
        "earningspersharebasic": 2.4800000000000004,
        "earningspersharediluted": 2.4499999999999997,
        "othercomprehensiveincomeavailableforsalesecuritiesadjustmentnetoftaxportionattributabletoparent": -90000000,
        "othercomprehensiveincomelossavailableforsalesecuritiesadjustmentnetoftax": 0,
        "othercomprehensiveincomeforeigncurrencytransactionandtranslationadjustmentnetoftaxportionattributabletoparent": -1000000,
        "ociliabilityforfuturepolicybenefitgainlossafterreclassificationadjustmentandtax": 5000000,
        "othercomprehensiveincomedefinedbenefitplansadjustmentnetoftaxportionattributabletoparent": -6000000,
        "othercomprehensiveincomelossnetoftaxportionattributabletoparent": -71000000,
        "comprehensiveincomenetoftax": 667000000
    },
    {
        "date": "2024-03-30",
        "symbol": "HIG",
        "period": "Q1",
        "premiumsearnednet": 5446000000,
        "insurancecommissionsandfees": 333000000,
        "netinvestmentincome": 593000000,
        "realizedinvestmentgainslosses": 28000000,
        "otherincome": 19000000,
        "revenues": 6419000000,
        "policyholderbenefitsandclaimsincurrednet": 3611000000,
        "deferredpolicyacquisitioncostamortizationexpense": 545000000,
        "sellinggeneralandadministrativeexpense": 1283000000,
        "interestexpense": 50000000,
        "amortizationofintangibleassets": 18000000,
        "restructuringcharges": 1000000,
        "benefitslossesandexpenses": 5508000000,
        "incomelossfromcontinuingoperationsbeforeincometaxesextraordinaryitemsnoncontrollinginterest": 911000000,
        "incometaxexpensebenefit": 158000000,
        "netincomeloss": 753000000,
        "preferredstockdividendsincomestatementimpact": 5000000,
        "netincomelossavailabletocommonstockholdersbasic": 748000000,
        "earningspersharebasic": 2.51,
        "earningspersharediluted": 2.47,
        "othercomprehensiveincomeavailableforsalesecuritiesadjustmentnetoftaxportionattributabletoparent": -160000000,
        "othercomprehensiveincomelossavailableforsalesecuritiesadjustmentnetoftax": 1000000,
        "othercomprehensiveincomeforeigncurrencytransactionandtranslationadjustmentnetoftaxportionattributabletoparent": -1000000,
        "ociliabilityforfuturepolicybenefitgainlossafterreclassificationadjustmentandtax": 5000000,
        "othercomprehensiveincomedefinedbenefitplansadjustmentnetoftaxportionattributabletoparent": -7000000,
        "othercomprehensiveincomelossnetoftaxportionattributabletoparent": -148000000,
        "comprehensiveincomenetoftax": 605000000
    },
    {
        "date": "2023-06-29",
        "symbol": "HIG",
        "period": "Q2",
        "premiumsearnednet": 5220000000,
        "insurancecommissionsandfees": 328000000,
        "netinvestmentincome": 540000000,
        "realizedinvestmentgainslosses": -64000000,
        "otherincome": 25000000,
        "revenues": 6049000000,
        "policyholderbenefitsandclaimsincurrednet": 3580000000,
        "deferredpolicyacquisitioncostamortizationexpense": 502000000,
        "sellinggeneralandadministrativeexpense": 1225000000,
        "interestexpense": 50000000,
        "amortizationofintangibleassets": 17000000,
        "restructuringcharges": 3000000,
        "benefitslossesandexpenses": 5377000000,
        "incomelossfromcontinuingoperationsbeforeincometaxesextraordinaryitemsnoncontrollinginterest": 672000000,
        "incometaxexpensebenefit": 125000000,
        "netincomeloss": 547000000,
        "dividendspreferredstockcash": 5000000,
        "netincomelossavailabletocommonstockholdersbasic": 542000000,
        "earningspersharebasic": 1.75,
        "earningspersharediluted": 1.73,
        "othercomprehensiveincomeavailableforsalesecuritiesadjustmentnetoftaxportionattributabletoparent": -269000000,
        "othercomprehensiveincomelossavailableforsalesecuritiesadjustmentnetoftax": 3000000,
        "othercomprehensiveincomelosscashflowhedgegainlossreclassificationaftertax": 17000000,
        "othercomprehensiveincomeforeigncurrencytransactionandtranslationadjustmentnetoftaxportionattributabletoparent": 3000000,
        "ociliabilityforfuturepolicybenefitgainlossafterreclassificationadjustmentandtax": 5000000,
        "othercomprehensiveincomedefinedbenefitplansadjustmentnetoftaxportionattributabletoparent": -5000000,
        "othercomprehensiveincomelossnetoftaxportionattributabletoparent": -270000000,
        "comprehensiveincomenetoftax": 277000000
    },
    {
        "date": "2023-03-30",
        "symbol": "HIG",
        "period": "Q1",
        "premiumsearnednet": 5063000000,
        "insurancecommissionsandfees": 9000000,
        "netinvestmentincome": 2000000,
        "realizedinvestmentgainslosses": -27000000,
        "otherincome": 19000000,
        "revenues": 5910000000,
        "policyholderbenefitsandclaimsincurrednet": 3482000000,
        "deferredpolicyacquisitioncostamortizationexpense": 491000000,
        "sellinggeneralandadministrativeexpense": 1216000000,
        "interestexpense": 3000000,
        "amortizationofintangibleassets": 18000000,
        "restructuringcharges": 2000000,
        "benefitslossesandexpenses": 5257000000,
        "incomelossfromcontinuingoperationsbeforeincometaxesextraordinaryitemsnoncontrollinginterest": -6000000,
        "incometaxexpensebenefit": -1000000,
        "netincomeloss": -28000000,
        "dividendspreferredstockcash": 5000000,
        "netincomelossavailabletocommonstockholdersbasic": 530000000,
        "earningspersharebasic": 1.69,
        "earningspersharediluted": 1.66,
        "othercomprehensiveincomeavailableforsalesecuritiesadjustmentnetoftaxportionattributabletoparent": 586000000,
        "othercomprehensiveincomelossavailableforsalesecuritiesadjustmentnetoftax": -6000000,
        "othercomprehensiveincomelosscashflowhedgegainlossreclassificationaftertax": -8000000,
        "othercomprehensiveincomeforeigncurrencytransactionandtranslationadjustmentnetoftaxportionattributabletoparent": 2000000,
        "ociliabilityforfuturepolicybenefitgainlossafterreclassificationadjustmentandtax": -8000000,
        "othercomprehensiveincomedefinedbenefitplansadjustmentnetoftaxportionattributabletoparent": -5000000,
        "othercomprehensiveincomelossnetoftaxportionattributabletoparent": 587000000,
        "comprehensiveincomenetoftax": 1122000000
    },
    {
        "date": "2022-09-29",
        "symbol": "HIG",
        "period": "Q3",
        "premiumsearnednet": 4910000000,
        "insurancecommissionsandfees": 328000000,
        "netinvestmentincome": 487000000,
        "realizedinvestmentgainslosses": -166000000,
        "otherincome": 21000000,
        "revenues": 5580000000,
        "policyholderbenefitsandclaimsincurrednet": 3408000000,
        "deferredpolicyacquisitioncostamortizationexpense": 467000000,
        "sellinggeneralandadministrativeexpense": 1203000000,
        "interestexpense": 50000000,
        "amortizationofintangibleassets": 18000000,
        "restructuringcharges": 3000000,
        "benefitslossesandexpenses": 5149000000,
        "incomelossfromcontinuingoperationsbeforeincometaxesextraordinaryitemsnoncontrollinginterest": 431000000,
        "incometaxexpensebenefit": 92000000,
        "netincomeloss": 339000000,
        "dividendspreferredstockcash": 6000000,
        "netincomelossavailabletocommonstockholdersbasic": 333000000,
        "earningspersharebasic": 1.03,
        "earningspersharediluted": 1.02,
        "othercomprehensiveincomeavailableforsalesecuritiesadjustmentnetoftaxportionattributabletoparent": -1180000000,
        "othercomprehensiveincomelossavailableforsalesecuritiesadjustmentnetoftax": -5000000,
        "othercomprehensiveincomelosscashflowhedgegainlossreclassificationaftertax": -39000000,
        "othercomprehensiveincomeforeigncurrencytransactionandtranslationadjustmentnetoftaxportionattributabletoparent": -19000000,
        "othercomprehensiveincomedefinedbenefitplansadjustmentnetoftaxportionattributabletoparent": -13000000,
        "othercomprehensiveincomelossnetoftaxportionattributabletoparent": -1152000000,
        "comprehensiveincomenetoftax": -813000000
    },
    {
        "date": "2022-06-29",
        "symbol": "HIG",
        "period": "Q2",
        "premiumsearnednet": 4810000000,
        "insurancecommissionsandfees": 341000000,
        "netinvestmentincome": 541000000,
        "realizedinvestmentgainslosses": -338000000,
        "otherincome": 19000000,
        "revenues": 5373000000,
        "policyholderbenefitsandclaimsincurrednet": 3076000000,
        "deferredpolicyacquisitioncostamortizationexpense": 453000000,
        "sellinggeneralandadministrativeexpense": 1222000000,
        "interestexpense": 51000000,
        "amortizationofintangibleassets": 17000000,
        "restructuringcharges": 2000000,
        "benefitslossesandexpenses": 4821000000,
        "incomelossfromcontinuingoperationsbeforeincometaxesextraordinaryitemsnoncontrollinginterest": 552000000,
        "incometaxexpensebenefit": 110000000,
        "netincomeloss": 442000000,
        "dividendspreferredstockcash": 5000000,
        "netincomelossavailabletocommonstockholdersbasic": 437000000,
        "earningspersharebasic": 1.33,
        "earningspersharediluted": 1.32,
        "othercomprehensiveincomeavailableforsalesecuritiesadjustmentnetoftaxportionattributabletoparent": -1592000000,
        "othercomprehensiveincomelosscashflowhedgegainlossreclassificationaftertax": -25000000,
        "othercomprehensiveincomeforeigncurrencytransactionandtranslationadjustmentnetoftaxportionattributabletoparent": -8000000,
        "othercomprehensiveincomedefinedbenefitplansadjustmentnetoftaxportionattributabletoparent": -12000000,
        "othercomprehensiveincomelossnetoftaxportionattributabletoparent": -1563000000,
        "comprehensiveincomenetoftax": -1121000000
    },
    {
        "date": "2021-12-30",
        "symbol": "HIG",
        "period": "Q4",
        "premiumsearnednet": 4631000000,
        "insurancecommissionsandfees": 724000000,
        "netinvestmentincome": 1081000000,
        "realizedinvestmentgainslosses": 212000000,
        "otherincome": 12000000,
        "revenues": 5816000000,
        "policyholderbenefitsandclaimsincurrednet": 3173000000,
        "deferredpolicyacquisitioncostamortizationexpense": 428000000,
        "sellinggeneralandadministrativeexpense": 1233000000,
        "interestexpense": 121000000,
        "amortizationofintangibleassets": 18000000,
        "benefitslossesandexpenses": 4916000000,
        "incometaxexpensebenefit": 229000000,
        "netincomeloss": 981000000,
        "dividendspreferredstockcash": 5000000,
        "netincomelossavailabletocommonstockholdersbasic": 724000000,
        "earningspersharebasic": 2.11,
        "earningspersharediluted": 2.08,
        "othercomprehensiveincomeavailableforsalesecuritiesadjustmentnetoftaxportionattributabletoparent": -314000000,
        "othercomprehensiveincomelosscashflowhedgegainlossreclassificationaftertax": 7000000,
        "othercomprehensiveincomeforeigncurrencytransactionandtranslationadjustmentnetoftaxportionattributabletoparent": -1000000,
        "othercomprehensiveincomedefinedbenefitplansadjustmentnetoftaxportionattributabletoparent": -187000000,
        "othercomprehensiveincomelossnetoftaxportionattributabletoparent": -135000000,
        "comprehensiveincomenetoftax": 594000000
    },
    {
        "date": "2021-09-29",
        "symbol": "HIG",
        "period": "Q3",
        "premiumsearnednet": 4565000000,
        "insurancecommissionsandfees": 377000000,
        "netinvestmentincome": 650000000,
        "realizedinvestmentgainslosses": 70000000,
        "otherincome": 24000000,
        "revenues": 5686000000,
        "policyholderbenefitsandclaimsincurrednet": 3420000000,
        "deferredpolicyacquisitioncostamortizationexpense": 419000000,
        "sellinggeneralandadministrativeexpense": 1200000000,
        "interestexpense": 58000000,
        "amortizationofintangibleassets": 18000000,
        "restructuringcharges": -12000000,
        "benefitslossesandexpenses": 5103000000,
        "incomelossfromcontinuingoperationsbeforeincometaxesextraordinaryitemsnoncontrollinginterest": 583000000,
        "incometaxexpensebenefit": 101000000,
        "netincomeloss": 482000000,
        "dividendspreferredstockcash": 6000000,
        "netincomelossavailabletocommonstockholdersbasic": 476000000,
        "earningspersharebasic": 1.38,
        "earningspersharediluted": 1.36,
        "othercomprehensiveincomeavailableforsalesecuritiesadjustmentnetoftaxportionattributabletoparent": -274000000,
        "othercomprehensiveincomelosscashflowhedgegainlossreclassificationaftertax": -1000000,
        "othercomprehensiveincomeforeigncurrencytransactionandtranslationadjustmentnetoftaxportionattributabletoparent": -4000000,
        "othercomprehensiveincomedefinedbenefitplansadjustmentnetoftaxportionattributabletoparent": -14000000,
        "othercomprehensiveincomelossnetoftaxportionattributabletoparent": -263000000,
        "comprehensiveincomenetoftax": 219000000
    },
    {
        "date": "2021-06-29",
        "symbol": "HIG",
        "period": "Q2",
        "premiumsearnednet": 4460000000,
        "insurancecommissionsandfees": 375000000,
        "netinvestmentincome": 581000000,
        "realizedinvestmentgainslosses": 147000000,
        "otherincome": 26000000,
        "revenues": 5589000000,
        "policyholderbenefitsandclaimsincurrednet": 2786000000,
        "deferredpolicyacquisitioncostamortizationexpense": 417000000,
        "sellinggeneralandadministrativeexpense": 1202000000,
        "interestexpense": 57000000,
        "amortizationofintangibleassets": 17000000,
        "benefitslossesandexpenses": 4479000000,
        "incomelossfromcontinuingoperationsbeforeincometaxesminorityinterestandincomelossfromequitymethodinvestments": 1110000000,
        "incometaxexpensebenefit": 205000000,
        "netincomeloss": 905000000,
        "dividendspreferredstockcash": 5000000,
        "netincomelossavailabletocommonstockholdersbasic": 900000000,
        "earningspersharebasic": 2.54,
        "earningspersharediluted": 2.51,
        "othercomprehensiveincomeavailableforsalesecuritiesadjustmentnetoftaxportionattributabletoparent": 295000000,
        "othercomprehensiveincomelosscashflowhedgegainlossreclassificationaftertax": 5000000,
        "othercomprehensiveincomeforeigncurrencytransactionandtranslationadjustmentnetoftaxportionattributabletoparent": 2000000,
        "othercomprehensiveincomedefinedbenefitplansadjustmentnetoftaxportionattributabletoparent": -14000000,
        "othercomprehensiveincomelossnetoftaxportionattributabletoparent": 306000000,
        "comprehensiveincomenetoftax": 1211000000
    },
    {
        "date": "2021-03-30",
        "symbol": "HIG",
        "period": "Q1",
        "premiumsearnednet": 4343000000,
        "insurancecommissionsandfees": 355000000,
        "netinvestmentincome": 509000000,
        "realizedinvestmentgainslosses": 80000000,
        "otherincome": 12000000,
        "revenues": 5299000000,
        "policyholderbenefitsandclaimsincurrednet": 3350000000,
        "deferredpolicyacquisitioncostamortizationexpense": 416000000,
        "sellinggeneralandadministrativeexpense": 1144000000,
        "interestexpense": 57000000,
        "amortizationofintangibleassets": 18000000,
        "restructuringcharges": 11000000,
        "benefitslossesandexpenses": 4996000000,
        "incomelossfromcontinuingoperationsbeforeincometaxesminorityinterestandincomelossfromequitymethodinvestments": 303000000,
        "incometaxexpensebenefit": 54000000,
        "netincomeloss": 249000000,
        "dividendspreferredstockcash": 5000000,
        "netincomelossavailabletocommonstockholdersbasic": 244000000,
        "earningspersharebasic": 0.68,
        "earningspersharediluted": 0.67,
        "othercomprehensiveincomeavailableforsalesecuritiesadjustmentnetoftaxportionattributabletoparent": -925000000,
        "othercomprehensiveincomelosscashflowhedgegainlossreclassificationaftertax": -5000000,
        "othercomprehensiveincomeforeigncurrencytransactionandtranslationadjustmentnetoftaxportionattributabletoparent": 1000000,
        "othercomprehensiveincomedefinedbenefitplansadjustmentnetoftaxportionattributabletoparent": -13000000,
        "othercomprehensiveincomelossnetoftaxportionattributabletoparent": -906000000,
        "comprehensiveincomenetoftax": -657000000
    },
    {
        "date": "2020-12-30",
        "symbol": "HIG",
        "period": "Q4",
        "premiumsearnednet": 4316000000,
        "insurancecommissionsandfees": 336000000,
        "netinvestmentincome": 556000000,
        "realizedinvestmentgainslosses": 102000000,
        "otherincome": 18000000,
        "revenues": 5328000000,
        "policyholderbenefitsandclaimsincurrednet": 3080000000,
        "deferredpolicyacquisitioncostamortizationexpense": 419000000,
        "interestexpense": 57000000,
        "amortizationofintangibleassets": 17000000,
        "benefitslossesandexpenses": 4676000000,
        "incomelossfromcontinuingoperationsbeforeincometaxesminorityinterestandincomelossfromequitymethodinvestments": 652000000,
        "incometaxexpensebenefit": 115000000,
        "netincomeloss": 537000000,
        "dividendspreferredstockcash": 5000000,
        "netincomelossavailabletocommonstockholdersbasic": 532000000,
        "earningspersharebasic": 1.4900000000000002,
        "earningspersharediluted": 1.47,
        "othercomprehensiveincomeavailableforsalesecuritiesadjustmentnetoftaxportionattributabletoparent": 403000000,
        "othercomprehensiveincomelosscashflowhedgegainlossreclassificationaftertax": 19000000,
        "othercomprehensiveincomeforeigncurrencytransactionandtranslationadjustmentnetoftaxportionattributabletoparent": 10000000,
        "othercomprehensiveincomedefinedbenefitplansadjustmentnetoftaxportionattributabletoparent": 80000000,
        "othercomprehensiveincomelossnetoftaxportionattributabletoparent": 314000000,
        "comprehensiveincomenetoftax": 851000000
    },
    {
        "date": "2020-09-29",
        "symbol": "HIG",
        "period": "Q3",
        "premiumsearnednet": 4347000000,
        "insurancecommissionsandfees": 323000000,
        "netinvestmentincome": 492000000,
        "realizedinvestmentgainslosses": 6000000,
        "otherincome": 3000000,
        "revenues": 5171000000,
        "policyholderbenefitsandclaimsincurrednet": 2962000000,
        "deferredpolicyacquisitioncostamortizationexpense": 421000000,
        "interestexpense": 58000000,
        "amortizationofintangibleassets": 18000000,
        "benefitslossesandexpenses": 4639000000,
        "incomelossfromcontinuingoperationsbeforeincometaxesminorityinterestandincomelossfromequitymethodinvestments": 532000000,
        "incometaxexpensebenefit": 73000000,
        "netincomeloss": 459000000,
        "dividendspreferredstockcash": 6000000,
        "netincomelossavailabletocommonstockholdersbasic": 453000000,
        "earningspersharebasic": 1.2599999999999998,
        "earningspersharediluted": 1.26,
        "othercomprehensiveincomeavailableforsalesecuritiesadjustmentnetoftaxportionattributabletoparent": 376000000,
        "othercomprehensiveincomelosscashflowhedgegainlossreclassificationaftertax": 17000000,
        "othercomprehensiveincomeforeigncurrencytransactionandtranslationadjustmentnetoftaxportionattributabletoparent": 6000000,
        "othercomprehensiveincomedefinedbenefitplansadjustmentnetoftaxportionattributabletoparent": -12000000,
        "othercomprehensiveincomelossnetoftaxportionattributabletoparent": 377000000,
        "comprehensiveincomenetoftax": 836000000
    },
    {
        "date": "2020-06-29",
        "symbol": "HIG",
        "period": "Q2",
        "netincomeloss": 753000000,
        "othercomprehensiveincomeavailableforsalesecuritiesadjustmentnetoftaxportionattributabletoparent": 1428000000,
        "othercomprehensiveincomelosscashflowhedgegainlossreclassificationaftertax": 5000000,
        "othercomprehensiveincomeforeigncurrencytransactionandtranslationadjustmentnetoftaxportionattributabletoparent": 1000000,
        "othercomprehensiveincomedefinedbenefitplansadjustmentnetoftaxportionattributabletoparent": -12000000,
        "othercomprehensiveincomelossnetoftaxportionattributabletoparent": 1436000000,
        "comprehensiveincomenetoftax": 1904000000,
        "premiumsearnednet": 4234000000,
        "insurancecommissionsandfees": 605000000,
        "netinvestmentincome": 797000000,
        "realizedinvestmentgainslosses": 109000000,
        "otherincome": 93000000,
        "revenues": 5068000000,
        "policyholderbenefitsandclaimsincurrednet": 2847000000,
        "deferredpolicyacquisitioncostamortizationexpense": 429000000,
        "interestexpense": 57000000,
        "amortizationofintangibleassets": 18000000,
        "benefitslossesandexpenses": 4476000000,
        "incomelossfromcontinuingoperationsbeforeincometaxesminorityinterestandincomelossfromequitymethodinvestments": 951000000,
        "incometaxexpensebenefit": 198000000,
        "dividendspreferredstockcash": 5000000,
        "netincomelossavailabletocommonstockholdersbasic": 463000000,
        "earningspersharebasic": 1.29,
        "earningspersharediluted": 1.2899999999999998
    },
    {
        "date": "2020-03-30",
        "symbol": "HIG",
        "period": "Q1",
        "netincomeloss": -12000000,
        "othercomprehensiveincomeavailableforsalesecuritiesadjustmentnetoftaxportionattributabletoparent": -1057000000,
        "othercomprehensiveincomeunrealizedholdinggainlossonsecuritiesarisingduringperiodnetoftax": 1000000,
        "othercomprehensiveincomelosscashflowhedgegainlossreclassificationaftertax": -44000000,
        "othercomprehensiveincomeforeigncurrencytransactionandtranslationadjustmentnetoftaxportionattributabletoparent": -8000000,
        "othercomprehensiveincomedefinedbenefitplansadjustmentnetoftaxportionattributabletoparent": -11000000,
        "othercomprehensiveincomelossnetoftaxportionattributabletoparent": -1009000000,
        "comprehensiveincomenetoftax": -736000000,
        "premiumsearnednet": 4391000000,
        "insurancecommissionsandfees": 13000000,
        "netinvestmentincome": 1000000,
        "realizedinvestmentgainslosses": -231000000,
        "otherincome": 12000000,
        "revenues": 4956000000,
        "policyholderbenefitsandclaimsincurrednet": 2916000000,
        "deferredpolicyacquisitioncostamortizationexpense": 437000000,
        "operatingexpenses": -17000000,
        "interestexpense": 64000000,
        "amortizationofintangibleassets": 19000000,
        "benefitslossesandexpenses": 4612000000,
        "incomelossfromcontinuingoperationsbeforeincometaxesminorityinterestandincomelossfromequitymethodinvestments": -15000000,
        "incometaxexpensebenefit": -3000000,
        "dividendspreferredstockcash": 5000000,
        "netincomelossavailabletocommonstockholdersbasic": 268000000,
        "earningspersharebasic": 0.75,
        "earningspersharediluted": 0.74
    },
    {
        "date": "2017-06-29",
        "symbol": "HIG",
        "period": "Q2",
        "profitloss": 24000000,
        "othercomprehensiveincomelossnetoftax": 5000000,
        "comprehensiveincomenetoftax": 661000000,
        "premiumsearnednet": 3490000000,
        "insurancecommissionsandfees": 9000000,
        "netinvestmentincome": 715000000,
        "otherthantemporaryimpairmentlossesinvestmentsavailableforsalesecurities": 16000000,
        "otherthantemporaryimpairmentlossesinvestmentsreclassificationadjustmentofnoncreditportionincludedinnetincomeavailabeforsalesecuritiesbeforetax": 2000000,
        "otherthantemporaryimpairmentlossesinvestmentsportionrecognizedinearningsnetavailableforsalesecurities": 14000000,
        "gainlossoninvestmentsexcludingotherthantemporaryimpairments": 95000000,
        "realizedinvestmentgainslosses": 75000000,
        "otherincome": 23000000,
        "revenues": 4769000000,
        "policyholderbenefitsandclaimsincurrednet": 2767000000,
        "deferredpolicyacquisitioncostsandpresentvalueoffutureprofitsamortization1": 368000000,
        "operatingexpenses": 1692000000,
        "interestexpense": 81000000,
        "benefitslossesandexpenses": 4908000000,
        "incomelossfromcontinuingoperationsbeforeincometaxesminorityinterestandincomelossfromequitymethodinvestments": -139000000,
        "incometaxexpensebenefit": 33000000,
        "earningspersharebasic": -0.11,
        "earningspersharediluted": -0.11,
        "commonstockdividendspersharedeclared": 0.23
    },
    {
        "date": "2016-09-29",
        "symbol": "HIG",
        "period": "Q3",
        "netincomeloss": 438000000,
        "profitloss": 29000000,
        "othercomprehensiveincomelossnetoftax": 78000000,
        "comprehensiveincomenetoftax": 525000000,
        "premiumsearnednet": 3484000000,
        "insurancecommissionsandfees": 1000000,
        "netinvestmentincome": 772000000,
        "otherthantemporaryimpairmentlossesinvestmentsavailableforsalesecurities": 15000000,
        "otherthantemporaryimpairmentlossesinvestmentsreclassificationadjustmentofnoncreditportionincludedinnetincomeavailabeforsalesecuritiesbeforetax": 1000000,
        "otherthantemporaryimpairmentlossesinvestmentsportionrecognizedinearningsnetavailableforsalesecurities": 14000000,
        "gainlossoninvestmentsexcludingotherthantemporaryimpairments": -1000000,
        "realizedinvestmentgainslosses": -37000000,
        "otherincome": 24000000,
        "revenues": 4695000000,
        "policyholderbenefitsandclaimsincurrednet": 2780000000,
        "deferredpolicyacquisitioncostsandpresentvalueoffutureprofitsamortization1": 403000000,
        "operatingexpenses": 898000000,
        "interestexpense": 86000000,
        "benefitslossesandexpenses": 4167000000,
        "incomelossfromcontinuingoperationsbeforeincometaxesminorityinterestandincomelossfromequitymethodinvestments": 528000000,
        "incometaxexpensebenefit": 27000000,
        "incomelossfromcontinuingoperationsincludingportionattributabletononcontrollinginterest": 438000000,
        "earningspersharebasic": 1.14,
        "earningspersharediluted": 1.12,
        "commonstockdividendspersharedeclared": 0.21
    },
    {
        "date": "2016-06-29",
        "symbol": "HIG",
        "period": "Q2",
        "netincomeloss": 216000000,
        "profitloss": -53000000,
        "othercomprehensiveincomelossnetoftax": -19000000,
        "comprehensiveincomenetoftax": 862000000,
        "premiumsearnednet": 3444000000,
        "insurancecommissionsandfees": 1000000,
        "netinvestmentincome": 735000000,
        "otherthantemporaryimpairmentlossesinvestmentsavailableforsalesecurities": 8000000,
        "otherthantemporaryimpairmentlossesinvestmentsreclassificationadjustmentofnoncreditportionincludedinnetincomeavailabeforsalesecuritiesbeforetax": 1000000,
        "otherthantemporaryimpairmentlossesinvestmentsportionrecognizedinearningsnetavailableforsalesecurities": 1000000,
        "gainlossoninvestmentsexcludingotherthantemporaryimpairments": -3000000,
        "realizedinvestmentgainslosses": -22000000,
        "otherincome": 23000000,
        "revenues": 4677000000,
        "policyholderbenefitsandclaimsincurrednet": 3142000000,
        "deferredpolicyacquisitioncostsandpresentvalueoffutureprofitsamortization1": 368000000,
        "operatingexpenses": 912000000,
        "interestexpense": 85000000,
        "benefitslossesandexpenses": 4507000000,
        "incomelossfromcontinuingoperationsbeforeincometaxesminorityinterestandincomelossfromequitymethodinvestments": 170000000,
        "incometaxexpensebenefit": -1000000,
        "earningspersharebasic": 0.55,
        "earningspersharediluted": 0.54,
        "commonstockdividendspersharedeclared": 0.21
    },
    {
        "date": "2015-06-29",
        "symbol": "HIG",
        "period": "Q2",
        "netincomeloss": 413000000,
        "profitloss": 41000000,
        "othercomprehensiveincomelossnetoftax": 4000000,
        "comprehensiveincomenetoftax": -549000000,
        "premiumsearnednet": 3391000000,
        "insurancecommissionsandfees": 3000000,
        "netinvestmentincome": 796000000,
        "otherthantemporaryimpairmentlossesinvestmentsavailableforsalesecurities": 13000000,
        "otherthantemporaryimpairmentlossesinvestmentsreclassificationadjustmentofnoncreditportionincludedinnetincomeavailabeforsalesecuritiesbeforetax": 2000000,
        "otherthantemporaryimpairmentlossesinvestmentsportionrecognizedinearningsnetavailableforsalesecurities": 11000000,
        "gainlossoninvestmentsexcludingotherthantemporaryimpairments": 6000000,
        "realizedinvestmentgainslosses": 34000000,
        "otherincome": 20000000,
        "revenues": 4685000000,
        "policyholderbenefitsandclaimsincurrednet": 2812000000,
        "deferredpolicyacquisitioncostsandpresentvalueoffutureprofitsamortization1": 391000000,
        "operatingexpenses": 910000000,
        "interestexpense": 89000000,
        "benefitslossesandexpenses": 4215000000,
        "gainslossesonextinguishmentofdebt": -21000000,
        "disposalgroupnotdiscontinuedoperationgainlossondisposal": -8000000,
        "incomelossfromcontinuingoperationsbeforeincometaxesminorityinterestandincomelossfromequitymethodinvestments": 470000000,
        "incometaxexpensebenefit": 2000000,
        "incomelossfromcontinuingoperationsincludingportionattributabletononcontrollinginterest": 413000000,
        "incomelossfromcontinuingoperationsperbasicshare": 0.99,
        "incomelossfromcontinuingoperationsperdilutedshare": 0.96,
        "earningspersharebasic": 0.99,
        "earningspersharediluted": 0.96,
        "commonstockdividendspersharedeclared": 0.18
    },
    {
        "date": "2014-06-29",
        "symbol": "HIG",
        "period": "Q2",
        "profitloss": -148000000,
        "othercomprehensiveincomelossavailableforsalesecuritiesadjustmentnetoftax": 569000000,
        "changeinotherthantemporaryimpairmentlossesrecognizedinothercomprehensiveincome": 3000000,
        "othercomprehensiveincomeunrealizedgainlossonderivativesarisingduringperiodnetoftax": 20000000,
        "othercomprehensiveincomeforeigncurrencytransactionandtranslationgainlossarisingduringperiodnetoftax": -95000000,
        "othercomprehensiveincomelossfinalizationofpensionandnonpensionpostretirementplanvaluationnetoftax": 6000000,
        "othercomprehensiveincomelossnetoftax": 569000000,
        "comprehensiveincomenetoftax": 36000000,
        "premiumsearnednet": 3319000000,
        "insurancecommissionsandfees": 502000000,
        "netinvestmentincome": 768000000,
        "otherthantemporaryimpairmentlossesinvestmentsavailableforsalesecurities": 8000000,
        "otherthantemporaryimpairmentlossesinvestmentsportioninothercomprehensiveincomelossbeforetaxincludingportionattributabletononcontrollinginterestavailableforsalesecurities": 1000000,
        "otherthantemporaryimpairmentlossesinvestmentsportionrecognizedinearningsnetavailableforsalesecurities": 7000000,
        "gainlossoninvestmentsexcludingotherthantemporaryimpairments": 82000000,
        "realizedinvestmentgainslosses": -4000000,
        "otherincome": 31000000,
        "revenues": 41000000,
        "benefitslossesandlossadjustmentexpenses": 3023000000,
        "deferredpolicyacquisitioncostamortizationexpense": 372000000,
        "operatingexpenses": 977000000,
        "interestexpense": 94000000,
        "benefitslossesandexpenses": 4466000000,
        "incomelossfromcontinuingoperationsbeforeincometaxesminorityinterestandincomelossfromequitymethodinvestments": 150000000,
        "incometaxexpensebenefit": 4000000,
        "incomelossfromcontinuingoperationsincludingportionattributabletononcontrollinginterest": 150000000,
        "incomelossfromdiscontinuedoperationsnetoftax": 40000000,
        "netincomelossavailabletocommonstockholdersbasic": -467000000,
        "incomelossfromcontinuingoperationsperbasicshare": 0.33,
        "incomelossfromcontinuingoperationsperdilutedshare": 0.32,
        "earningspersharebasic": -1.04,
        "earningspersharediluted": -1,
        "commonstockdividendspersharedeclared": 0.15
    },
    {
        "date": "2012-06-29",
        "symbol": "HIG",
        "period": "Q2",
        "netincomeloss": 35000000,
        "othercomprehensiveincomeavailableforsalesecuritiesadjustmentnetoftaxperiodincreasedecrease": 747000000,
        "otherthantemporaryimpairmentlossesinvestmentsportioninothercomprehensiveincomelossnetoftaxportionattributabletoparent": -13000000,
        "othercomprehensiveincomeunrealizedgainlossonderivativesarisingduringperiodnetoftax": 81000000,
        "othercomprehensiveincomeforeigncurrencytransactionandtranslationgainlossarisingduringperiodnetoftax": 56000000,
        "othercomprehensiveincomefinalizationofpensionandnonpensionpostretirementplanvaluationnetoftax": -31000000,
        "othercomprehensiveincomelossnetoftaxperiodincreasedecrease": 928000000,
        "comprehensiveincomenetoftax": 827000000,
        "premiumsearnednet": 3400000000,
        "insurancecommissionsandfees": 1114000000,
        "securitiesavailableforsaleandother": 1097000000,
        "equitysecuritiestrading": -1687000000,
        "netinvestmentincome": -590000000,
        "otherthantemporaryimpairmentlossesinvestmentsavailableforsalesecurities": 106000000,
        "otherthantemporaryimpairmentlossesinvestmentsportioninothercomprehensiveincomelossbeforetaxincludingportionattributabletononcontrollinginterestavailableforsalesecurities": 8000000,
        "otherthantemporaryimpairmentlossesinvestmentsportionrecognizedinearningsnetavailableforsalesecurities": 98000000,
        "gainlossoninvestmentsexcludingotherthantemporaryimpairments": 687000000,
        "realizedinvestmentgainslosses": 589000000,
        "otherincome": 61000000,
        "revenues": 4574000000,
        "benefitslossesandlossadjustmentexpenses": 3621000000,
        "benefitslossesandlossadjustmentexpensesreturnscreditedoninternationalvariableannuities": -1686000000,
        "deferredpolicyacquisitioncostamortizationexpense": 554000000,
        "operatingexpenses": 1309000000,
        "gainslossesonextinguishmentofdebt": -910000000,
        "interestexpense": 115000000,
        "benefitslossesandexpenses": 4823000000,
        "incomelossfromcontinuingoperationsbeforeincometaxesminorityinterestandincomelossfromequitymethodinvestments": -249000000,
        "incometaxexpensebenefit": -149000000,
        "incomelossfromcontinuingoperationsincludingportionattributabletononcontrollinginterest": -100000000,
        "incomelossfromdiscontinuedoperationsnetoftax": -1000000,
        "preferredstockdividendsincomestatementimpact": 11000000,
        "netincomelossavailabletocommonstockholdersbasic": -112000000,
        "incomelossfromcontinuingoperationsperbasicshare": -0.25,
        "incomelossfromcontinuingoperationsperdilutedshare": -0.25,
        "earningspersharebasic": -0.26,
        "earningspersharediluted": -0.26,
        "commonstockdividendspersharedeclared": 0.1
    },
    {
        "date": "2011-06-29",
        "symbol": "HIG",
        "period": "Q2",
        "premiumsearnednet": 3545000000,
        "insurancecommissionsandfees": 1219000000,
        "securitiesavailableforsaleandother": 1104000000,
        "equitysecuritiestrading": -597000000,
        "netinvestmentincome": 507000000,
        "otherthantemporaryimpairmentottilosses": 31000000,
        "ottilossesrecognizedinothercomprehensiveincome": -8000000,
        "netottilossesrecognizedinearnings": 23000000,
        "netrealizedcapitalgainslossesexcludingnetottilossesrecognizedinearnings": -92000000,
        "realizedinvestmentgainslosses": 69000000,
        "otherincome": 61000000,
        "revenues": 5401000000,
        "benefitslossesandlossadjustmentexpenses": 3976000000,
        "benefitslossesandlossadjustmentexpensesreturnscreditedoninternationalvariableannuities": -597000000,
        "deferredpolicyacquisitioncostsandpresentvalueoffutureprofitsamortization": -835000000,
        "otherunderwritingexpense": 1224000000,
        "interestexpense": 128000000,
        "benefitslossesandexpenses": 5566000000,
        "incomelossfromcontinuingoperationsbeforeincometaxesminorityinterestandincomelossfromequitymethodinvestments": -165000000,
        "incometaxexpensebenefit": -269000000,
        "incomelossfromcontinuingoperationsincludingportionattributabletononcontrollinginterest": 104000000,
        "incomelossfromdiscontinuedoperationsnetoftax": -80000000,
        "netincomeloss": 24000000,
        "preferredstockdividendsandotheradjustments": 11000000,
        "netincomelossavailabletocommonstockholdersbasic": 13000000,
        "incomelossfromcontinuingoperationsperbasicshare": 0.21,
        "incomelossfromcontinuingoperationsperdilutedshare": 0.19,
        "earningspersharebasic": 0.03,
        "earningspersharediluted": 0.03,
        "commonstockdividendspersharedeclared": 0.1,
        "othercomprehensiveincomeavailableforsalesecuritiesadjustmentnetoftaxperiodincreasedecrease": 536000000,
        "changeinotherthantemporaryimpairmentlossesrecognizedinothercomprehensiveincome": -4000000,
        "othercomprehensiveincomeunrealizedgainlossonderivativesarisingduringperiodnetoftax": 71000000,
        "othercomprehensiveincomeforeigncurrencytransactionandtranslationgainlossarisingduringperiodnetoftax": 58000000,
        "amortizationofpriorservicecostandactuarialnetlossesincludedinnetperiodicbenefitcosts": 26000000,
        "othercomprehensiveincomelossnetoftaxperiodincreasedecrease": 687000000,
        "comprehensiveincomenetoftax": 711000000
    }
]