[
    {
        "date": "2024-09-29",
        "symbol": "ALNY",
        "period": "Q3",
        "revenuefromcontractwithcustomerexcludingassessedtax": 19500000,
        "costofgoodsandservicessold": 81980000,
        "costofcollaborationmanufacturingandroyalties": 3925000,
        "researchanddevelopmentexpense": 5083000,
        "sellinggeneralandadministrativeexpense": 220993000,
        "costsandexpenses": 577824000,
        "operatingincomeloss": -76905000,
        "interestexpensenonoperating": 34376000,
        "investmentincomeinterest": 32146000,
        "othernonoperatingincomeexpense": -29528000,
        "nonoperatingincomeexpense": -31758000,
        "incomelossfromcontinuingoperationsbeforeincometaxesextraordinaryitemsnoncontrollinginterest": -108663000,
        "incometaxexpensebenefit": 2907000,
        "netincomeloss": -111570000,
        "earningspersharebasic": -0.87,
        "earningspersharediluted": -0.87,
        "weightedaveragenumberofsharesoutstandingbasic": 128590000,
        "weightedaveragenumberofdilutedsharesoutstanding": 128590000,
        "othercomprehensiveincomeunrealizedholdinggainlossonsecuritiesarisingduringperiodnetoftax": 9078000,
        "othercomprehensiveincomeforeigncurrencytransactionandtranslationgainlossarisingduringperiodnetoftax": 703000,
        "othercomprehensiveincomelosspensionandotherpostretirementbenefitplansadjustmentbeforereclassificationadjustmentsnetoftax": -30000,
        "othercomprehensiveincomelossnetoftax": 9811000,
        "comprehensiveincomenetoftax": -101759000
    },
    {
        "date": "2024-06-29",
        "symbol": "ALNY",
        "period": "Q2",
        "revenuefromcontractwithcustomerexcludingassessedtax": 410088000,
        "costofgoodsandservicessold": 67271000,
        "costofcollaborationmanufacturingandroyalties": 1401000,
        "researchanddevelopmentexpense": 294142000,
        "sellinggeneralandadministrativeexpense": 248397000,
        "costsandexpenses": 611211000,
        "operatingincomeloss": 48614000,
        "interestexpensenonoperating": 33258000,
        "investmentincomeinterest": 29182000,
        "othernonoperatingincomeexpense": -55705000,
        "nonoperatingincomeexpense": -59781000,
        "incomelossfromcontinuingoperationsbeforeincometaxesextraordinaryitemsnoncontrollinginterest": -11167000,
        "incometaxexpensebenefit": 5722000,
        "netincomeloss": -16889000,
        "earningspersharebasic": -0.13,
        "earningspersharediluted": -0.13,
        "weightedaveragenumberofsharesoutstandingbasic": 126733000,
        "weightedaveragenumberofdilutedsharesoutstanding": 126733000,
        "othercomprehensiveincomeunrealizedholdinggainlossonsecuritiesarisingduringperiodnetoftax": -727000,
        "othercomprehensiveincomeforeigncurrencytransactionandtranslationgainlossarisingduringperiodnetoftax": -6952000,
        "othercomprehensiveincomelosspensionandotherpostretirementbenefitplansadjustmentbeforereclassificationadjustmentsnetoftax": -30000,
        "othercomprehensiveincomelossnetoftax": -7649000,
        "comprehensiveincomenetoftax": -24538000
    },
    {
        "date": "2024-03-30",
        "symbol": "ALNY",
        "period": "Q1",
        "revenuefromcontractwithcustomerexcludingassessedtax": 365163000,
        "costofgoodsandservicessold": 54613000,
        "costofcollaborationmanufacturingandroyalties": 11363000,
        "researchanddevelopmentexpense": 260995000,
        "sellinggeneralandadministrativeexpense": 210797000,
        "costsandexpenses": 537768000,
        "operatingincomeloss": -43435000,
        "interestexpense": 35253000,
        "investmentincomeinterest": 29645000,
        "othernonoperatingincomeexpense": -14544000,
        "nonoperatingincomeexpense": -20152000,
        "incomelossfromcontinuingoperationsbeforeincometaxesextraordinaryitemsnoncontrollinginterest": -63587000,
        "incometaxexpensebenefit": 2348000,
        "netincomeloss": -65935000,
        "earningspersharebasic": -0.52,
        "earningspersharediluted": -0.52,
        "weightedaveragenumberofsharesoutstandingbasic": 126138000,
        "weightedaveragenumberofdilutedsharesoutstanding": 126138000,
        "othercomprehensiveincomeunrealizedholdinggainlossonsecuritiesarisingduringperiodnetoftax": -3568000,
        "othercomprehensiveincomeforeigncurrencytransactionandtranslationgainlossarisingduringperiodnetoftax": -78000,
        "othercomprehensiveincomelosspensionandotherpostretirementbenefitplansadjustmentbeforereclassificationadjustmentsnetoftax": -33000,
        "othercomprehensiveincomelossnetoftax": -3613000,
        "comprehensiveincomenetoftax": -69548000
    },
    {
        "date": "2023-12-30",
        "symbol": "ALNY",
        "period": "Q4",
        "revenuefromcontractwithcustomerexcludingassessedtax": 925121000,
        "costofgoodsandservicessold": 71975000,
        "costofcollaborationmanufacturingandroyalties": 13883000,
        "researchanddevelopmentexpense": 731778000,
        "sellinggeneralandadministrativeexpense": 198123000,
        "costsandexpenses": 556122000,
        "operatingincomeloss": -116404000,
        "interestexpense": 31338000,
        "investmentincomeinterest": 30406000,
        "othernonoperatingincomeexpense": -20351000,
        "nonoperatingincomeexpense": -21283000,
        "incomelossfromcontinuingoperationsbeforeincometaxesextraordinaryitemsnoncontrollinginterest": -137687000,
        "incometaxexpensebenefit": 183000,
        "netincomeloss": -137870000,
        "earningspersharebasic": -1.0900000000000003,
        "earningspersharediluted": -1.06,
        "weightedaveragenumberofsharesoutstandingbasic": 124906000,
        "weightedaveragenumberofdilutedsharesoutstanding": 124906000,
        "othercomprehensiveincomeunrealizedholdinggainlossonsecuritiesarisingduringperiodnetoftax": 7040000,
        "othercomprehensiveincomeforeigncurrencytransactionandtranslationgainlossarisingduringperiodnetoftax": 3566000,
        "othercomprehensiveincomelosspensionandotherpostretirementbenefitplansadjustmentbeforereclassificationadjustmentsnetoftax": 1642000,
        "othercomprehensiveincomelossnetoftax": 13084000,
        "comprehensiveincomenetoftax": -128906000
    },
    {
        "date": "2023-09-29",
        "symbol": "ALNY",
        "period": "Q3",
        "revenuefromcontractwithcustomerexcludingassessedtax": 313153000,
        "costofgoodsandservicessold": 79473000,
        "costofcollaborationmanufacturingandroyalties": 4836000,
        "researchanddevelopmentexpense": 253179000,
        "sellinggeneralandadministrativeexpense": 199175000,
        "costsandexpenses": 536663000,
        "operatingincomeloss": 213867000,
        "interestexpense": 30893000,
        "investmentincomeinterest": 25425000,
        "othernonoperatingincomeexpense": -57658000,
        "nonoperatingincomeexpense": -63126000,
        "incomelossfromcontinuingoperationsbeforeincometaxesextraordinaryitemsnoncontrollinginterest": 150741000,
        "incometaxexpensebenefit": 2988000,
        "netincomeloss": 147753000,
        "earningspersharebasic": 1.18,
        "earningspersharediluted": 1.15,
        "weightedaveragenumberofsharesoutstandingbasic": 125220000,
        "weightedaveragenumberofdilutedsharesoutstanding": 131337000,
        "othercomprehensiveincomeunrealizedholdinggainlossonsecuritiesarisingduringperiodnetoftax": 1878000,
        "othercomprehensiveincomeforeigncurrencytransactionandtranslationgainlossarisingduringperiodnetoftax": 2873000,
        "othercomprehensiveincomelosspensionandotherpostretirementbenefitplansadjustmentbeforereclassificationadjustmentsnetoftax": 10000,
        "othercomprehensiveincomelossnetoftax": 4741000,
        "comprehensiveincomenetoftax": 152494000
    },
    {
        "date": "2023-06-29",
        "symbol": "ALNY",
        "period": "Q2",
        "revenuefromcontractwithcustomerexcludingassessedtax": -12200000,
        "costofgoodsandservicessold": 75336000,
        "costofcollaborationmanufacturingandroyalties": 10034000,
        "researchanddevelopmentexpense": 9735000,
        "sellinggeneralandadministrativeexpense": 214689000,
        "costsandexpenses": 548585000,
        "operatingincomeloss": -229831000,
        "interestexpense": 30035000,
        "investmentincomeinterest": 21075000,
        "othernonoperatingincomeexpense": -35418000,
        "nonoperatingincomeexpense": -44378000,
        "incomelossfromcontinuingoperationsbeforeincometaxesextraordinaryitemsnoncontrollinginterest": -274209000,
        "incometaxexpensebenefit": 1815000,
        "netincomeloss": -276024000,
        "earningspersharebasic": -2.21,
        "earningspersharediluted": -2.21,
        "weightedaveragenumberofsharesoutstandingbasic": 124659000,
        "weightedaveragenumberofdilutedsharesoutstanding": 124659000,
        "othercomprehensiveincomeunrealizedholdinggainlossonsecuritiesarisingduringperiodnetoftax": -2025000,
        "othercomprehensiveincomeforeigncurrencytransactionandtranslationgainlossarisingduringperiodnetoftax": 4073000,
        "othercomprehensiveincomelosspensionandotherpostretirementbenefitplansadjustmentbeforereclassificationadjustmentsnetoftax": 4000,
        "othercomprehensiveincomelossnetoftax": 2044000,
        "comprehensiveincomenetoftax": -273980000
    },
    {
        "date": "2023-03-30",
        "symbol": "ALNY",
        "period": "Q1",
        "revenuefromcontractwithcustomerexcludingassessedtax": 15400000,
        "costofgoodsandservicessold": 41432000,
        "costofcollaborationmanufacturingandroyalties": 13437000,
        "researchanddevelopmentexpense": 9723000,
        "sellinggeneralandadministrativeexpense": 183659000,
        "costsandexpenses": 469097000,
        "operatingincomeloss": -149807000,
        "interestexpense": 28955000,
        "investmentincomeinterest": 18655000,
        "othernonoperatingincomeexpense": -12255000,
        "nonoperatingincomeexpense": -22555000,
        "incomelossfromcontinuingoperationsbeforeincometaxesextraordinaryitemsnoncontrollinginterest": -172362000,
        "incometaxexpensebenefit": 1739000,
        "netincomeloss": -174101000,
        "earningspersharebasic": -1.4,
        "earningspersharediluted": -1.4,
        "weightedaveragenumberofsharesoutstandingbasic": 124111000,
        "weightedaveragenumberofdilutedsharesoutstanding": 124111000,
        "othercomprehensiveincomeunrealizedholdinggainlossonsecuritiesarisingduringperiodnetoftax": 4125000,
        "othercomprehensiveincomeforeigncurrencytransactionandtranslationgainlossarisingduringperiodnetoftax": 1410000,
        "othercomprehensiveincomelosspensionandotherpostretirementbenefitplansadjustmentbeforereclassificationadjustmentsnetoftax": 5000,
        "othercomprehensiveincomelossnetoftax": 1410000,
        "comprehensiveincomenetoftax": -168571000
    },
    {
        "date": "2022-12-30",
        "symbol": "ALNY",
        "period": "Q4",
        "revenues": 54780000,
        "revenuefromcontractwithcustomerexcludingassessedtax": 34600000,
        "costofgoodsandservicessold": 46172000,
        "costofcollaborationmanufacturingandroyalties": 5094000,
        "researchanddevelopmentexpense": 0,
        "sellinggeneralandadministrativeexpense": 210344000,
        "costsandexpenses": 523649000,
        "operatingincomeloss": -188614000,
        "interestexpense": 29913000,
        "othernonoperatingincomeexpense": 12518000,
        "nonoperatingincomeexpense": -18407000,
        "incomelossfromcontinuingoperationsbeforeincometaxesextraordinaryitemsnoncontrollinginterest": -207021000,
        "incometaxexpensebenefit": 472000,
        "netincomeloss": -207493000,
        "earningspersharebasic": -1.6900000000000004,
        "earningspersharediluted": -1.6900000000000004,
        "weightedaveragenumberofsharesoutstandingbasic": -241766000,
        "weightedaveragenumberofdilutedsharesoutstanding": -241766000,
        "othercomprehensiveincomeunrealizedholdinggainlossonsecuritiesarisingduringperiodnetoftax": 3164000,
        "othercomprehensiveincomeforeigncurrencytransactionandtranslationgainlossarisingduringperiodnetoftax": -5651000,
        "othercomprehensiveincomelosspensionandotherpostretirementbenefitplansadjustmentbeforereclassificationadjustmentsnetoftax": -1616000,
        "othercomprehensiveincomelossnetoftax": -1932000,
        "comprehensiveincomenetoftax": -208364000
    },
    {
        "date": "2022-09-29",
        "symbol": "ALNY",
        "period": "Q3",
        "revenuefromcontractwithcustomerexcludingassessedtax": 1400000,
        "revenues": 17100000,
        "costofgoodsandservicessold": 36507000,
        "costofcollaborationmanufacturingandroyalties": 4609000,
        "researchanddevelopmentexpense": 8982000,
        "sellinggeneralandadministrativeexpense": 235859000,
        "costsandexpenses": 522346000,
        "operatingincomeloss": -258040000,
        "interestexpense": 41084000,
        "othernonoperatingincomeexpense": -30233000,
        "gainslossesonextinguishmentofdebt": -76586000,
        "nonoperatingincomeexpense": -147903000,
        "incomelossfromcontinuingoperationsbeforeincometaxesextraordinaryitemsnoncontrollinginterest": -405943000,
        "incometaxexpensebenefit": -23000,
        "netincomeloss": -405920000,
        "earningspersharebasic": -3.32,
        "earningspersharediluted": -3.32,
        "weightedaveragenumberofsharesoutstandingbasic": 122166000,
        "weightedaveragenumberofdilutedsharesoutstanding": 122166000,
        "othercomprehensiveincomeunrealizedholdinggainlossonsecuritiesarisingduringperiodnetoftax": -2053000,
        "othercomprehensiveincomeforeigncurrencytransactionandtranslationgainlossarisingduringperiodnetoftax": 460000,
        "othercomprehensiveincomelosspensionandotherpostretirementbenefitplansadjustmentbeforereclassificationadjustmentsnetoftax": -34000,
        "othercomprehensiveincomelossnetoftax": -1559000,
        "comprehensiveincomenetoftax": -407479000
    },
    {
        "date": "2022-06-29",
        "symbol": "ALNY",
        "period": "Q2",
        "revenuefromcontractwithcustomerexcludingassessedtax": -4800000,
        "revenues": -1500000,
        "costofgoodsandservicessold": 34038000,
        "costofcollaborationmanufacturingandroyalties": 6770000,
        "researchanddevelopmentexpense": 9822000,
        "sellinggeneralandadministrativeexpense": 169984000,
        "costsandexpenses": 416504000,
        "operatingincomeloss": -191686000,
        "interestexpense": 42609000,
        "othernonoperatingincomeexpense": -40378000,
        "nonoperatingincomeexpense": -82987000,
        "incomelossfromcontinuingoperationsbeforeincometaxesextraordinaryitemsnoncontrollinginterest": -274673000,
        "incometaxexpensebenefit": 2729000,
        "netincomeloss": -277402000,
        "earningspersharebasic": -2.29,
        "earningspersharediluted": -2.29,
        "weightedaveragenumberofsharesoutstandingbasic": 120896000,
        "weightedaveragenumberofdilutedsharesoutstanding": 120896000,
        "othercomprehensiveincomeunrealizedholdinggainlossonsecuritiesarisingduringperiodnetoftax": -1734000,
        "othercomprehensiveincomeforeigncurrencytransactionandtranslationgainlossarisingduringperiodnetoftax": -2459000,
        "othercomprehensiveincomelosspensionandotherpostretirementbenefitplansadjustmentbeforereclassificationadjustmentsnetoftax": -34000,
        "othercomprehensiveincomelossnetoftax": -4159000,
        "comprehensiveincomenetoftax": -281561000
    },
    {
        "date": "2022-03-30",
        "symbol": "ALNY",
        "period": "Q1",
        "revenuefromcontractwithcustomerexcludingassessedtax": 1300000,
        "revenues": 10800000,
        "costofgoodsandservicessold": 23457000,
        "costofcollaborationmanufacturingandroyalties": 12170000,
        "researchanddevelopmentexpense": 9468000,
        "sellinggeneralandadministrativeexpense": 154471000,
        "costsandexpenses": 359991000,
        "operatingincomeloss": -146732000,
        "interestexpense": 42362000,
        "investmentincomeinterest": 1012000,
        "othernonoperatingincomeexpense": -51274000,
        "nonoperatingincomeexpense": -92624000,
        "incomelossfromcontinuingoperationsbeforeincometaxesextraordinaryitemsnoncontrollinginterest": -239356000,
        "incometaxexpensebenefit": 985000,
        "netincomeloss": -240341000,
        "earningspersharebasic": -2,
        "earningspersharediluted": -2,
        "weightedaveragenumberofsharesoutstandingbasic": 120393000,
        "weightedaveragenumberofdilutedsharesoutstanding": 120393000,
        "othercomprehensiveincomeunrealizedholdinggainlossonsecuritiesarisingduringperiodnetoftax": -7217000,
        "othercomprehensiveincomeforeigncurrencytransactionandtranslationgainlossarisingduringperiodnetoftax": 2376000,
        "othercomprehensiveincomelosspensionandotherpostretirementbenefitplansadjustmentbeforereclassificationadjustmentsnetoftax": -35000,
        "othercomprehensiveincomelossnetoftax": 2376000,
        "comprehensiveincomenetoftax": -245147000
    },
    {
        "date": "2021-12-30",
        "symbol": "ALNY",
        "period": "Q4",
        "revenuefromcontractwithcustomerexcludingassessedtax": 14200000,
        "costofgoodsandservicessold": 33635000,
        "costofcollaborationmanufacturingandroyalties": 4029000,
        "researchanddevelopmentexpense": 14145000,
        "sellinggeneralandadministrativeexpense": 186382000,
        "costsandexpenses": 453096000,
        "operatingincomeloss": -194561000,
        "interestexpense": 36816000,
        "investmentincomeinterest": 495000,
        "othernonoperatingincomeexpense": -29420000,
        "nonoperatingincomeexpense": -65741000,
        "incomelossfromcontinuingoperationsbeforeincometaxesextraordinaryitemsnoncontrollinginterest": -260302000,
        "incometaxexpensebenefit": -1842000,
        "netincomeloss": -258460000,
        "othercomprehensiveincomeunrealizedholdinggainlossonsecuritiesarisingduringperiodnetoftax": -1666000,
        "othercomprehensiveincomeforeigncurrencytransactionandtranslationgainlossarisingduringperiodnetoftax": 1868000,
        "othercomprehensiveincomelosspensionandotherpostretirementbenefitplansadjustmentbeforereclassificationadjustmentsnetoftax": -769000,
        "othercomprehensiveincomelossnetoftax": 2063000,
        "comprehensiveincomenetoftax": -257489000
    },
    {
        "date": "2021-09-29",
        "symbol": "ALNY",
        "period": "Q3",
        "revenuefromcontractwithcustomerexcludingassessedtax": 1200000,
        "revenues": 12600000,
        "costofgoodsandservicessold": 28091000,
        "costofcollaborationmanufacturingandroyalties": 4572000,
        "researchanddevelopmentexpense": 11692000,
        "sellinggeneralandadministrativeexpense": 142075000,
        "costsandexpenses": 369310000,
        "operatingincomeloss": -181677000,
        "interestexpense": 40274000,
        "investmentincomeinterest": 225000,
        "othernonoperatingincomeexpense": 17490000,
        "nonoperatingincomeexpense": -22559000,
        "incomelossfromcontinuingoperationsbeforeincometaxesextraordinaryitemsnoncontrollinginterest": -204236000,
        "incometaxexpensebenefit": 278000,
        "netincomeloss": -204514000,
        "earningspersharebasic": -1.72,
        "earningspersharediluted": -1.72,
        "weightedaveragenumberofsharesoutstandingbasic": 119141000,
        "weightedaveragenumberofdilutedsharesoutstanding": 119141000,
        "othercomprehensiveincomeunrealizedholdinggainlossonsecuritiesarisingduringperiodnetoftax": -64000,
        "othercomprehensiveincomeforeigncurrencytransactionandtranslationgainlossarisingduringperiodnetoftax": 1857000,
        "othercomprehensiveincomelosspensionandotherpostretirementbenefitplansadjustmentbeforereclassificationadjustmentsnetoftax": -58000,
        "othercomprehensiveincomelossnetoftax": 1851000,
        "comprehensiveincomenetoftax": -202663000
    },
    {
        "date": "2021-06-29",
        "symbol": "ALNY",
        "period": "Q2",
        "revenuefromcontractwithcustomerexcludingassessedtax": 160811000,
        "costofgoodsandservicessold": 30256000,
        "costofcollaborationmanufacturingandroyalties": 8499000,
        "researchanddevelopmentexpense": 182635000,
        "sellinggeneralandadministrativeexpense": 145323000,
        "costsandexpenses": 366713000,
        "operatingincomeloss": -146160000,
        "interestexpense": 33416000,
        "investmentincomeinterest": 409000,
        "othernonoperatingincomeexpense": -9164000,
        "nonoperatingincomeexpense": -42171000,
        "incomelossfromcontinuingoperationsbeforeincometaxesextraordinaryitemsnoncontrollinginterest": -188331000,
        "incometaxexpensebenefit": 1228000,
        "netincomeloss": -189559000,
        "earningspersharebasic": -1.61,
        "earningspersharediluted": -1.61,
        "weightedaveragenumberofsharesoutstandingbasic": 117772000,
        "weightedaveragenumberofdilutedsharesoutstanding": 117772000,
        "othercomprehensiveincomeunrealizedholdinggainlossonsecuritiesarisingduringperiodnetoftax": -247000,
        "othercomprehensiveincomeforeigncurrencytransactionandtranslationgainlossarisingduringperiodnetoftax": 825000,
        "othercomprehensiveincomelosspensionandotherpostretirementbenefitplansadjustmentbeforereclassificationadjustmentsnetoftax": -58000,
        "othercomprehensiveincomelossnetoftax": 636000,
        "comprehensiveincomenetoftax": -188923000
    },
    {
        "date": "2021-03-30",
        "symbol": "ALNY",
        "period": "Q1",
        "revenuefromcontractwithcustomerexcludingassessedtax": 135769000,
        "costofgoodsandservicessold": 23023000,
        "costofcollaborationmanufacturingandroyalties": 8039000,
        "researchanddevelopmentexpense": 185899000,
        "sellinggeneralandadministrativeexpense": 146859000,
        "costsandexpenses": 363820000,
        "operatingincomeloss": -186254000,
        "interestexpense": 32515000,
        "investmentincomeinterest": 450000,
        "othernonoperatingincomeexpense": 19044000,
        "nonoperatingincomeexpense": -13021000,
        "incomelossfromcontinuingoperationsbeforeincometaxesextraordinaryitemsnoncontrollinginterest": -199275000,
        "incometaxexpensebenefit": 1016000,
        "netincomeloss": -200291000,
        "earningspersharebasicanddiluted": -1.71,
        "weightedaveragenumberofshareoutstandingbasicanddiluted": 117080000,
        "othercomprehensiveincomeunrealizedholdinggainlossonsecuritiesarisingduringperiodnetoftax": -1000,
        "othercomprehensiveincomeforeigncurrencytransactionandtranslationgainlossarisingduringperiodnetoftax": 6848000,
        "othercomprehensiveincomelosspensionandotherpostretirementbenefitplansadjustmentbeforereclassificationadjustmentsnetoftax": -58000,
        "othercomprehensiveincomelossnetoftax": 6905000,
        "comprehensiveincomenetoftax": -193386000
    },
    {
        "date": "2020-12-30",
        "symbol": "ALNY",
        "period": "Q4",
        "revenuefromcontractwithcustomerexcludingassessedtax": 112843000,
        "costofgoodsandservicessold": 23024000,
        "researchanddevelopmentexpense": 168469000,
        "sellinggeneralandadministrativeexpense": 166291000,
        "costsandexpenses": 357784000,
        "operatingincomeloss": -194222000,
        "othernonoperatingincomeexpense": -21952000,
        "nonoperatingincomeexpense": -49377000,
        "incomelossfromcontinuingoperationsbeforeincometaxesextraordinaryitemsnoncontrollinginterest": -243599000,
        "incometaxexpensebenefit": -59000,
        "netincomeloss": -243540000,
        "earningspersharebasicanddiluted": -2.099999999999999,
        "weightedaveragenumberofshareoutstandingbasicanddiluted": -228659000,
        "othercomprehensiveincomeunrealizedholdinggainlossonsecuritiesarisingduringperiodnetoftax": -557000,
        "othercomprehensiveincomeforeigncurrencytransactionandtranslationgainlossarisingduringperiodnetoftax": -5416000,
        "othercomprehensiveincomelosspensionandotherpostretirementbenefitplansadjustmentbeforereclassificationadjustmentsnetoftax": 456000,
        "comprehensiveincomenetoftax": -249969000
    },
    {
        "date": "2020-09-29",
        "symbol": "ALNY",
        "period": "Q3",
        "revenuefromcontractwithcustomerexcludingassessedtax": 99206000,
        "costofgoodsandservicessold": 21797000,
        "researchanddevelopmentexpense": 161783000,
        "sellinggeneralandadministrativeexpense": 167472000,
        "costsandexpenses": 351052000,
        "operatingincomeloss": -225199000,
        "interestexpense": 28731000,
        "investmentincomeinterest": 2072000,
        "othernonoperatingincomeexpense": -594000,
        "nonoperatingincomeexpense": -27253000,
        "incomelossfromcontinuingoperationsbeforeincometaxesextraordinaryitemsnoncontrollinginterest": -252452000,
        "incometaxexpensebenefit": 839000,
        "netincomeloss": -253291000,
        "earningspersharebasicanddiluted": -2.18,
        "weightedaveragenumberofshareoutstandingbasicanddiluted": 115986000,
        "othercomprehensiveincomeunrealizedholdinggainlossonsecuritiesarisingduringperiodnetoftax": -1481000,
        "othercomprehensiveincomeforeigncurrencytransactionandtranslationgainlossarisingduringperiodnetoftax": -2576000,
        "othercomprehensiveincomelosspensionandotherpostretirementbenefitplansadjustmentbeforereclassificationadjustmentsnetoftax": -76000,
        "othercomprehensiveincomelossnetoftax": -3981000,
        "comprehensiveincomenetoftax": -257272000
    },
    {
        "date": "2020-06-29",
        "symbol": "ALNY",
        "period": "Q2",
        "revenuefromcontractwithcustomerexcludingassessedtax": 77533000,
        "costofgoodsandservicessold": 19929000,
        "researchanddevelopmentexpense": 154996000,
        "sellinggeneralandadministrativeexpense": 127896000,
        "costsandexpenses": 302821000,
        "operatingincomeloss": -198859000,
        "interestexpense": 27248000,
        "investmentincomeinterest": 3165000,
        "othernonoperatingincomeexpense": 45039000,
        "nonoperatingincomeexpense": 20956000,
        "incomelossfromcontinuingoperationsbeforeincometaxesextraordinaryitemsnoncontrollinginterest": -177903000,
        "incometaxexpensebenefit": 1326000,
        "netincomeloss": -179229000,
        "earningspersharebasicanddiluted": -1.56,
        "weightedaveragenumberofshareoutstandingbasicanddiluted": 114911000,
        "othercomprehensiveincomeunrealizedholdinggainlossonsecuritiesarisingduringperiodnetoftax": -1796000,
        "othercomprehensiveincomeforeigncurrencytransactionandtranslationgainlossarisingduringperiodnetoftax": 571000,
        "othercomprehensiveincomelosspensionandotherpostretirementbenefitplansadjustmentbeforereclassificationadjustmentsnetoftax": -72000,
        "othercomprehensiveincomelossnetoftax": -1153000,
        "comprehensiveincomenetoftax": -180382000
    },
    {
        "date": "2020-03-30",
        "symbol": "ALNY",
        "period": "Q1",
        "revenuefromcontractwithcustomerexcludingassessedtax": 71938000,
        "costofgoodsandservicessold": 13302000,
        "researchanddevelopmentexpense": 169571000,
        "sellinggeneralandadministrativeexpense": 126761000,
        "costsandexpenses": 309634000,
        "operatingincomeloss": -210158000,
        "investmentincomenet": 5480000,
        "othernonoperatingincomeexpense": 23032000,
        "nonoperatingincomeexpense": 28512000,
        "incomelossfromcontinuingoperationsbeforeincometaxesextraordinaryitemsnoncontrollinginterest": -181646000,
        "incometaxexpensebenefit": 575000,
        "netincomeloss": -182221000,
        "earningspersharebasicanddiluted": -1.62,
        "weightedaveragenumberofshareoutstandingbasicanddiluted": 112748000,
        "othercomprehensiveincomeunrealizedholdinggainlossonsecuritiesarisingduringperiodnetoftax": 4045000,
        "othercomprehensiveincomeforeigncurrencytransactionandtranslationgainlossarisingduringperiodnetoftax": 340000,
        "othercomprehensiveincomelosspensionandotherpostretirementbenefitplansadjustmentbeforereclassificationadjustmentsnetoftax": -74000,
        "comprehensiveincomenetoftax": -177762000
    },
    {
        "date": "2019-12-30",
        "symbol": "ALNY",
        "period": "Q4",
        "revenuefromcontractwithcustomerexcludingassessedtax": 18027000,
        "costofgoodsandservicessold": 12176000,
        "researchanddevelopmentexpense": 38402000,
        "sellinggeneralandadministrativeexpense": 156277000,
        "costsandexpenses": 369754000,
        "operatingincomeloss": -298073000,
        "investmentincomenet": 7253000,
        "othernonoperatingincomeexpense": 14237000,
        "nonoperatingincomeexpense": 21490000,
        "incomelossfromcontinuingoperationsbeforeincometaxesextraordinaryitemsnoncontrollinginterest": -276583000,
        "incometaxexpensebenefit": -398000,
        "netincomeloss": -276185000,
        "earningspersharebasicanddiluted": -2.479999999999999,
        "weightedaveragenumberofshareoutstandingbasicanddiluted": 837000,
        "othercomprehensiveincomeunrealizedholdinggainlossonsecuritiesarisingduringperiodnetoftax": -214000,
        "comprehensiveincomenetoftax": -278332000
    },
    {
        "date": "2019-09-29",
        "symbol": "ALNY",
        "period": "Q3",
        "revenuefromcontractwithcustomerexcludingassessedtax": 110066000,
        "costofgoodsandservicessold": 5213000,
        "researchanddevelopmentexpense": 452163000,
        "sellinggeneralandadministrativeexpense": 120351000,
        "costsandexpenses": 286360000,
        "operatingincomeloss": -216299000,
        "investmentincomenet": 9889000,
        "othernonoperatingincomeexpense": -2519000,
        "nonoperatingincomeexpense": 7370000,
        "incomelossfromcontinuingoperationsbeforeincometaxesextraordinaryitemsnoncontrollinginterest": -208929000,
        "incometaxexpensebenefit": -394000,
        "netincomeloss": -208535000,
        "earningspersharebasicanddiluted": -1.88,
        "weightedaveragenumberofshareoutstandingbasicanddiluted": -105549000,
        "othercomprehensiveincomeunrealizedholdinggainlossonsecuritiesarisingduringperiodnetoftax": -50000,
        "comprehensiveincomenetoftax": -207075000
    },
    {
        "date": "2019-06-29",
        "symbol": "ALNY",
        "period": "Q2",
        "revenuefromcontractwithcustomerexcludingassessedtax": 38231000,
        "costofgoodsandservicessold": 4326000,
        "researchanddevelopmentexpense": 163890000,
        "sellinggeneralandadministrativeexpense": 112769000,
        "costsandexpenses": 280985000,
        "operatingincomeloss": -236271000,
        "investmentincomenet": 8781000,
        "othernonoperatingincomeexpense": -453000,
        "changeinfairvalueofliabilityobligation": 9422000,
        "nonoperatingincomeexpense": 17750000,
        "incomelossfromcontinuingoperationsbeforeincometaxesextraordinaryitemsnoncontrollinginterest": -218521000,
        "incometaxexpensebenefit": 960000,
        "netincomeloss": -219481000,
        "earningspersharebasicanddiluted": -2.02,
        "weightedaveragenumberofshareoutstandingbasicanddiluted": 108576000,
        "othercomprehensiveincomeunrealizedholdinggainlossonsecuritiesarisingduringperiodnetoftax": 462000,
        "othercomprehensiveincomeforeigncurrencytransactionandtranslationgainlossarisingduringperiodnetoftax": 842000,
        "othercomprehensiveincomelosspensionandotherpostretirementbenefitplansadjustmentbeforereclassificationadjustmentsnetoftax": 4282000,
        "comprehensiveincomenetoftax": -222459000
    },
    {
        "date": "2019-03-30",
        "symbol": "ALNY",
        "period": "Q1",
        "revenuefromcontractwithcustomerexcludingassessedtax": 213000,
        "costofgoodsandservicessold": 3347000,
        "researchanddevelopmentexpense": 659000,
        "sellinggeneralandadministrativeexpense": 89608000,
        "costsandexpenses": 222082000,
        "operatingincomeloss": -188788000,
        "investmentincomenet": 7525000,
        "othernonoperatingincomeexpense": 43000,
        "nonoperatingincomeexpense": 7568000,
        "incomelossfromcontinuingoperationsbeforeincometaxesextraordinaryitemsnoncontrollinginterest": -181220000,
        "incometaxexpensebenefit": 695000,
        "netincomeloss": -181915000,
        "earningspersharebasicanddiluted": -1.73,
        "weightedaveragenumberofshareoutstandingbasicanddiluted": 105400000,
        "othercomprehensiveincomeunrealizedholdinggainlossonsecuritiesarisingduringperiodnetoftax": 360000,
        "comprehensiveincomenetoftax": -181555000
    },
    {
        "date": "2018-09-29",
        "symbol": "ALNY",
        "period": "Q3",
        "researchanddevelopmentexpense": -11000000,
        "operatingincomeloss": -254558000,
        "investmentincomenet": 6796000,
        "othernonoperatingincomeexpense": 2925000,
        "nonoperatingincomeexpense": 9721000,
        "incomelossfromcontinuingoperationsbeforeincometaxesextraordinaryitemsnoncontrollinginterest": -244837000,
        "incometaxexpensebenefit": 445000,
        "netincomeloss": 698000,
        "earningspersharebasicanddiluted": -5.551115123125783e-17,
        "weightedaveragenumberofshareoutstandingbasicanddiluted": -100068000,
        "othercomprehensiveincomeunrealizedholdinggainlossonsecuritiesarisingduringperiodnetoftax": 415000,
        "comprehensiveincomenetoftax": -244867000,
        "sharebasedcompensation": 99570000
    },
    {
        "date": "2018-06-29",
        "symbol": "ALNY",
        "period": "Q2",
        "revenuefromcontractwithcustomerexcludingassessedtax": 36500000,
        "researchanddevelopmentexpense": 11940000,
        "generalandadministrativeexpense": 84679000,
        "operatingexpenses": 222261000,
        "operatingincomeloss": -192354000,
        "investmentincomenet": 6101000,
        "othernonoperatingincomeexpense": 2208000,
        "gainlossrelatedtolitigationsettlement": 20600000,
        "nonoperatingincomeexpense": 28873000,
        "incomelossfromcontinuingoperationsbeforeincometaxesextraordinaryitemsnoncontrollinginterest": -163481000,
        "incometaxexpensebenefit": 79000,
        "netincomeloss": 16308000,
        "earningspersharebasicanddiluted": 0.17,
        "weightedaveragenumberofshareoutstandingbasicanddiluted": 100519000,
        "othercomprehensiveincomeunrealizedholdinggainlossonsecuritiesarisingduringperiodnetoftax": 1046000,
        "comprehensiveincomenetoftax": -162514000,
        "sharebasedcompensation": 10625000
    },
    {
        "date": "2018-03-30",
        "symbol": "ALNY",
        "period": "Q1",
        "licenseandservicesrevenue": 55026000,
        "researchanddevelopmentexpense": 641000,
        "generalandadministrativeexpense": 72447000,
        "operatingexpenses": 169304000,
        "operatingincomeloss": -147405000,
        "investmentincomenet": 5794000,
        "othernonoperatingincomeexpense": 335000,
        "nonoperatingincomeexpense": 6129000,
        "incomelossfromcontinuingoperationsbeforeincometaxesextraordinaryitemsnoncontrollinginterest": -141276000,
        "incometaxexpensebenefit": -62000,
        "netincomeloss": 33127000,
        "earningspersharebasicanddiluted": 0.33,
        "weightedaveragenumberofshareoutstandingbasicanddiluted": 99979000,
        "othercomprehensiveincomeunrealizedholdinggainlossonsecuritiesarisingduringperiodnetoftax": -420000,
        "comprehensiveincomenetoftax": -141634000,
        "sharebasedcompensation": 19584000
    },
    {
        "date": "2017-09-29",
        "symbol": "ALNY",
        "period": "Q3",
        "licenseandservicesrevenue": 238000,
        "researchanddevelopmentexpense": 95252000,
        "generalandadministrativeexpense": 47644000,
        "operatingexpenses": 142896000,
        "operatingincomeloss": -125800000,
        "investmentincomenet": 3296000,
        "othernonoperatingincomeexpense": -433000,
        "nonoperatingincomeexpense": 2863000,
        "netincomeloss": -122937000,
        "earningspersharebasicanddiluted": -1.3399999999999999,
        "weightedaveragenumberofshareoutstandingbasicanddiluted": -85453000,
        "othercomprehensiveincomeunrealizedholdinggainlossonsecuritiesarisingduringperiodnetoftax": 0,
        "othercomprehensiveincomelossreclassificationadjustmentfromaociforsaleofsecuritiesnetoftax": 0,
        "comprehensiveincomenetoftax": -122719000,
        "sharebasedcompensation": 39209000
    },
    {
        "date": "2017-06-29",
        "symbol": "ALNY",
        "period": "Q2",
        "licenseandservicesrevenue": 35000,
        "researchanddevelopmentexpense": 90627000,
        "generalandadministrativeexpense": 45779000,
        "operatingexpenses": 136406000,
        "operatingincomeloss": -120474000,
        "investmentincomenet": 2577000,
        "othernonoperatingincomeexpense": -523000,
        "nonoperatingincomeexpense": 2054000,
        "netincomeloss": -118420000,
        "earningspersharebasicanddiluted": -1.34,
        "weightedaveragenumberofshareoutstandingbasicanddiluted": 88098000,
        "othercomprehensiveincomeunrealizedholdinggainlossonsecuritiesarisingduringperiodnetoftax": -345000,
        "othercomprehensiveincomelossreclassificationadjustmentfromaociforsaleofsecuritiesnetoftax": -345000,
        "comprehensiveincomenetoftax": -118551000,
        "sharebasedcompensation": 10776000
    },
    {
        "date": "2017-03-30",
        "symbol": "ALNY",
        "period": "Q1",
        "licenseandservicesrevenue": 319000,
        "researchanddevelopmentexpense": 86984000,
        "generalandadministrativeexpense": 38487000,
        "operatingexpenses": 125471000,
        "operatingincomeloss": -106511000,
        "investmentincomenet": 2128000,
        "othernonoperatingincomeexpense": -2907000,
        "nonoperatingincomeexpense": -779000,
        "netincomeloss": -107290000,
        "earningspersharebasicanddiluted": -1.25,
        "weightedaveragenumberofshareoutstandingbasicanddiluted": 86027000,
        "othercomprehensiveincomeunrealizedholdinggainlossonsecuritiesarisingduringperiodnetoftax": -2453000,
        "othercomprehensiveincomelossreclassificationadjustmentfromaociforsaleofsecuritiesnetoftax": -1549000,
        "comprehensiveincomenetoftax": -107677000,
        "sharebasedcompensation": 15717000
    },
    {
        "date": "2016-12-30",
        "symbol": "ALNY",
        "period": "Q4",
        "licenseandservicesrevenue": -13265000,
        "researchanddevelopmentexpense": 105011000,
        "generalandadministrativeexpense": 27876000,
        "operatingexpenses": 132887000,
        "operatingincomeloss": -115433000,
        "investmentincomenet": 2199000,
        "othernonoperatingincomeexpense": 300000,
        "nonoperatingincomeexpense": 2499000,
        "netincomeloss": -112934000,
        "earningspersharebasicanddiluted": -1.3200000000000003,
        "weightedaveragenumberofshareoutstandingbasicanddiluted": -170942000,
        "othercomprehensiveincomeunrealizedholdinggainlossonsecuritiesarisingduringperiodnetoftax": -4199000,
        "othercomprehensiveincomelossreclassificationadjustmentfromaociforsaleofsecuritiesnetoftax": 190000,
        "comprehensiveincomenetoftax": -118597000,
        "sharebasedcompensation": -32286000
    },
    {
        "date": "2016-09-29",
        "symbol": "ALNY",
        "period": "Q3",
        "licenseandservicesrevenue": 7387000,
        "researchanddevelopmentexpense": 97936000,
        "generalandadministrativeexpense": 22391000,
        "operatingexpenses": 120327000,
        "operatingincomeloss": -106676000,
        "investmentincomenet": 2204000,
        "othernonoperatingincomeexpense": 401000,
        "nonoperatingincomeexpense": 2605000,
        "netincomeloss": -104071000,
        "earningspersharebasicanddiluted": -1.21,
        "weightedaveragenumberofshareoutstandingbasicanddiluted": 85716000,
        "othercomprehensiveincomeunrealizedholdinggainlossonsecuritiesarisingduringperiodnetoftax": 1975000,
        "othercomprehensiveincomelossreclassificationadjustmentfromaociforsaleofsecuritiesnetoftax": 700000,
        "comprehensiveincomenetoftax": -103553000,
        "sharebasedcompensation": 9341000
    },
    {
        "date": "2016-06-29",
        "symbol": "ALNY",
        "period": "Q2",
        "licenseandservicesrevenue": 5387000,
        "researchanddevelopmentexpense": 83172000,
        "generalandadministrativeexpense": 17987000,
        "operatingexpenses": 101159000,
        "operatingincomeloss": -92450000,
        "investmentincomenet": 2092000,
        "othernonoperatingincomeexpense": 229000,
        "nonoperatingincomeexpense": 2321000,
        "incomelossfromcontinuingoperationsbeforeincometaxesextraordinaryitemsnoncontrollinginterest": -90129000,
        "netincomeloss": -90129000,
        "earningspersharebasicanddiluted": -1.05,
        "weightedaveragenumberofshareoutstandingbasicanddiluted": 85545000,
        "othercomprehensiveincomeunrealizedholdinggainlossonsecuritiesarisingduringperiodnetoftax": -19074000,
        "othercomprehensiveincomelossreclassificationadjustmentfromaociforsaleofsecuritiesnetoftax": 954000,
        "comprehensiveincomenetoftax": -109414000,
        "sharebasedcompensation": 9277000
    },
    {
        "date": "2016-03-30",
        "symbol": "ALNY",
        "period": "Q1",
        "licenseandservicesrevenue": 4415000,
        "researchanddevelopmentexpense": 96273000,
        "generalandadministrativeexpense": 21100000,
        "operatingexpenses": 117373000,
        "operatingincomeloss": -110028000,
        "investmentincomenet": 1813000,
        "othernonoperatingincomeexpense": 5241000,
        "nonoperatingincomeexpense": 7054000,
        "incomelossfromcontinuingoperationsbeforeincometaxesextraordinaryitemsnoncontrollinginterest": -102974000,
        "netincomeloss": -102974000,
        "earningspersharebasicanddiluted": -1.21,
        "weightedaveragenumberofshareoutstandingbasicanddiluted": 85277000,
        "othercomprehensiveincomeunrealizedholdinggainlossonsecuritiesarisingduringperiodnetoftax": -10305000,
        "othercomprehensiveincomelossreclassificationadjustmentfromaociforsaleofsecuritiesnetoftax": 5156000,
        "comprehensiveincomenetoftax": -116354000,
        "sharebasedcompensation": 14356000
    },
    {
        "date": "2015-12-30",
        "symbol": "ALNY",
        "period": "Q4",
        "licenseandservicesrevenue": -234000,
        "researchanddevelopmentexpense": 82835000,
        "generalandadministrativeexpense": 17228000,
        "operatingexpenses": 100063000,
        "operatingincomeloss": -92512000,
        "investmentincomenet": 1616000,
        "nonoperatingincomeexpense": 1791000,
        "incomelossfromcontinuingoperationsbeforeincometaxesextraordinaryitemsnoncontrollinginterest": -90721000,
        "netincomeloss": -90721000,
        "earningspersharebasicanddiluted": -1.0699999999999998,
        "weightedaveragenumberofshareoutstandingbasicanddiluted": -167068000,
        "othercomprehensiveincomeunrealizedholdinggainlossonsecuritiesarisingduringperiodnetoftax": 11624000,
        "comprehensiveincomenetoftax": -79133000,
        "sharebasedcompensation": 9257000
    },
    {
        "date": "2015-09-29",
        "symbol": "ALNY",
        "period": "Q3",
        "licenseandservicesrevenue": 3008000,
        "researchanddevelopmentexpense": 68618000,
        "generalandadministrativeexpense": 16036000,
        "operatingexpenses": 84654000,
        "operatingincomeloss": -78330000,
        "investmentincomenet": 1610000,
        "othernonoperatingincomeexpense": -72000,
        "nonoperatingincomeexpense": 1538000,
        "incomelossfromcontinuingoperationsbeforeincometaxesextraordinaryitemsnoncontrollinginterest": -76792000,
        "netincomeloss": -76792000,
        "earningspersharebasicanddiluted": -0.91,
        "weightedaveragenumberofshareoutstandingbasicanddiluted": 84633000,
        "othercomprehensiveincomeunrealizedholdinggainlossonsecuritiesarisingduringperiodnetoftax": -26063000,
        "comprehensiveincomenetoftax": -102773000,
        "sharebasedcompensation": 6334000
    },
    {
        "date": "2015-06-29",
        "symbol": "ALNY",
        "period": "Q2",
        "licenseandservicesrevenue": 2610000,
        "researchanddevelopmentexpense": 67007000,
        "generalandadministrativeexpense": 14622000,
        "operatingexpenses": 81629000,
        "operatingincomeloss": -72944000,
        "investmentincomenet": 1619000,
        "othernonoperatingincomeexpense": -27000,
        "nonoperatingincomeexpense": 1592000,
        "incomelossfromcontinuingoperationsbeforeincometaxesextraordinaryitemsnoncontrollinginterest": -71352000,
        "incometaxexpensebenefitintraperiodtaxallocation": 431000,
        "netincomeloss": -71783000,
        "earningspersharebasicanddiluted": -0.85,
        "weightedaveragenumberofshareoutstandingbasicanddiluted": 84353000,
        "othercomprehensiveincomeunrealizedholdinggainlossonsecuritiesarisingduringperiodnetoftax": -32827000,
        "comprehensiveincomenetoftax": -105406000,
        "sharebasedcompensation": 6149000
    },
    {
        "date": "2015-03-30",
        "symbol": "ALNY",
        "period": "Q1",
        "licenseandservicesrevenue": 5621000,
        "researchanddevelopmentexpense": 58035000,
        "generalandadministrativeexpense": 12724000,
        "operatingexpenses": 70759000,
        "operatingincomeloss": -52222000,
        "investmentincomenet": 1014000,
        "nonoperatingincomeexpense": 1014000,
        "incomelossfromcontinuingoperationsbeforeincometaxesextraordinaryitemsnoncontrollinginterest": -51208000,
        "incometaxexpensebenefitintraperiodtaxallocation": -431000,
        "netincomeloss": -50777000,
        "earningspersharebasicanddiluted": -0.62,
        "weightedaveragenumberofshareoutstandingbasicanddiluted": 82074000,
        "othercomprehensiveincomeunrealizedholdinggainlossonsecuritiesarisingduringperiodnetoftax": 2872000,
        "comprehensiveincomenetoftax": -47155000,
        "sharebasedcompensation": 5346000
    },
    {
        "date": "2014-09-29",
        "symbol": "ALNY",
        "period": "Q3",
        "licenseandservicesrevenue": 4419000,
        "researchanddevelopmentexpense": 46273000,
        "generalandadministrativeexpense": 9898000,
        "operatingexpenses": 56171000,
        "operatingincomeloss": -45199000,
        "investmentincomenet": 753000,
        "othernonoperatingincomeexpense": 524000,
        "nonoperatingincomeexpense": 1277000,
        "incomelossfromcontinuingoperationsbeforeincometaxesextraordinaryitemsnoncontrollinginterest": -43922000,
        "incometaxexpensebenefitintraperiodtaxallocation": -33003000,
        "netincomeloss": -43989000,
        "earningspersharebasicanddiluted": -0.33999999999999986,
        "weightedaveragenumberofshareoutstandingbasicanddiluted": -70246000,
        "othercomprehensiveincomeunrealizedholdinggainlossonsecuritiesarisingduringperiodnetoftax": -5776000,
        "comprehensiveincomenetoftax": -50786000
    },
    {
        "date": "2014-06-29",
        "symbol": "ALNY",
        "period": "Q2",
        "licenseandservicesrevenue": 391000,
        "researchanddevelopmentexpense": 44672000,
        "researchanddevelopmentassetacquiredthroughotherthanbusinesscombinationwrittenoff": -3890000,
        "generalandadministrativeexpense": 11518000,
        "operatingexpenses": 52300000,
        "operatingincomeloss": -45005000,
        "investmentincomenet": 693000,
        "othernonoperatingincomeexpense": -77000,
        "nonoperatingincomeexpense": 616000,
        "incomelossfromcontinuingoperationsbeforeincometaxesextraordinaryitemsnoncontrollinginterest": -44389000,
        "incometaxexpensebenefitintraperiodtaxallocation": -315000,
        "netincomeloss": -44074000,
        "earningspersharebasicanddiluted": -0.58,
        "weightedaveragenumberofshareoutstandingbasicanddiluted": 75835000,
        "othercomprehensiveincomeunrealizedholdinggainlossonsecuritiesarisingduringperiodnetoftax": -3556000,
        "comprehensiveincomenetoftax": -47121000,
        "sharebasedcompensation": 2557000
    },
    {
        "date": "2014-03-30",
        "symbol": "ALNY",
        "period": "Q1",
        "licenseandservicesrevenue": 1410000,
        "researchanddevelopmentexpense": 43758000,
        "researchanddevelopmentassetacquiredotherthanthroughbusinesscombinationwrittenoff": 224700000,
        "generalandadministrativeexpense": 8925000,
        "operatingexpenses": 277339000,
        "operatingincomeloss": -269064000,
        "investmentincomenet": 333000,
        "othernonoperatingincomeexpense": -82000,
        "nonoperatingincomeexpense": 251000,
        "incomelossfromcontinuingoperationsbeforeincometaxesextraordinaryitemsnoncontrollinginterest": -268813000,
        "incometaxexpensebenefitintraperiodtaxallocation": 15200000,
        "netincomeloss": -250943000,
        "earningspersharebasicanddiluted": -3.7,
        "weightedaveragenumberofshareoutstandingbasicanddiluted": 67786000,
        "othercomprehensiveincomeunrealizedholdinggainlossonsecuritiesarisingduringperiodnetoftax": 5947000,
        "comprehensiveincomenetoftax": -245630000,
        "noncashstockbasedcompensationexpensesresearchanddevelopment": 3681000,
        "noncashstockbasedcompensationexpensesgeneralandadministrative": 1910000
    },
    {
        "date": "2013-09-29",
        "symbol": "ALNY",
        "period": "Q3",
        "licenseandservicesrevenue": 1410000,
        "researchanddevelopmentexpense": 34457000,
        "generalandadministrativeexpense": 6768000,
        "operatingexpenses": 41225000,
        "operatingincomeloss": -32234000,
        "investmentincomenet": 290000,
        "othernonoperatingincomeexpense": -12000,
        "nonoperatingincomeexpense": 278000,
        "incomelossfromcontinuingoperationsbeforeincometaxesextraordinaryitemsnoncontrollinginterest": -31956000,
        "incometaxexpensebenefit": -2270000,
        "netincomeloss": -29686000,
        "earningspersharebasicanddiluted": -0.48,
        "weightedaveragenumberofshareoutstandingbasicanddiluted": 62416000,
        "othercomprehensiveincomeunrealizedholdinggainlossonsecuritiesarisingduringperiodnetoftax": -1398000,
        "comprehensiveincomenetoftax": -30648000,
        "noncashstockbasedcompensationexpensesresearchanddevelopment": 6805000,
        "noncashstockbasedcompensationexpensesgeneralandadministrative": 2040000
    },
    {
        "date": "2013-06-29",
        "symbol": "ALNY",
        "period": "Q2",
        "licenseandservicesrevenue": 1410000,
        "researchanddevelopmentexpense": 24215000,
        "generalandadministrativeexpense": 5784000,
        "operatingexpenses": 29999000,
        "operatingincomeloss": -21312000,
        "investmentincomenet": 270000,
        "othernonoperatingincomeexpense": -11000,
        "nonoperatingincomeexpense": 259000,
        "incomelossfromcontinuingoperationsbeforeincometaxesextraordinaryitemsnoncontrollinginterest": -21053000,
        "incometaxexpensebenefit": -2884000,
        "netincomeloss": -18169000,
        "earningspersharebasicanddiluted": -0.29,
        "weightedaveragenumberofshareoutstandingbasicanddiluted": 61661000,
        "othercomprehensiveincomeunrealizedholdinggainlossonsecuritiesarisingduringperiodnetoftax": 7577000,
        "comprehensiveincomenetoftax": -10860000,
        "noncashstockbasedcompensationexpensesresearchanddevelopment": 2200000,
        "noncashstockbasedcompensationexpensesgeneralandadministrative": 1177000
    },
    {
        "date": "2013-03-30",
        "symbol": "ALNY",
        "period": "Q1",
        "licenseandservicesrevenue": 834000,
        "researchanddevelopmentexpense": 22179000,
        "generalandadministrativeexpense": 6267000,
        "operatingexpenses": 28446000,
        "operatingincomeloss": -9804000,
        "investmentincomeinterest": 224000,
        "othernonoperatingincomeexpense": 5000,
        "nonoperatingincomeexpense": 229000,
        "incomelossfromcontinuingoperationsbeforeincometaxesextraordinaryitemsnoncontrollinginterest": -9575000,
        "incometaxexpensebenefit": -562000,
        "netincomeloss": -9013000,
        "earningspersharebasicanddiluted": -0.15,
        "weightedaveragenumberofshareoutstandingbasicanddiluted": 59173000,
        "othercomprehensiveincomeunrealizedholdinggainlossonsecuritiesarisingduringperiodnetoftax": 5333000,
        "comprehensiveincomenetoftax": -3854000,
        "noncashstockbasedcompensationexpensesresearchanddevelopment": 2087000,
        "noncashstockbasedcompensationexpensesgeneralandadministrative": 988000
    },
    {
        "date": "2012-09-29",
        "symbol": "ALNY",
        "period": "Q3",
        "licenseandservicesrevenue": 519000,
        "researchanddevelopmentexpense": 22094000,
        "generalandadministrativeexpense": 12812000,
        "operatingexpenses": 34906000,
        "operatingincomeloss": -18147000,
        "incomelossfromequitymethodinvestments": -1613000,
        "investmentincomeinterest": 261000,
        "othernonoperatingincomeexpense": -3000,
        "nonoperatingincomeexpense": -1355000,
        "netincomeloss": -19502000,
        "earningspersharebasicanddiluted": -0.38,
        "weightedaveragenumberofshareoutstandingbasicanddiluted": 51542000,
        "othercomprehensiveincomeunrealizedholdinggainlossonsecuritiesarisingduringperiodnetoftax": 170000,
        "comprehensiveincomenetoftax": -19332000,
        "noncashstockbasedcompensationexpensesresearchanddevelopment": 2271000,
        "noncashstockbasedcompensationexpensesgeneralandadministrative": 1115000
    },
    {
        "date": "2012-06-29",
        "symbol": "ALNY",
        "period": "Q2",
        "licenseandservicesrevenue": 5494000,
        "researchanddevelopmentexpense": 21723000,
        "generalandadministrativeexpense": 11228000,
        "operatingexpenses": 32951000,
        "operatingincomeloss": -12067000,
        "incomelossfromequitymethodinvestments": -1139000,
        "investmentincomeinterest": 271000,
        "othernonoperatingincomeexpense": -21000,
        "nonoperatingincomeexpense": -889000,
        "netincomeloss": -12956000,
        "earningspersharebasicanddiluted": -0.25,
        "weightedaveragenumberofshareoutstandingbasicanddiluted": 51280000,
        "othercomprehensiveincomeunrealizedholdinggainlossonsecuritiesarisingduringperiodnetoftax": -25000,
        "comprehensiveincomenetoftax": -12981000,
        "noncashstockbasedcompensationexpensesresearchanddevelopment": 1998000,
        "noncashstockbasedcompensationexpensesgeneralandadministrative": 1098000
    },
    {
        "date": "2012-03-30",
        "symbol": "ALNY",
        "period": "Q1",
        "licenseandservicesrevenue": 20587000,
        "researchanddevelopmentexpense": 21074000,
        "generalandadministrativeexpense": 10406000,
        "operatingexpenses": 31480000,
        "operatingincomeloss": -10893000,
        "incomelossfromequitymethodinvestments": -889000,
        "investmentincomeinterest": 223000,
        "othernonoperatingincomeexpense": 191000,
        "nonoperatingincomeexpense": -475000,
        "netincomeloss": -11368000,
        "earningspersharebasicanddiluted": -0.25,
        "weightedaveragenumberofshareoutstandingbasicanddiluted": 46210000,
        "othercomprehensiveincomeunrealizedholdinggainlossonsecuritiesarisingduringperiodnetoftax": 128000,
        "comprehensiveincomenetoftax": -11240000,
        "noncashstockbasedcompensationexpensesresearchanddevelopment": 2088000,
        "noncashstockbasedcompensationexpensesgeneralandadministrative": 1068000
    },
    {
        "date": "2011-09-29",
        "symbol": "ALNY",
        "period": "Q3",
        "licenseandservicesrevenue": 20791000,
        "researchanddevelopmentexpense": 24274000,
        "generalandadministrativeexpense": 8955000,
        "operatingexpenses": 33229000,
        "operatingincomeloss": -12438000,
        "incomelossfromequitymethodinvestments": -467000,
        "investmentincomeinterest": 265000,
        "othernonoperatingincomeexpense": -597000,
        "nonoperatingincomeexpense": -799000,
        "incomelossfromcontinuingoperationsbeforeincometaxesminorityinterestandincomelossfromequitymethodinvestments": -13237000,
        "netincomeloss": -13237000,
        "earningspersharebasicanddiluted": -0.31,
        "weightedaveragecommonsharesusedtocomputebasicanddilutednetlosspercommonshare": 42654000,
        "othercomprehensiveincomeunrealizedholdinggainlossonsecuritiesarisingduringperiodnetoftax": 95000,
        "comprehensiveincomenetoftax": -13142000,
        "noncashstockbasedcompensationexpensesresearchanddevelopment": 2789000,
        "noncashstockbasedcompensationexpensesgeneralandadministrative": 1469000
    },
    {
        "date": "2011-06-29",
        "symbol": "ALNY",
        "period": "Q2",
        "researchanddevelopmentexpense": 25303000,
        "generalandadministrativeexpense": 8429000,
        "operatingexpenses": 33732000,
        "operatingincomeloss": -13118000,
        "incomelossfromequitymethodinvestments": -1012000,
        "investmentincomeinterest": 322000,
        "othernonoperatingincomeexpense": -16000,
        "nonoperatingincomeexpense": -706000,
        "incomelossfromcontinuingoperationsbeforeincometaxesminorityinterestandincomelossfromequitymethodinvestments": -13824000,
        "netincomeloss": -13824000,
        "othercomprehensiveincomeunrealizedholdinggainlossonsecuritiesarisingduringperiodnetoftax": -228000,
        "comprehensiveincomenetoftax": -14052000,
        "noncashstockbasedcompensationexpensesresearchanddevelopment": 2830000,
        "noncashstockbasedcompensationexpensesgeneralandadministrative": 1384000
    },
    {
        "date": "2011-03-30",
        "symbol": "ALNY",
        "period": "Q1",
        "salesrevenuenet": 20897000,
        "researchanddevelopmentexpense": 26349000,
        "generalandadministrativeexpense": 10224000,
        "operatingexpenses": 36573000,
        "operatingincomeloss": -15676000,
        "incomelossfromequitymethodinvestments": -1072000,
        "investmentincomeinterest": 382000,
        "othernonoperatingincomeexpense": 81000,
        "nonoperatingincomeexpense": -609000,
        "incomelossfromcontinuingoperationsbeforeincometaxesminorityinterestandincomelossfromequitymethodinvestments": -16285000,
        "netincomeloss": -16285000,
        "netlosspercommonsharebasicanddiluted": -0.38,
        "weightedaveragecommonsharesusedtocomputebasicanddilutednetlosspercommonshare": 42345000,
        "othercomprehensiveincomeunrealizedholdinggainlossonsecuritiesarisingduringperiodnetoftax": -732000,
        "comprehensiveincomenetoftax": -17017000,
        "noncashstockbasedcompensationexpensesresearchanddevelopment": 2665000,
        "noncashstockbasedcompensationexpensesgeneralandadministrative": 1457000
    },
    {
        "date": "2010-06-29",
        "symbol": "ALNY",
        "period": "Q2",
        "salesrevenuenet": 26617000,
        "researchanddevelopmentexpense": 28136000,
        "generalandadministrativeexpense": 10107000,
        "operatingexpenses": 38243000,
        "operatingincomeloss": -11626000,
        "incomelossfromequitymethodinvestments": -3919000,
        "investmentincomeinterest": 641000,
        "othernonoperatingincomeexpense": 43000,
        "nonoperatingincomeexpense": -3235000,
        "incomelossfromcontinuingoperationsbeforeincometaxesminorityinterestandincomelossfromequitymethodinvestments": -14861000,
        "incometaxexpensebenefit": -229000,
        "netincomeloss": -14632000,
        "netlosspercommonsharebasicanddiluted": -0.35,
        "weightedaveragecommonsharesusedtocomputebasicanddilutednetlosspercommonshare": 41991000,
        "othercomprehensiveincomeforeigncurrencytransactionandtranslationadjustmentnetoftaxperiodincreasedecrease": -29000,
        "othercomprehensiveincomeunrealizedholdinggainlossonsecuritiesarisingduringperiodnetoftax": 492000,
        "comprehensiveincomenetoftax": -14169000,
        "noncashstockbasedcompensationexpensesresearchanddevelopment": 3246000,
        "noncashstockbasedcompensationexpensesgeneralandadministrative": 1822000
    }
]