[
    {
        "date": "2024-09-29",
        "symbol": "RYAN",
        "period": "Q3",
        "revenuefromcontractwithcustomerexcludingassessedtax": 300000,
        "investmentincomenet": 16565000,
        "revenues": 604694000,
        "compensationexpenseexcludingcostofgoodandservicesold": 393249000,
        "generalandadministrativeexpense": 88684000,
        "adjustmentforamortization": 39182000,
        "depreciation": 2467000,
        "businesscombinationcontingentconsiderationarrangementschangeinamountofcontingentconsiderationliability1": -365000,
        "operatingexpenses": 523217000,
        "operatingincomeloss": 81477000,
        "interestincomeexpensenonoperatingnet": -49388000,
        "incomelossfromequitymethodinvestments": 4182000,
        "othernonoperatingincomeexpense": -16590000,
        "incomelossfromcontinuingoperationsbeforeincometaxesextraordinaryitemsnoncontrollinginterest": 19681000,
        "incometaxexpensebenefit": -8962000,
        "profitloss": 28643000,
        "netincomelossattributabletononcontrollinginterest": 11054000,
        "netincomeloss": 17589000,
        "earningspersharebasic": 0.15,
        "earningspersharediluted": 0.09,
        "weightedaveragenumberofsharesoutstandingbasic": 121915952,
        "weightedaveragenumberofdilutedsharesoutstanding": 272686269,
        "othercomprehensiveincomelosscashflowhedgegainlossbeforereclassificationaftertax": -2891000,
        "othercomprehensiveincomelosscashflowhedgegainlossreclassificationaftertax": 2441000,
        "othercomprehensiveincomeforeigncurrencytransactionandtranslationadjustmentnetoftaxportionattributabletoparent": 6658000,
        "ociequitymethodinvestmentaftertaxparent": -149000,
        "othercomprehensiveincomelossnetoftaxportionattributabletoparent": 1177000,
        "comprehensiveincomenetoftax": 18766000
    },
    {
        "date": "2024-06-29",
        "symbol": "RYAN",
        "period": "Q2",
        "revenuefromcommissionandfees": 680248000,
        "investmentincomenet": 15193000,
        "revenues": 695441000,
        "employeebenefitsandsharebasedcompensation": 414049000,
        "generalandadministrativeexpense": 82967000,
        "adjustmentforamortization": 30541000,
        "depreciation": 2273000,
        "businesscombinationcontingentconsiderationarrangementschangeinamountofcontingentconsiderationliability1": 1243000,
        "operatingexpenses": 531073000,
        "operatingincomeloss": 164368000,
        "interestexpense": 31128000,
        "incomelossfromequitymethodinvestments": 3722000,
        "othernonoperatingincomeexpense": -233000,
        "incomelossfromcontinuingoperationsbeforeincometaxesextraordinaryitemsnoncontrollinginterest": 136729000,
        "incometaxexpensebenefit": 18691000,
        "profitloss": 118038000,
        "netincomelossattributabletononcontrollinginterest": 71251000,
        "netincomeloss": 46787000,
        "earningspersharebasic": 0.38,
        "earningspersharediluted": 0.37,
        "weightedaveragenumberofsharesoutstandingbasic": 118394113,
        "weightedaveragenumberofdilutedsharesoutstanding": 271218549,
        "othercomprehensiveincomelosscashflowhedgegainlossafterreclassificationandtax": 1536000,
        "interestratecashflowhedgegainlossreclassifiedtoearningsnet": -2280000,
        "othercomprehensiveincomeforeigncurrencytransactionandtranslationadjustmentnetoftaxportionattributabletoparent": 927000,
        "ociequitymethodinvestmentaftertax": -376000,
        "othercomprehensiveincomelossnetoftaxportionattributabletoparent": -193000,
        "comprehensiveincomenetoftax": 46594000
    },
    {
        "date": "2024-03-30",
        "symbol": "RYAN",
        "period": "Q1",
        "revenuefromcommissionandfees": 537887000,
        "investmentincomenet": 14159000,
        "revenues": 552046000,
        "employeebenefitsandsharebasedcompensation": 373527000,
        "generalandadministrativeexpense": 75867000,
        "adjustmentforamortization": 27988000,
        "depreciation": 2080000,
        "businesscombinationcontingentconsiderationarrangementschangeinamountofcontingentconsiderationliability1": -65000,
        "operatingexpenses": 479397000,
        "operatingincomeloss": 72649000,
        "interestexpense": 29400000,
        "incomelossfromequitymethodinvestments": 5606000,
        "othernonoperatingincomeexpense": -1752000,
        "incomelossfromcontinuingoperationsbeforeincometaxesextraordinaryitemsnoncontrollinginterest": 47103000,
        "incometaxexpensebenefit": 6426000,
        "profitloss": 40677000,
        "netincomelossattributabletononcontrollinginterest": 24142000,
        "netincomeloss": 16535000,
        "earningspersharebasic": 0.14,
        "earningspersharediluted": 0.13,
        "weightedaveragenumberofsharesoutstandingbasic": 117811805,
        "weightedaveragenumberofdilutedsharesoutstanding": 269922368,
        "othercomprehensiveincomelosscashflowhedgegainlossafterreclassificationandtax": 4208000,
        "interestratecashflowhedgegainlossreclassifiedtoearningsnet": -2290000,
        "othercomprehensiveincomeforeigncurrencytransactionandtranslationadjustmentnetoftaxportionattributabletoparent": -408000,
        "ociequitymethodinvestmentaftertax": 1510000,
        "othercomprehensiveincomelossnetoftaxportionattributabletoparent": 3020000,
        "comprehensiveincomenetoftax": 19555000
    },
    {
        "date": "2023-12-30",
        "symbol": "RYAN",
        "period": "Q4",
        "revenuefromcommissionandfees": 518718000,
        "investmentincomenet": 14145000,
        "revenues": 532863000,
        "employeebenefitsandsharebasedcompensation": 331735000,
        "generalandadministrativeexpense": 139194000,
        "adjustmentforamortization": 27674000,
        "depreciation": 2468000,
        "businesscombinationcontingentconsiderationarrangementschangeinamountofcontingentconsiderationliability1": 1063000,
        "operatingexpenses": 436526000,
        "operatingincomeloss": 96337000,
        "interestexpense": 29667000,
        "incomelossfromequitymethodinvestments": 2849000,
        "othernonoperatingincomeexpense": -10343000,
        "incomelossfromcontinuingoperationsbeforeincometaxesextraordinaryitemsnoncontrollinginterest": 59176000,
        "incometaxexpensebenefit": 673000,
        "profitloss": 88581000,
        "netincomelossattributabletononcontrollinginterest": 35657000,
        "netincomeloss": 22846000,
        "earningspersharebasic": 0.18000000000000005,
        "earningspersharediluted": 0.19000000000000006,
        "weightedaveragenumberofsharesoutstandingbasic": 114359968,
        "weightedaveragenumberofdilutedsharesoutstanding": 125745139,
        "othercomprehensiveincomelosscashflowhedgegainlossafterreclassificationandtax": -3269000,
        "interestratecashflowhedgegainlossreclassifiedtoearningsnet": -2209000,
        "othercomprehensiveincomeforeigncurrencytransactionandtranslationadjustmentnetoftaxportionattributabletoparent": 1004000,
        "ociequitymethodinvestmentaftertax": -686000,
        "othercomprehensiveincomelossnetoftaxportionattributabletoparent": -5160000,
        "comprehensiveincomenetoftax": 17686000
    },
    {
        "date": "2023-09-29",
        "symbol": "RYAN",
        "period": "Q3",
        "revenuefromcommissionandfees": 487345000,
        "investmentincomenet": 14593000,
        "revenues": 501938000,
        "employeebenefitsandsharebasedcompensation": 329212000,
        "generalandadministrativeexpense": 69288000,
        "adjustmentforamortization": 29572000,
        "depreciation": 2201000,
        "businesscombinationcontingentconsiderationarrangementschangeinamountofcontingentconsiderationliability1": 1848000,
        "operatingexpenses": 432121000,
        "operatingincomeloss": 69817000,
        "interestexpense": 31491000,
        "incomelossfromequitymethodinvestments": 2271000,
        "othernonoperatingincomeexpense": -67000,
        "incomelossfromcontinuingoperationsbeforeincometaxesextraordinaryitemsnoncontrollinginterest": 40530000,
        "incometaxexpensebenefit": 24827000,
        "profitloss": 15703000,
        "netincomelossattributabletononcontrollinginterest": 20750000,
        "netincomeloss": -5047000,
        "earningspersharebasic": -0.04,
        "earningspersharediluted": -0.04,
        "weightedaveragenumberofsharesoutstandingbasic": 115872327,
        "weightedaveragenumberofdilutedsharesoutstanding": 115872327,
        "othercomprehensiveincomelosscashflowhedgegainlossafterreclassificationandtax": 2760000,
        "interestratecashflowhedgegainlossreclassifiedtoearningsnet": -2215000,
        "othercomprehensiveincomeforeigncurrencytransactionandtranslationadjustmentnetoftaxportionattributabletoparent": -567000,
        "ociequitymethodinvestmentaftertax": -267000,
        "othercomprehensiveincomelossnetoftaxportionattributabletoparent": -289000,
        "comprehensiveincomenetoftax": -5336000
    },
    {
        "date": "2023-06-29",
        "symbol": "RYAN",
        "period": "Q2",
        "revenuefromcommissionandfees": 573020000,
        "investmentincomenet": 12129000,
        "revenues": 585149000,
        "employeebenefitsandsharebasedcompensation": 352360000,
        "generalandadministrativeexpense": 16000000,
        "adjustmentforamortization": 24368000,
        "depreciation": 2177000,
        "businesscombinationcontingentconsiderationarrangementschangeinamountofcontingentconsiderationliability1": 1796000,
        "operatingexpenses": 462309000,
        "operatingincomeloss": 122840000,
        "interestexpense": 28881000,
        "incomelossfromequitymethodinvestments": 1616000,
        "othernonoperatingincomeexpense": -108000,
        "incomelossfromcontinuingoperationsbeforeincometaxesextraordinaryitemsnoncontrollinginterest": 95467000,
        "incometaxexpensebenefit": 11650000,
        "profitloss": 53739000,
        "netincomelossattributabletononcontrollinginterest": 53739000,
        "netincomeloss": 30078000,
        "earningspersharebasic": 0.27,
        "earningspersharediluted": 0.26,
        "weightedaveragenumberofsharesoutstandingbasic": 112915557,
        "weightedaveragenumberofdilutedsharesoutstanding": 123845655,
        "othercomprehensiveincomelosscashflowhedgegainlossafterreclassificationandtax": 5681000,
        "interestratecashflowhedgegainlossreclassifiedtoearningsnet": -1865000,
        "othercomprehensiveincomeforeigncurrencytransactionandtranslationadjustmentnetoftaxportionattributabletoparent": 103000,
        "ociequitymethodinvestmentaftertax": 323000,
        "othercomprehensiveincomelossnetoftaxportionattributabletoparent": 4242000,
        "comprehensiveincomenetoftax": 34320000
    },
    {
        "date": "2023-03-30",
        "symbol": "RYAN",
        "period": "Q1",
        "revenuefromcommissionandfees": 447513000,
        "investmentincomenet": 10086000,
        "revenues": 457599000,
        "employeebenefitsandsharebasedcompensation": 307722000,
        "generalandadministrativeexpense": 51699000,
        "adjustmentforamortization": 25185000,
        "depreciation": 2192000,
        "businesscombinationcontingentconsiderationarrangementschangeinamountofcontingentconsiderationliability1": 714000,
        "operatingexpenses": 387512000,
        "operatingincomeloss": 70087000,
        "interestexpense": 29468000,
        "incomelossfromequitymethodinvestments": 1995000,
        "othernonoperatingincomeexpense": 138000,
        "incomelossfromcontinuingoperationsbeforeincometaxesextraordinaryitemsnoncontrollinginterest": 42752000,
        "incometaxexpensebenefit": 6295000,
        "profitloss": 36457000,
        "netincomelossattributabletononcontrollinginterest": 23297000,
        "netincomeloss": 13160000,
        "earningspersharebasic": 0.12,
        "earningspersharediluted": 0.11,
        "weightedaveragenumberofsharesoutstandingbasic": 111034503,
        "weightedaveragenumberofdilutedsharesoutstanding": 266978224,
        "othercomprehensiveincomelosscashflowhedgegainlossafterreclassificationandtax": -813000,
        "interestratecashflowhedgegainlossreclassifiedtoearningsnet": -1438000,
        "othercomprehensiveincomeforeigncurrencytransactionandtranslationadjustmentnetoftaxportionattributabletoparent": 285000,
        "ociequitymethodinvestmentaftertax": 214000,
        "othercomprehensiveincomelossnetoftaxportionattributabletoparent": -1752000,
        "comprehensiveincomenetoftax": 11408000
    },
    {
        "date": "2022-12-30",
        "symbol": "RYAN",
        "period": "Q4",
        "revenuefromcommissionandfees": 427402000,
        "investmentincomenet": 7613000,
        "revenues": 435015000,
        "employeebenefitsandsharebasedcompensation": 270541000,
        "generalandadministrativeexpense": 57124000,
        "adjustmentforamortization": 25038000,
        "depreciation": 1787000,
        "businesscombinationcontingentconsiderationarrangementschangeinamountofcontingentconsiderationliability1": 1278000,
        "operatingexpenses": 355768000,
        "operatingincomeloss": 79247000,
        "interestexpense": 29367000,
        "incomelossfromequitymethodinvestments": -829000,
        "othernonoperatingincomeexpense": -11906000,
        "incomelossfromcontinuingoperationsbeforeincometaxesextraordinaryitemsnoncontrollinginterest": 51641000,
        "incometaxexpensebenefit": 5859000,
        "profitloss": 45782000,
        "netincomelossattributabletononcontrollinginterest": 27887000,
        "netincomeloss": 17895000,
        "earningspersharebasic": 0.15999999999999995,
        "earningspersharediluted": 0.15000000000000005,
        "weightedaveragenumberofsharesoutstandingbasic": -215458926,
        "weightedaveragenumberofdilutedsharesoutstanding": -384927913,
        "othercomprehensiveincomeforeigncurrencytransactionandtranslationadjustmentnetoftaxportionattributabletoparent": 1326000,
        "ociequitymethodinvestmentaftertax": -1108000,
        "othercomprehensiveincomelossnetoftaxportionattributabletoparent": 1668000,
        "comprehensiveincomenetoftax": 19563000
    },
    {
        "date": "2022-09-29",
        "symbol": "RYAN",
        "period": "Q3",
        "revenuefromcommissionandfees": 407551000,
        "investmentincomenet": 4445000,
        "revenues": 411996000,
        "employeebenefitsandsharebasedcompensation": 274108000,
        "generalandadministrativeexpense": 48991000,
        "adjustmentforamortization": 25667000,
        "depreciation": 1463000,
        "businesscombinationcontingentconsiderationarrangementschangeinamountofcontingentconsiderationliability1": 423000,
        "operatingexpenses": 350652000,
        "operatingincomeloss": 61344000,
        "interestexpense": 28864000,
        "incomelossfromequitymethodinvestments": -144000,
        "othernonoperatingincomeexpense": -66000,
        "incomelossfromcontinuingoperationsbeforeincometaxesextraordinaryitemsnoncontrollinginterest": 32690000,
        "incometaxexpensebenefit": 3411000,
        "profitloss": 29279000,
        "netincomelossattributabletononcontrollinginterest": 17534000,
        "netincomeloss": 11745000,
        "earningspersharebasic": 0.11,
        "earningspersharediluted": 0.09,
        "weightedaveragenumberofsharesoutstandingbasic": 109428073,
        "weightedaveragenumberofdilutedsharesoutstanding": 266352389,
        "othercomprehensiveincomelosscashflowhedgegainlossafterreclassificationandtax": 7596000,
        "othercomprehensiveincomeforeigncurrencytransactionandtranslationadjustmentnetoftaxportionattributabletoparent": -1752000,
        "ociequitymethodinvestmentaftertax": -218000,
        "othercomprehensiveincomelossnetoftaxportionattributabletoparent": 5626000,
        "comprehensiveincomenetoftax": 17371000
    },
    {
        "date": "2022-06-29",
        "symbol": "RYAN",
        "period": "Q2",
        "revenuefromcommissionandfees": 490227000,
        "investmentincomenet": 1065000,
        "revenues": 491292000,
        "employeebenefitsandsharebasedcompensation": 310058000,
        "generalandadministrativeexpense": 48495000,
        "adjustmentforamortization": 26233000,
        "depreciation": 1229000,
        "businesscombinationcontingentconsiderationarrangementschangeinamountofcontingentconsiderationliability1": -251000,
        "operatingexpenses": 385764000,
        "operatingincomeloss": 105528000,
        "interestexpense": 24846000,
        "incomelossfromequitymethodinvestments": 16000,
        "othernonoperatingincomeexpense": -622000,
        "incomelossfromcontinuingoperationsbeforeincometaxesextraordinaryitemsnoncontrollinginterest": 81288000,
        "incometaxexpensebenefit": 11168000,
        "profitloss": 70120000,
        "netincomelossattributabletononcontrollinginterest": 45619000,
        "netincomeloss": 24501000,
        "earningspersharebasic": 0.23,
        "earningspersharediluted": 0.22,
        "weightedaveragenumberofsharesoutstandingbasic": 108054437,
        "weightedaveragenumberofdilutedsharesoutstanding": 120204902,
        "othercomprehensiveincomelosscashflowhedgegainlossafterreclassificationandtax": 127000,
        "othercomprehensiveincomeforeigncurrencytransactionandtranslationadjustmentnetoftaxportionattributabletoparent": -1186000,
        "ociequitymethodinvestmentaftertax": 554000,
        "othercomprehensiveincomelossnetoftaxportionattributabletoparent": -1613000,
        "comprehensiveincomenetoftax": 22888000
    },
    {
        "date": "2022-03-30",
        "symbol": "RYAN",
        "period": "Q1",
        "revenuefromcommissionandfees": 386681000,
        "investmentincomenet": 209000,
        "revenues": 386890000,
        "employeebenefitsandsharebasedcompensation": 274274000,
        "generalandadministrativeexpense": 42361000,
        "adjustmentforamortization": 26663000,
        "depreciation": 1211000,
        "businesscombinationcontingentconsiderationarrangementschangeinamountofcontingentconsiderationliability1": -1008000,
        "operatingexpenses": 343501000,
        "operatingincomeloss": 43389000,
        "interestexpense": 21752000,
        "incomelossfromequitymethodinvestments": 543000,
        "othernonoperatingincomeexpense": 7521000,
        "incomelossfromcontinuingoperationsbeforeincometaxesextraordinaryitemsnoncontrollinginterest": 13573000,
        "incometaxexpensebenefit": -4503000,
        "profitloss": 18076000,
        "netincomelossattributabletononcontrollinginterest": 11165000,
        "netincomeloss": 6911000,
        "earningspersharebasic": 0.07,
        "earningspersharediluted": 0.06,
        "weightedaveragenumberofsharesoutstandingbasic": 106592836,
        "weightedaveragenumberofdilutedsharesoutstanding": 264121066,
        "othercomprehensiveincomeforeigncurrencytransactionandtranslationadjustmentnetoftaxportionattributabletoparent": -58000,
        "ociequitymethodinvestmentaftertax": -1302000,
        "othercomprehensiveincomelossnetoftaxportionattributabletoparent": -1360000,
        "comprehensiveincomenetoftax": 5551000
    }
]