[
    {
        "date": "2024-09-29",
        "symbol": "TMUS",
        "period": "Q3",
        "revenuefromcontractwithcustomerexcludingassessedtax": 13308000000,
        "costofgoodsandservicessold": 4307000000,
        "sellinggeneralandadministrativeexpense": 5186000000,
        "depreciationdepletionandamortization": 3151000000,
        "costsandexpenses": 15366000000,
        "operatingincomeloss": 4796000000,
        "interestincomeexpensenonoperatingnet": -836000000,
        "othernonoperatingincomeexpense": 7000000,
        "nonoperatingincomeexpense": -829000000,
        "incomelossfromcontinuingoperationsbeforeincometaxesextraordinaryitemsnoncontrollinginterest": 3967000000,
        "incometaxexpensebenefit": 908000000,
        "netincomeloss": 3059000000,
        "othercomprehensiveincomelosscashflowhedgegainlossreclassificationaftertax": -44000000,
        "othercomprehensiveincomelossderivativeexcludedcomponentincreasedecreaseafteradjustmentsandtax": -12000000,
        "othercomprehensiveincomedefinedbenefitplansnetunamortizedgainlossarisingduringperiodnetoftax": -4000000,
        "othercomprehensiveincomelossnetoftax": 28000000,
        "comprehensiveincomenetoftax": 3087000000,
        "earningspersharebasic": 2.62,
        "earningspersharediluted": 2.61,
        "weightedaveragenumberofsharesoutstandingbasic": 1166961755,
        "weightedaveragenumberofdilutedsharesoutstanding": 1170649561,
        "othercomprehensiveincomelosscashflowhedgegainlossafterreclassificationtaxparent": 15000000,
        "othercomprehensiveincomelossderivativeexcludedcomponentincreasedecreaseafteradjustmentstax": -5000000,
        "othercomprehensiveincomedefinedbenefitplanstaxportionattributabletoparent": -2000000
    },
    {
        "date": "2024-06-29",
        "symbol": "TMUS",
        "period": "Q2",
        "revenuefromcontractwithcustomerexcludingassessedtax": 12899000000,
        "costofgoodsandservicessold": 2664000000,
        "sellinggeneralandadministrativeexpense": 5142000000,
        "depreciationdepletionandamortization": 3248000000,
        "costsandexpenses": 15142000000,
        "operatingincomeloss": 4630000000,
        "interestincomeexpensenonoperatingnet": -854000000,
        "othernonoperatingincomeexpense": -8000000,
        "nonoperatingincomeexpense": -862000000,
        "incomelossfromcontinuingoperationsbeforeincometaxesextraordinaryitemsnoncontrollinginterest": 3768000000,
        "incometaxexpensebenefit": 843000000,
        "netincomeloss": 2925000000,
        "othercomprehensiveincomelosscashflowhedgegainlossreclassificationaftertax": -43000000,
        "othercomprehensiveincomelossderivativeexcludedcomponentincreasedecreaseafteradjustmentsandtax": -30000000,
        "othercomprehensiveincomedefinedbenefitplansnetunamortizedgainlossarisingduringperiodnetoftax": -4000000,
        "othercomprehensiveincomelossnetoftax": 9000000,
        "comprehensiveincomenetoftax": 2934000000,
        "earningspersharebasic": 2.5,
        "earningspersharediluted": 2.49,
        "weightedaveragenumberofsharesoutstandingbasic": 1170025862,
        "weightedaveragenumberofdilutedsharesoutstanding": 1172447353,
        "othercomprehensiveincomelosscashflowhedgegainlossafterreclassificationtaxparent": 15000000,
        "othercomprehensiveincomelossderivativeexcludedcomponentincreasedecreaseafteradjustmentstax": -10000000,
        "othercomprehensiveincomedefinedbenefitplanstaxportionattributabletoparent": -1000000
    },
    {
        "date": "2024-03-30",
        "symbol": "TMUS",
        "period": "Q1",
        "revenuefromcontractwithcustomerexcludingassessedtax": 12631000000,
        "costofgoodsandservicessold": 2688000000,
        "sellinggeneralandadministrativeexpense": 5138000000,
        "depreciationdepletionandamortization": 3371000000,
        "costsandexpenses": 15596000000,
        "operatingincomeloss": 3998000000,
        "interestincomeexpensenonoperatingnet": -880000000,
        "othernonoperatingincomeexpense": 20000000,
        "nonoperatingincomeexpense": -860000000,
        "incomelossfromcontinuingoperationsbeforeincometaxesextraordinaryitemsnoncontrollinginterest": 3138000000,
        "incometaxexpensebenefit": 764000000,
        "netincomeloss": 2374000000,
        "othercomprehensiveincomelosscashflowhedgegainlossreclassificationaftertax": -43000000,
        "othercomprehensiveincomedefinedbenefitplansnetunamortizedgainlossarisingduringperiodnetoftax": -5000000,
        "othercomprehensiveincomelossnetoftax": 38000000,
        "comprehensiveincomenetoftax": 2412000000,
        "earningspersharebasic": 2,
        "earningspersharediluted": 2,
        "weightedaveragenumberofsharesoutstandingbasic": 1185298497,
        "weightedaveragenumberofdilutedsharesoutstanding": 1189092019,
        "othercomprehensiveincomelosscashflowhedgegainlossafterreclassificationtaxparent": 15000000,
        "othercomprehensiveincomedefinedbenefitplanstaxportionattributabletoparent": -2000000
    },
    {
        "date": "2023-12-30",
        "symbol": "TMUS",
        "period": "Q4",
        "revenuefromcontractwithcustomerexcludingassessedtax": 12472000000,
        "costofgoodsandservicessold": 2792000000,
        "sellinggeneralandadministrativeexpense": 5280000000,
        "depreciationdepletionandamortization": 3318000000,
        "costsandexpenses": 16998000000,
        "operatingincomeloss": 3480000000,
        "interestincomeexpensenonoperatingnet": -849000000,
        "othernonoperatingincomeexpense": 12000000,
        "nonoperatingincomeexpense": -837000000,
        "incomelossfromcontinuingoperationsbeforeincometaxesextraordinaryitemsnoncontrollinginterest": 2643000000,
        "incometaxexpensebenefit": 629000000,
        "netincomeloss": 2014000000,
        "othercomprehensiveincomelosscashflowhedgegainlossreclassificationaftertax": -42000000,
        "othercomprehensiveincomelossnetoftax": -15000000,
        "comprehensiveincomenetoftax": 1999000000,
        "earningspersharebasic": 1.739999999999999,
        "earningspersharediluted": 1.67,
        "weightedaveragenumberofsharesoutstandingbasic": 1185121562,
        "weightedaveragenumberofdilutedsharesoutstanding": 1200286264,
        "othercomprehensiveincomelosscashflowhedgegainlossafterreclassificationtaxparent": 14000000
    },
    {
        "date": "2023-09-29",
        "symbol": "TMUS",
        "period": "Q3",
        "revenuefromcontractwithcustomerexcludingassessedtax": 33739000000,
        "costofgoodsandservicessold": 187000000,
        "sellinggeneralandadministrativeexpense": 5334000000,
        "disposalgroupnotdiscontinuedoperationgainlossondisposal": 0,
        "depreciationdepletionandamortization": 3187000000,
        "costsandexpenses": 15656000000,
        "operatingincomeloss": 3596000000,
        "interestincomeexpensenonoperatingnet": -790000000,
        "othernonoperatingincomeexpense": 41000000,
        "nonoperatingincomeexpense": -749000000,
        "incomelossfromcontinuingoperationsbeforeincometaxesextraordinaryitemsnoncontrollinginterest": 2847000000,
        "incometaxexpensebenefit": 705000000,
        "netincomeloss": 2142000000,
        "othercomprehensiveincomelosscashflowhedgegainlossreclassificationaftertax": -41000000,
        "othercomprehensiveincomelossforeigncurrencytransactionandtranslationadjustmentnetoftax": 0,
        "othercomprehensiveincomelossnetoftax": 8000000,
        "comprehensiveincomenetoftax": 2150000000,
        "earningspersharebasic": 1.8299999999999998,
        "earningspersharediluted": 1.8199999999999994,
        "weightedaveragenumberofsharesoutstandingbasic": -1218189531,
        "weightedaveragenumberofdilutedsharesoutstanding": -1221848056,
        "othercomprehensiveincomelosscashflowhedgegainlossafterreclassificationtaxparent": 15000000
    },
    {
        "date": "2023-06-29",
        "symbol": "TMUS",
        "period": "Q2",
        "revenuefromcontractwithcustomerexcludingassessedtax": 1271000000,
        "costofgoodsandservicessold": 4088000000,
        "sellinggeneralandadministrativeexpense": 5272000000,
        "disposalgroupnotdiscontinuedoperationgainlossondisposal": -17000000,
        "depreciationdepletionandamortization": 3110000000,
        "costsandexpenses": 15403000000,
        "operatingincomeloss": 3793000000,
        "interestincomeexpensenonoperatingnet": -861000000,
        "othernonoperatingincomeexpense": 6000000,
        "nonoperatingincomeexpense": -855000000,
        "incomelossfromcontinuingoperationsbeforeincometaxesextraordinaryitemsnoncontrollinginterest": 2938000000,
        "incometaxexpensebenefit": 717000000,
        "netincomeloss": 2221000000,
        "othercomprehensiveincomelosscashflowhedgegainlossreclassificationaftertax": -40000000,
        "othercomprehensiveincomelossforeigncurrencytransactionandtranslationadjustmentnetoftax": 7000000,
        "othercomprehensiveincomelossnetoftax": 47000000,
        "comprehensiveincomenetoftax": 2268000000,
        "earningspersharebasic": 1.86,
        "earningspersharediluted": 1.86,
        "weightedaveragenumberofsharesoutstandingbasic": 1193078891,
        "weightedaveragenumberofdilutedsharesoutstanding": 1195533499,
        "othercomprehensiveincomelosscashflowhedgegainlossafterreclassificationtaxparent": 13000000
    },
    {
        "date": "2023-03-30",
        "symbol": "TMUS",
        "period": "Q1",
        "revenuefromcontractwithcustomerexcludingassessedtax": 1210000000,
        "costofgoodsandservicessold": 4588000000,
        "sellinggeneralandadministrativeexpense": 5425000000,
        "disposalgroupnotdiscontinuedoperationgainlossondisposal": 42000000,
        "depreciationdepletionandamortization": 3203000000,
        "costsandexpenses": 16235000000,
        "operatingincomeloss": 3397000000,
        "interestincomeexpensenonoperatingnet": -835000000,
        "othernonoperatingincomeexpense": 9000000,
        "nonoperatingincomeexpense": -826000000,
        "incomelossfromcontinuingoperationsbeforeincometaxesextraordinaryitemsnoncontrollinginterest": 2571000000,
        "incometaxexpensebenefit": 631000000,
        "netincomeloss": 1940000000,
        "othercomprehensiveincomelosscashflowhedgegainlossreclassificationaftertax": -40000000,
        "othercomprehensiveincomelossforeigncurrencytransactionandtranslationadjustmentnetoftax": 2000000,
        "othercomprehensiveincomelossnetoftax": 42000000,
        "comprehensiveincomenetoftax": 1982000000,
        "earningspersharebasic": 1.59,
        "earningspersharediluted": 1.58,
        "weightedaveragenumberofsharesoutstandingbasic": 1219608362,
        "weightedaveragenumberofdilutedsharesoutstanding": 1224604698,
        "othercomprehensiveincomelosscashflowhedgegainlossafterreclassificationtaxparent": 14000000
    },
    {
        "date": "2022-12-30",
        "symbol": "TMUS",
        "period": "Q4",
        "revenuefromcontractwithcustomerexcludingassessedtax": 997000000,
        "costofgoodsandservicessold": 5504000000,
        "sellinggeneralandadministrativeexpense": 5577000000,
        "depreciationdepletionandamortization": 3262000000,
        "costsandexpenses": 17526000000,
        "operatingincomeloss": 2747000000,
        "interestincomeexpensenonoperatingnet": -822000000,
        "othernonoperatingincomeexpense": 2000000,
        "nonoperatingincomeexpense": -820000000,
        "incomelossfromcontinuingoperationsbeforeincometaxesextraordinaryitemsnoncontrollinginterest": 1927000000,
        "incometaxexpensebenefit": 450000000,
        "netincomeloss": 1477000000,
        "othercomprehensiveincomelossforeigncurrencytransactionandtranslationadjustmentnetoftax": 2000000,
        "othercomprehensiveincomelossnetoftax": 217000000,
        "comprehensiveincomenetoftax": 1694000000,
        "earningspersharebasic": 1.1799999999999997,
        "earningspersharediluted": 1.1800000000000002,
        "weightedaveragenumberofsharesoutstandingbasic": -3019206,
        "weightedaveragenumberofdilutedsharesoutstanding": -2684709,
        "othercomprehensiveincomelosscashflowhedgegainlossafterreclassificationtaxparent": 13000000
    },
    {
        "date": "2022-09-29",
        "symbol": "TMUS",
        "period": "Q3",
        "revenuefromcontractwithcustomerexcludingassessedtax": 144000000,
        "costofgoodsandservicessold": 4982000000,
        "sellinggeneralandadministrativeexpense": 5118000000,
        "depreciationdepletionandamortization": 3313000000,
        "costsandexpenses": 18196000000,
        "operatingincomeloss": 1281000000,
        "interestincomeexpensenonoperatingnet": -827000000,
        "othernonoperatingincomeexpense": -3000000,
        "nonoperatingincomeexpense": -830000000,
        "incomelossfromcontinuingoperationsbeforeincometaxesextraordinaryitemsnoncontrollinginterest": 451000000,
        "incometaxexpensebenefit": -57000000,
        "netincomeloss": 508000000,
        "othercomprehensiveincomelossforeigncurrencytransactionandtranslationadjustmentnetoftax": -7000000,
        "othercomprehensiveincomelossnetoftax": 32000000,
        "comprehensiveincomenetoftax": 540000000,
        "earningspersharebasic": 0.41000000000000003,
        "earningspersharediluted": 0.4,
        "weightedaveragenumberofsharesoutstandingbasic": -1251655845,
        "weightedaveragenumberofdilutedsharesoutstanding": -1251240100,
        "othercomprehensiveincomelosscashflowhedgegainlossafterreclassificationtaxparent": 13000000
    },
    {
        "date": "2022-06-29",
        "symbol": "TMUS",
        "period": "Q2",
        "revenuefromcontractwithcustomerexcludingassessedtax": 143000000,
        "costofgoodsandservicessold": 5108000000,
        "sellinggeneralandadministrativeexpense": 5856000000,
        "assetimpairmentcharges": 477000000,
        "depreciationdepletionandamortization": 3491000000,
        "costsandexpenses": 18992000000,
        "operatingincomeloss": 709000000,
        "interestincomeexpensenonoperatingnet": -851000000,
        "othernonoperatingincomeexpense": -21000000,
        "nonoperatingincomeexpense": -872000000,
        "incomelossfromcontinuingoperationsbeforeincometaxesextraordinaryitemsnoncontrollinginterest": -163000000,
        "incometaxexpensebenefit": -55000000,
        "netincomeloss": -108000000,
        "othercomprehensiveincomelosscashflowhedgegainlossreclassificationaftertax": -37000000,
        "othercomprehensiveincomelossforeigncurrencytransactionandtranslationadjustmentnetoftax": -3000000,
        "othercomprehensiveincomelossnetoftax": 34000000,
        "comprehensiveincomenetoftax": -74000000,
        "earningspersharebasic": -0.09,
        "earningspersharediluted": -0.09,
        "weightedaveragenumberofsharesoutstandingbasic": 1253932986,
        "weightedaveragenumberofdilutedsharesoutstanding": 1253932986,
        "othercomprehensiveincomelosscashflowhedgegainlossafterreclassificationtaxparent": 13000000,
        "othercomprehensiveincomelossforeigncurrencytranslationadjustmenttax": -1000000
    },
    {
        "date": "2022-03-30",
        "symbol": "TMUS",
        "period": "Q1",
        "revenuefromcontractwithcustomerexcludingassessedtax": 146000000,
        "costofgoodsandservicessold": 5946000000,
        "sellinggeneralandadministrativeexpense": 5056000000,
        "depreciationdepletionandamortization": 3585000000,
        "costsandexpenses": 18314000000,
        "operatingincomeloss": 1806000000,
        "interestincomeexpensenonoperatingnet": -864000000,
        "othernonoperatingincomeexpense": -11000000,
        "nonoperatingincomeexpense": -875000000,
        "incomelossfromcontinuingoperationsbeforeincometaxesextraordinaryitemsnoncontrollinginterest": 931000000,
        "incometaxexpensebenefit": 218000000,
        "netincomeloss": 713000000,
        "othercomprehensiveincomelosscashflowhedgegainlossafterreclassificationandtaxparent": 37000000,
        "othercomprehensiveincomelossforeigncurrencytransactionandtranslationadjustmentnetoftax": -1000000,
        "othercomprehensiveincomelossnetoftax": 36000000,
        "comprehensiveincomenetoftax": 749000000,
        "earningspersharebasic": 0.57,
        "earningspersharediluted": 0.57,
        "weightedaveragenumberofsharesoutstandingbasic": 1250505999,
        "weightedaveragenumberofdilutedsharesoutstanding": 1255368592,
        "othercomprehensiveincomelosscashflowhedgegainlossafterreclassificationtaxparent": 13000000
    },
    {
        "date": "2021-12-30",
        "symbol": "TMUS",
        "period": "Q4",
        "revenuefromcontractwithcustomerexcludingassessedtax": -1986000000,
        "costofgoodsandservicessold": 6931000000,
        "sellinggeneralandadministrativeexpense": 5398000000,
        "depreciationdepletionandamortization": 3872000000,
        "costsandexpenses": 19722000000,
        "operatingincomeloss": 1063000000,
        "interestexpensedebt": 797000000,
        "interestexpenserelatedparty": 37000000,
        "interestincomeother": 13000000,
        "othernonoperatingincomeexpense": -13000000,
        "nonoperatingincomeexpense": -834000000,
        "incometaxexpensebenefit": -193000000,
        "netincomeloss": 422000000,
        "othercomprehensiveincomelosscashflowhedgegainlossafterreclassificationandtaxparent": 37000000,
        "othercomprehensiveincomelossforeigncurrencytransactionandtranslationadjustmentnetoftax": -4000000,
        "othercomprehensiveincomelossnetoftax": 113000000,
        "comprehensiveincomenetoftax": 535000000,
        "earningspersharebasic": 0.33999999999999986,
        "earningspersharediluted": 0.3400000000000001,
        "weightedaveragenumberofsharesoutstandingbasic": -1034731,
        "weightedaveragenumberofdilutedsharesoutstanding": 1108681,
        "othercomprehensiveincomelosscashflowhedgegainlossafterreclassificationtaxparent": 13000000
    },
    {
        "date": "2021-09-29",
        "symbol": "TMUS",
        "period": "Q3",
        "revenuefromcontractwithcustomerexcludingassessedtax": 770000000,
        "costofgoodsandservicessold": 5145000000,
        "sellinggeneralandadministrativeexpense": 5212000000,
        "depreciationdepletionandamortization": 4145000000,
        "costsandexpenses": 18040000000,
        "operatingincomeloss": 1584000000,
        "interestexpensedebt": 780000000,
        "interestexpenserelatedparty": 58000000,
        "interestincomeother": 2000000,
        "othernonoperatingincomeexpense": -60000000,
        "nonoperatingincomeexpense": -896000000,
        "incomelossfromcontinuingoperationsbeforeincometaxesextraordinaryitemsnoncontrollinginterest": 688000000,
        "incometaxexpensebenefit": -3000000,
        "incomelossfromcontinuingoperationsincludingportionattributabletononcontrollinginterest": 691000000,
        "netincomeloss": 691000000,
        "othercomprehensiveincomelosscashflowhedgegainlossafterreclassificationandtaxparent": 35000000,
        "othercomprehensiveincomelossforeigncurrencytransactionandtranslationadjustmentnetoftax": -3000000,
        "othercomprehensiveincomelossnetoftax": 32000000,
        "comprehensiveincomenetoftax": 723000000,
        "incomelossfromcontinuingoperationsperbasicshare": 0.55,
        "earningspersharebasic": 0.55,
        "incomelossfromcontinuingoperationsperdilutedshare": 0.55,
        "earningspersharediluted": 0.55,
        "weightedaveragenumberofsharesoutstandingbasic": 1248189719,
        "weightedaveragenumberofdilutedsharesoutstanding": 1253661245,
        "othercomprehensiveincomelosscashflowhedgegainlossafterreclassificationtaxparent": 12000000
    },
    {
        "date": "2021-06-29",
        "symbol": "TMUS",
        "period": "Q2",
        "revenuefromcontractwithcustomerexcludingassessedtax": 10492000000,
        "costofgoodsandservicessold": 3491000000,
        "sellinggeneralandadministrativeexpense": 4823000000,
        "depreciationdepletionandamortization": 4077000000,
        "costsandexpenses": 17844000000,
        "operatingincomeloss": 2106000000,
        "interestexpensedebt": 820000000,
        "interestexpenserelatedparty": 32000000,
        "interestincomeother": 2000000,
        "othernonoperatingincomeexpense": -1000000,
        "nonoperatingincomeexpense": -851000000,
        "incomelossfromcontinuingoperationsbeforeincometaxesminorityinterestandincomelossfromequitymethodinvestments": 1255000000,
        "incometaxexpensebenefit": 277000000,
        "incomelossfromcontinuingoperationsincludingportionattributabletononcontrollinginterest": 978000000,
        "netincomeloss": 978000000,
        "othercomprehensiveincomelosscashflowhedgegainlossafterreclassificationandtaxparent": 34000000,
        "othercomprehensiveincomelossforeigncurrencytransactionandtranslationadjustmentnetoftax": 1000000,
        "othercomprehensiveincomelossnetoftax": 35000000,
        "comprehensiveincomenetoftax": 1013000000,
        "incomelossfromcontinuingoperationsperbasicshare": 0.78,
        "earningspersharebasic": 0.78,
        "incomelossfromcontinuingoperationsperdilutedshare": 0.78,
        "earningspersharediluted": 0.78,
        "weightedaveragenumberofsharesoutstandingbasic": 1247563331,
        "weightedaveragenumberofdilutedsharesoutstanding": 1253718122,
        "othercomprehensiveincomelosscashflowhedgegainlossafterreclassificationtaxparent": 12000000
    },
    {
        "date": "2021-03-30",
        "symbol": "TMUS",
        "period": "Q1",
        "revenuefromcontractwithcustomerexcludingassessedtax": 10303000000,
        "costofgoodsandservicessold": 3384000000,
        "sellinggeneralandadministrativeexpense": 4805000000,
        "depreciationdepletionandamortization": 4289000000,
        "costsandexpenses": 17620000000,
        "operatingincomeloss": 2139000000,
        "interestexpensedebt": 792000000,
        "interestexpenserelatedparty": 46000000,
        "interestincomeother": 3000000,
        "othernonoperatingincomeexpense": -125000000,
        "nonoperatingincomeexpense": -960000000,
        "incomelossattributabletoparent": 1179000000,
        "incometaxexpensebenefit": 246000000,
        "netincomeloss": 933000000,
        "othercomprehensiveincomelosscashflowhedgegainlossafterreclassificationandtaxparent": 34000000,
        "othercomprehensiveincomelossforeigncurrencytransactionandtranslationadjustmentnetoftax": 2000000,
        "othercomprehensiveincomelossnetoftax": 36000000,
        "comprehensiveincomenetoftax": 969000000,
        "earningspersharebasic": 0.75,
        "earningspersharediluted": 0.74,
        "weightedaveragenumberofsharesoutstandingbasic": 1243520026,
        "weightedaveragenumberofdilutedsharesoutstanding": 1252783564,
        "othercomprehensiveincomelosscashflowhedgegainlossafterreclassificationtaxparent": 12000000
    },
    {
        "date": "2020-09-29",
        "symbol": "TMUS",
        "period": "Q3",
        "revenuefromcontractwithcustomerexcludingassessedtax": 10209000000,
        "costofgoodsandservicessold": 3314000000,
        "sellinggeneralandadministrativeexpense": 4876000000,
        "depreciationdepletionandamortization": 4150000000,
        "costsandexpenses": 16707000000,
        "operatingincomeloss": 2565000000,
        "interestexpensedebt": 765000000,
        "interestexpenserelatedparty": 44000000,
        "interestincomeother": 3000000,
        "othernonoperatingincomeexpense": -99000000,
        "nonoperatingincomeexpense": -905000000,
        "incomelossfromcontinuingoperationsbeforeincometaxesminorityinterestandincomelossfromequitymethodinvestments": 1660000000,
        "incometaxexpensebenefit": 407000000,
        "netincomeloss": 1253000000,
        "othercomprehensiveincomelosscashflowhedgegainlossafterreclassificationandtaxparent": 33000000,
        "comprehensiveincomenetoftax": 1290000000,
        "earningspersharebasic": 0.8799999999999999,
        "earningspersharediluted": 0.8699999999999999,
        "weightedaveragenumberofsharesoutstandingbasic": -983164764,
        "weightedaveragenumberofdilutedsharesoutstanding": -980486448,
        "othercomprehensiveincomelosscashflowhedgegainlossafterreclassificationtaxparent": 12000000
    },
    {
        "date": "2020-06-29",
        "symbol": "TMUS",
        "period": "Q2",
        "revenuefromcontractwithcustomerexcludingassessedtax": 9959000000,
        "costofgoodsandservicessold": 3098000000,
        "sellinggeneralandadministrativeexpense": 5604000000,
        "assetimpairmentcharges": 418000000,
        "depreciationdepletionandamortization": 4064000000,
        "costsandexpenses": 16851000000,
        "operatingincomeloss": 820000000,
        "interestexpensedebt": 776000000,
        "interestexpenserelatedparty": 63000000,
        "interestincomeother": 6000000,
        "othernonoperatingincomeexpense": -195000000,
        "nonoperatingincomeexpense": -1028000000,
        "incomelossfromcontinuingoperationsbeforeincometaxesminorityinterestandincomelossfromequitymethodinvestments": -208000000,
        "incometaxexpensebenefit": 2000000,
        "incomelossfromcontinuingoperationsincludingportionattributabletononcontrollinginterest": -210000000,
        "incomelossfromdiscontinuedoperationsnetoftax": 320000000,
        "netincomeloss": 110000000,
        "othercomprehensiveincomelosscashflowhedgegainlossafterreclassificationandtaxparent": 2000000,
        "comprehensiveincomenetoftax": 112000000,
        "incomelossfromcontinuingoperationsperbasicshare": -0.17,
        "incomelossfromdiscontinuedoperationsnetoftaxperbasicshare": 0.26,
        "earningspersharebasic": 0.09,
        "incomelossfromcontinuingoperationsperdilutedshare": -0.17,
        "incomelossfromdiscontinuedoperationsnetoftaxperdilutedshare": 0.26,
        "earningspersharediluted": 0.09,
        "weightedaveragenumberofsharesoutstandingbasic": 1236528444,
        "weightedaveragenumberofdilutedsharesoutstanding": 1236528444,
        "othercomprehensiveincomelosscashflowhedgegainlossafterreclassificationtaxparent": 3000000
    },
    {
        "date": "2020-03-30",
        "symbol": "TMUS",
        "period": "Q1",
        "revenuefromcontractwithcustomerexcludingassessedtax": 5887000000,
        "costofgoodsandservicessold": 1639000000,
        "sellinggeneralandadministrativeexpense": 3688000000,
        "depreciationdepletionandamortization": 1718000000,
        "costsandexpenses": 9574000000,
        "operatingincomeloss": 1539000000,
        "interestexpensedebt": 185000000,
        "interestexpenserelatedparty": 99000000,
        "interestincomeother": 12000000,
        "othernonoperatingincomeexpense": -10000000,
        "nonoperatingincomeexpense": -282000000,
        "incomelossfromcontinuingoperationsbeforeincometaxesminorityinterestandincomelossfromequitymethodinvestments": 1257000000,
        "incometaxexpensebenefit": 306000000,
        "netincomeloss": 951000000,
        "othercomprehensiveincomelosscashflowhedgegainlossafterreclassificationandtaxparent": -792000000,
        "othercomprehensiveincomelossnetoftax": -792000000,
        "comprehensiveincomenetoftax": 159000000,
        "earningspersharebasic": 1.11,
        "earningspersharediluted": 1.1,
        "weightedaveragenumberofsharesoutstandingbasic": 858148284,
        "weightedaveragenumberofdilutedsharesoutstanding": 865998532,
        "othercomprehensiveincomelosscashflowhedgegainlossafterreclassificationtaxparent": -276000000
    },
    {
        "date": "2019-12-30",
        "symbol": "TMUS",
        "period": "Q4",
        "revenuefromcontractwithcustomerexcludingassessedtax": 5821000000,
        "costofgoodsandservicessold": 1694000000,
        "sellinggeneralandadministrativeexpense": 3656000000,
        "depreciationdepletionandamortization": 1776000000,
        "costsandexpenses": 10644000000,
        "operatingincomeloss": 1234000000,
        "interestexpenserelatedparty": 98000000,
        "interestincomeother": 7000000,
        "othernonoperatingincomeexpense": 4000000,
        "nonoperatingincomeexpense": -269000000,
        "incomelossfromcontinuingoperationsbeforeincometaxesminorityinterestandincomelossfromequitymethodinvestments": 965000000,
        "incometaxexpensebenefit": 214000000,
        "netincomeloss": 751000000,
        "othercomprehensiveincomelosscashflowhedgegainlossafterreclassificationandtaxparent": 202000000,
        "othercomprehensiveincomelossnetoftax": 202000000,
        "comprehensiveincomenetoftax": 953000000,
        "earningspersharebasic": 0.8699999999999994,
        "earningspersharediluted": 0.8599999999999997,
        "weightedaveragenumberofsharesoutstandingbasic": -1706026431,
        "weightedaveragenumberofdilutedsharesoutstanding": -1718036314,
        "othercomprehensiveincomelosscashflowhedgegainlossafterreclassificationtaxparent": -107000000
    },
    {
        "date": "2019-09-29",
        "symbol": "TMUS",
        "period": "Q3",
        "revenuefromcontractwithcustomerexcludingassessedtax": 5746000000,
        "costofgoodsandservicessold": 1733000000,
        "sellinggeneralandadministrativeexpense": 3498000000,
        "depreciationdepletionandamortization": 1655000000,
        "costsandexpenses": 9590000000,
        "operatingincomeloss": 1471000000,
        "interestexpense": 184000000,
        "interestexpenserelatedparty": 100000000,
        "interestincomeother": 5000000,
        "othernonoperatingincomeexpense": 3000000,
        "nonoperatingincomeexpense": -276000000,
        "incomelossfromcontinuingoperationsbeforeincometaxesminorityinterestandincomelossfromequitymethodinvestments": 1195000000,
        "incometaxexpensebenefit": 325000000,
        "netincomeloss": 870000000,
        "othercomprehensiveincomelosscashflowhedgegainlossafterreclassificationandtaxparent": -257000000,
        "othercomprehensiveincomelossnetoftax": -257000000,
        "comprehensiveincomenetoftax": 613000000,
        "earningspersharebasic": 1.02,
        "earningspersharediluted": 1.01,
        "weightedaveragenumberofsharesoutstandingbasic": 854578241,
        "weightedaveragenumberofdilutedsharesoutstanding": 862690751,
        "othercomprehensiveincomelosscashflowhedgegainlossafterreclassificationtaxparent": 88000000
    },
    {
        "date": "2019-06-29",
        "symbol": "TMUS",
        "period": "Q2",
        "revenuefromcontractwithcustomerexcludingassessedtax": 5613000000,
        "costofgoodsandservicessold": 1649000000,
        "sellinggeneralandadministrativeexpense": 3543000000,
        "depreciationdepletionandamortization": 1585000000,
        "costsandexpenses": 9438000000,
        "operatingincomeloss": 1541000000,
        "interestexpense": 182000000,
        "interestexpenserelatedparty": 101000000,
        "interestincomeother": 4000000,
        "othernonoperatingincomeexpense": -22000000,
        "nonoperatingincomeexpense": -301000000,
        "incomelossfromcontinuingoperationsbeforeincometaxesminorityinterestandincomelossfromequitymethodinvestments": 1240000000,
        "incometaxexpensebenefit": 301000000,
        "netincomeloss": 939000000,
        "othercomprehensiveincomelosscashflowhedgegainlossafterreclassificationandtaxparent": -292000000,
        "othercomprehensiveincomelossnetoftax": -292000000,
        "comprehensiveincomenetoftax": 647000000,
        "earningspersharebasic": 1.1,
        "earningspersharediluted": 1.09,
        "weightedaveragenumberofsharesoutstandingbasic": 854368443,
        "weightedaveragenumberofdilutedsharesoutstanding": 860135593,
        "othercomprehensiveincomelosscashflowhedgegainlossafterreclassificationtaxparent": -102000000
    },
    {
        "date": "2019-03-30",
        "symbol": "TMUS",
        "period": "Q1",
        "revenuefromcontractwithcustomerexcludingassessedtax": 5493000000,
        "costofgoodsandservicessold": 1546000000,
        "sellinggeneralandadministrativeexpense": 3442000000,
        "depreciationdepletionandamortization": 1600000000,
        "costsandexpenses": 9604000000,
        "operatingincomeloss": 1476000000,
        "interestexpense": 179000000,
        "interestexpenserelatedparty": 109000000,
        "interestincomeother": 8000000,
        "othernonoperatingincomeexpense": 7000000,
        "nonoperatingincomeexpense": -273000000,
        "incomelossfromcontinuingoperationsbeforeincometaxesminorityinterestandincomelossfromequitymethodinvestments": 1203000000,
        "incometaxexpensebenefit": 295000000,
        "netincomeloss": 908000000,
        "othercomprehensiveincomelosscashflowhedgegainlossafterreclassificationandtaxparent": -189000000,
        "othercomprehensiveincomelossnetoftax": -189000000,
        "comprehensiveincomenetoftax": 719000000,
        "earningspersharebasic": 1.07,
        "earningspersharediluted": 1.06,
        "weightedaveragenumberofsharesoutstandingbasic": 851223498,
        "weightedaveragenumberofdilutedsharesoutstanding": 858643481,
        "othercomprehensiveincomelosscashflowhedgegainlossafterreclassificationtaxparent": -66000000
    },
    {
        "date": "2018-12-30",
        "symbol": "TMUS",
        "period": "Q4",
        "sellinggeneralandadministrativeexpense": 3533000000,
        "depreciationdepletionandamortization": 1640000000,
        "costsandexpenses": 19504000000,
        "operatingincomeloss": 3573000000,
        "interestexpense": 117000000,
        "interestexpenserelatedparty": -6000000,
        "interestincomeother": -6000000,
        "othernonoperatingincomeexpense": 5000000,
        "nonoperatingincomeexpense": -299000000,
        "incomelossfromcontinuingoperationsbeforeincometaxesminorityinterestandincomelossfromequitymethodinvestments": 755000000,
        "incometaxexpensebenefit": 176000000,
        "netincomeloss": 2172000000,
        "netincomelossavailabletocommonstockholdersbasic": -6527000000,
        "comprehensiveincomenetoftax": -1264000000,
        "earningspersharebasic": 1.47,
        "earningspersharediluted": 1.45,
        "weightedaveragenumberofsharesoutstandingbasic": -1700226120,
        "weightedaveragenumberofdilutedsharesoutstanding": -1709847344
    },
    {
        "date": "2018-09-29",
        "symbol": "TMUS",
        "period": "Q3",
        "revenuefromcontractwithcustomerexcludingassessedtax": 10690000000,
        "costofgoodsandservicessold": 1562000000,
        "sellinggeneralandadministrativeexpense": 3320000000,
        "depreciationdepletionandamortization": 1637000000,
        "costsandexpenses": 9386000000,
        "operatingincomeloss": 1304000000,
        "interestexpense": 117000000,
        "interestexpenserelatedparty": -5000000,
        "interestincomeother": -5000000,
        "othernonoperatingincomeexpense": -1000000,
        "nonoperatingincomeexpense": -310000000,
        "incomelossfromcontinuingoperationsbeforeincometaxesminorityinterestandincomelossfromequitymethodinvestments": 994000000,
        "incometaxexpensebenefit": 300000000,
        "netincomeloss": 694000000,
        "netincomelossavailabletocommonstockholdersbasic": -1830000000,
        "comprehensiveincomenetoftax": -1830000000,
        "earningspersharebasic": 0.82,
        "earningspersharediluted": 0.81,
        "weightedaveragenumberofsharesoutstandingbasic": 847087120,
        "weightedaveragenumberofdilutedsharesoutstanding": 853852764
    },
    {
        "date": "2018-06-29",
        "symbol": "TMUS",
        "period": "Q2",
        "brandedpostpaidrevenues": 5162000000,
        "brandedprepaidrevenues": 2404000000,
        "wholesaleservicerevenue": 275000000,
        "roamingandotherservicerevenue": 90000000,
        "salesrevenueservicesnet": 7931000000,
        "salesrevenuegoodsnet": 2229000000,
        "othersalesrevenuenet": 315000000,
        "revenues": 10475000000,
        "costofservices": -70000000,
        "costofgoodssold": 2779000000,
        "sellinggeneralandadministrativeexpense": 3192000000,
        "depreciationdepletionandamortization": 1634000000,
        "costsandexpenses": -70000000,
        "operatingincomeloss": 70000000,
        "interestexpense": 120000000,
        "interestexpenserelatedparty": -5000000,
        "interestincomeother": -5000000,
        "othernonoperatingincomeexpense": -59000000,
        "nonoperatingincomeexpense": -382000000,
        "incomelossfromcontinuingoperationsbeforeincometaxesminorityinterestandincomelossfromequitymethodinvestments": 984000000,
        "incometaxexpensebenefit": 264000000,
        "netincomeloss": 45000000,
        "netincomelossavailabletocommonstockholdersbasic": 782000000,
        "othercomprehensiveincomelossavailableforsalesecuritiesadjustmentnetoftax": 3000000,
        "othercomprehensiveincomelossnetoftax": -6000000,
        "comprehensiveincomenetoftax": -1899000000,
        "earningspersharebasic": 0.06,
        "earningspersharediluted": 0.06,
        "weightedaveragenumberofsharesoutstandingbasic": 847660488,
        "weightedaveragenumberofdilutedsharesoutstanding": 852040670,
        "othercomprehensiveincomelossavailableforsalesecuritiestax": 1000000
    },
    {
        "date": "2018-03-30",
        "symbol": "TMUS",
        "period": "Q1",
        "brandedpostpaidrevenues": 5099000000,
        "brandedprepaidrevenues": 2403000000,
        "wholesaleservicerevenue": 266000000,
        "roamingandotherservicerevenue": 68000000,
        "salesrevenueservicesnet": 7836000000,
        "salesrevenuegoodsnet": 2276000000,
        "othersalesrevenuenet": 296000000,
        "revenues": 10408000000,
        "costofservices": 1589000000,
        "costofgoodssold": 2845000000,
        "sellinggeneralandadministrativeexpense": 3212000000,
        "depreciationdepletionandamortization": 1575000000,
        "costsandexpenses": 9221000000,
        "operatingincomeloss": -36000000,
        "interestexpense": 174000000,
        "interestexpenserelatedparty": -5000000,
        "interestincomeother": -5000000,
        "othernonoperatingincomeexpense": -32000000,
        "nonoperatingincomeexpense": -401000000,
        "incomelossfromcontinuingoperationsbeforeincometaxesminorityinterestandincomelossfromequitymethodinvestments": 786000000,
        "incometaxexpensebenefit": 186000000,
        "netincomeloss": -23000000,
        "netincomelossavailabletocommonstockholdersbasic": 671000000,
        "othercomprehensiveincomelossavailableforsalesecuritiesadjustmentnetoftax": -3000000,
        "othercomprehensiveincomelossnetoftax": 6000000,
        "comprehensiveincomenetoftax": -1695000000,
        "earningspersharebasic": 0.7,
        "earningspersharediluted": 0.7,
        "weightedaveragenumberofsharesoutstandingbasic": 855222664,
        "weightedaveragenumberofdilutedsharesoutstanding": 862244084,
        "othercomprehensiveincomelossavailableforsalesecuritiestax": -1000000
    },
    {
        "date": "2017-09-29",
        "symbol": "TMUS",
        "period": "Q3",
        "brandedpostpaidrevenues": 4920000000,
        "brandedprepaidrevenues": 2376000000,
        "wholesaleservicerevenue": 274000000,
        "roamingandotherservicerevenue": 59000000,
        "salesrevenueservicesnet": -210000000,
        "salesrevenuegoodsnet": -42000000,
        "othersalesrevenuenet": -7000000,
        "revenues": -259000000,
        "costofservices": 6000000,
        "costofgoodssold": -42000000,
        "sellinggeneralandadministrativeexpense": -217000000,
        "depreciationdepletionandamortization": 17000000,
        "gainlossondispositionofintangibleassets": 29000000,
        "costsandexpenses": -259000000,
        "operatingincomeloss": -2471000000,
        "interestexpense": 176000000,
        "interestexpenserelatedparty": -30000000,
        "interestincomeother": -6000000,
        "othernonoperatingincomeexpense": 1000000,
        "nonoperatingincomeexpense": -313000000,
        "incomelossfromcontinuingoperationsbeforeincometaxesminorityinterestandincomelossfromequitymethodinvestments": -335000000,
        "incometaxexpensebenefit": 21000000,
        "netincomeloss": 3211000000,
        "preferredstockdividendsandotheradjustments": 13000000,
        "netincomelossavailabletocommonstockholdersbasic": -1435000000,
        "othercomprehensiveincomelossavailableforsalesecuritiesadjustmentnetoftax": 1000000,
        "othercomprehensiveincomelossnetoftax": -2000000,
        "comprehensiveincomenetoftax": -1437000000,
        "earningspersharebasic": 0.6399999999999998,
        "earningspersharediluted": 0.6300000000000001,
        "weightedaveragenumberofsharesoutstandingbasic": -828720416,
        "weightedaveragenumberofdilutedsharesoutstanding": -868116186,
        "othercomprehensiveincomelossavailableforsalesecuritiestax": 0
    },
    {
        "date": "2017-06-29",
        "symbol": "TMUS",
        "period": "Q2",
        "brandedpostpaidrevenues": 4820000000,
        "brandedprepaidrevenues": 2334000000,
        "wholesaleservicerevenue": 234000000,
        "roamingandotherservicerevenue": 57000000,
        "salesrevenueservicesnet": -210000000,
        "salesrevenuegoodsnet": -69000000,
        "othersalesrevenuenet": -5000000,
        "revenues": -284000000,
        "costofservices": 6000000,
        "costofgoodssold": -69000000,
        "sellinggeneralandadministrativeexpense": -215000000,
        "depreciationdepletionandamortization": 18000000,
        "gainlossondispositionofintangibleassets": 1000000,
        "costsandexpenses": -284000000,
        "operatingincomeloss": 1348000000,
        "interestexpense": 194000000,
        "interestexpenserelatedparty": 6000000,
        "interestincomeother": -6000000,
        "othernonoperatingincomeexpense": -91000000,
        "nonoperatingincomeexpense": -414000000,
        "incomelossfromcontinuingoperationsbeforeincometaxesminorityinterestandincomelossfromequitymethodinvestments": -409000000,
        "incometaxexpensebenefit": 20000000,
        "preferredstockdividendsandotheradjustments": 14000000,
        "netincomelossavailabletocommonstockholdersbasic": -1585000000,
        "netincomeloss": -1585000000,
        "othercomprehensiveincomelossavailableforsalesecuritiesadjustmentnetoftax": 1000000,
        "othercomprehensiveincomelossnetoftax": -1000000,
        "comprehensiveincomenetoftax": -1586000000,
        "earningspersharebasic": 0.68,
        "earningspersharediluted": 0.67,
        "weightedaveragenumberofsharesoutstandingbasic": 830971528,
        "weightedaveragenumberofdilutedsharesoutstanding": 870456447,
        "othercomprehensiveincomelossavailableforsalesecuritiestax": 1000000
    },
    {
        "date": "2017-03-30",
        "symbol": "TMUS",
        "period": "Q1",
        "brandedpostpaidrevenues": 4725000000,
        "brandedprepaidrevenues": 2299000000,
        "wholesaleservicerevenue": 270000000,
        "roamingandotherservicerevenue": 35000000,
        "salesrevenueservicesnet": -214000000,
        "salesrevenuegoodsnet": -100000000,
        "othersalesrevenuenet": -5000000,
        "revenues": -319000000,
        "costofservices": 6000000,
        "costofgoodssold": -100000000,
        "sellinggeneralandadministrativeexpense": -219000000,
        "depreciationdepletionandamortization": 18000000,
        "gainlossondispositionofintangibleassets": 37000000,
        "costsandexpenses": -319000000,
        "operatingincomeloss": 975000000,
        "interestexpense": 264000000,
        "interestexpenserelatedparty": 6000000,
        "interestincomeother": -6000000,
        "othernonoperatingincomeexpense": 3000000,
        "nonoperatingincomeexpense": -368000000,
        "incomelossfromcontinuingoperationsbeforeincometaxesminorityinterestandincomelossfromequitymethodinvestments": -351000000,
        "incometaxexpensebenefit": 5000000,
        "netincomeloss": -1716000000,
        "preferredstockdividendsandotheradjustments": 14000000,
        "netincomelossavailabletocommonstockholdersbasic": -1716000000,
        "othercomprehensiveincomelossavailableforsalesecuritiesadjustmentnetoftax": 1000000,
        "othercomprehensiveincomelossnetoftax": -3000000,
        "comprehensiveincomenetoftax": -1719000000,
        "earningspersharebasic": 0.83,
        "earningspersharediluted": 0.8,
        "weightedaveragenumberofsharesoutstandingbasic": 827723034,
        "weightedaveragenumberofdilutedsharesoutstanding": 869395250,
        "othercomprehensiveincomelossavailableforsalesecuritiestax": 1000000
    },
    {
        "date": "2016-09-29",
        "symbol": "TMUS",
        "period": "Q3",
        "brandedpostpaidrevenues": 4647000000,
        "brandedprepaidrevenues": 2182000000,
        "wholesaleservicerevenue": 238000000,
        "roamingandotherservicerevenue": 66000000,
        "salesrevenueservicesnet": -209000000,
        "salesrevenuegoodsnet": -101000000,
        "othersalesrevenuenet": -4000000,
        "revenues": -314000000,
        "costofservices": 6000000,
        "costofgoodssold": -101000000,
        "sellinggeneralandadministrativeexpense": -213000000,
        "depreciationdepletionandamortization": 19000000,
        "businesscombinationintegrationrelatedcosts": 15000000,
        "gainlossondispositionofintangibleassets": 199000000,
        "costsandexpenses": -314000000,
        "operatingincomeloss": 16000000,
        "interestexpense": 303000000,
        "interestexpenserelatedparty": 76000000,
        "interestincomeother": 7000000,
        "othernonoperatingincomeexpense": -1000000,
        "nonoperatingincomeexpense": -372000000,
        "incomelossfromcontinuingoperationsbeforeincometaxesminorityinterestandincomelossfromequitymethodinvestments": -372000000,
        "incometaxexpensebenefit": -10000000,
        "netincomeloss": -1100000000,
        "preferredstockdividendsandotheradjustments": 13000000,
        "netincomelossavailabletocommonstockholdersbasic": -1100000000,
        "othercomprehensiveincomelossavailableforsalesecuritiesadjustmentnetoftax": 2000000,
        "othercomprehensiveincomelossnetoftax": -6000000,
        "comprehensiveincomenetoftax": -1106000000,
        "earningspersharebasic": 0.43,
        "earningspersharediluted": 0.42,
        "weightedaveragenumberofsharesoutstandingbasic": 822998697,
        "weightedaveragenumberofdilutedsharesoutstanding": 832257819,
        "othercomprehensiveincomelossavailableforsalesecuritiestax": 1000000
    },
    {
        "date": "2016-06-29",
        "symbol": "TMUS",
        "period": "Q2",
        "brandedpostpaidrevenues": 4509000000,
        "brandedprepaidrevenues": 2119000000,
        "wholesaleservicerevenue": 207000000,
        "roamingandotherservicerevenue": 53000000,
        "salesrevenueservicesnet": -203000000,
        "salesrevenuegoodsnet": -110000000,
        "othersalesrevenuenet": -5000000,
        "revenues": -318000000,
        "costofservices": 6000000,
        "costofgoodssold": -109000000,
        "sellinggeneralandadministrativeexpense": -209000000,
        "depreciationdepletionandamortization": 20000000,
        "businesscombinationintegrationrelatedcosts": 59000000,
        "costsandexpenses": -318000000,
        "operatingincomeloss": 72000000,
        "interestexpense": 304000000,
        "interestexpenserelatedparty": 93000000,
        "interestincomeother": 8000000,
        "othernonoperatingincomeexpense": -3000000,
        "nonoperatingincomeexpense": -389000000,
        "incomelossfromcontinuingoperationsbeforeincometaxesminorityinterestandincomelossfromequitymethodinvestments": -389000000,
        "incometaxexpensebenefit": 9000000,
        "netincomeloss": -838000000,
        "preferredstockdividendsandotheradjustments": 14000000,
        "netincomelossavailabletocommonstockholdersbasic": -838000000,
        "othercomprehensiveincomelossavailableforsalesecuritiesadjustmentnetoftax": 3000000,
        "othercomprehensiveincomelossnetoftax": -6000000,
        "comprehensiveincomenetoftax": -844000000,
        "earningspersharebasic": 0.26,
        "earningspersharediluted": 0.25,
        "weightedaveragenumberofsharesoutstandingbasic": 822434490,
        "weightedaveragenumberofdilutedsharesoutstanding": 829752956,
        "othercomprehensiveincomelossavailableforsalesecuritiestax": 2000000
    },
    {
        "date": "2016-03-30",
        "symbol": "TMUS",
        "period": "Q1",
        "brandedpostpaidrevenues": 4302000000,
        "brandedprepaidrevenues": 2025000000,
        "wholesaleservicerevenue": 200000000,
        "roamingandotherservicerevenue": 51000000,
        "salesrevenueservicesnet": -172000000,
        "salesrevenuegoodsnet": -130000000,
        "othersalesrevenuenet": -4000000,
        "revenues": -306000000,
        "costofservices": 6000000,
        "costofgoodssold": -130000000,
        "sellinggeneralandadministrativeexpense": -176000000,
        "depreciationdepletionandamortization": 20000000,
        "businesscombinationintegrationrelatedcosts": 36000000,
        "gainlossondispositionofintangibleassets": 636000000,
        "costsandexpenses": -306000000,
        "operatingincomeloss": 67000000,
        "interestexpense": 274000000,
        "interestexpenserelatedparty": 79000000,
        "interestincomeother": 8000000,
        "othernonoperatingincomeexpense": -2000000,
        "nonoperatingincomeexpense": -345000000,
        "incomelossfromcontinuingoperationsbeforeincometaxesminorityinterestandincomelossfromequitymethodinvestments": -345000000,
        "incometaxexpensebenefit": 9000000,
        "netincomeloss": -1293000000,
        "preferredstockdividendsandotheradjustments": 14000000,
        "netincomelossavailabletocommonstockholdersbasic": -1293000000,
        "othercomprehensiveincomelossavailableforsalesecuritiesadjustmentnetoftax": -3000000,
        "othercomprehensiveincomelossnetoftax": 6000000,
        "comprehensiveincomenetoftax": -1287000000,
        "earningspersharebasic": 0.57,
        "earningspersharediluted": 0.56,
        "weightedaveragenumberofsharesoutstandingbasic": 819431761,
        "weightedaveragenumberofdilutedsharesoutstanding": 859382827,
        "othercomprehensiveincomelossavailableforsalesecuritiestax": -2000000
    },
    {
        "date": "2015-09-29",
        "symbol": "TMUS",
        "period": "Q3",
        "brandedpostpaidrevenues": 4197000000,
        "brandedprepaidrevenues": 1894000000,
        "wholesaleservicerevenue": 170000000,
        "roamingandotherservicerevenue": 41000000,
        "salesrevenueservicesnet": -155000000,
        "salesrevenuegoodsnet": -130000000,
        "othersalesrevenuenet": -3000000,
        "revenues": -288000000,
        "costofservices": 6000000,
        "costofgoodssold": -131000000,
        "sellinggeneralandadministrativeexpense": -157000000,
        "depreciationdepletionandamortization": 20000000,
        "businesscombinationintegrationrelatedcosts": 193000000,
        "gainlossondispositionofintangibleassets": 1000000,
        "costsandexpenses": -288000000,
        "operatingincomeloss": 76000000,
        "interestexpenserelatedparty": 121000000,
        "interestexpense": 205000000,
        "interestincomeother": 109000000,
        "othernonoperatingincomeexpense": -1000000,
        "nonoperatingincomeexpense": -327000000,
        "incomelossfromcontinuingoperationsbeforeincometaxesminorityinterestandincomelossfromequitymethodinvestments": -327000000,
        "incometaxexpensebenefit": 18000000,
        "netincomeloss": -593000000,
        "preferredstockdividendsandotheradjustments": 13000000,
        "netincomelossavailabletocommonstockholdersbasic": -593000000,
        "othercomprehensiveincomelossavailableforsalesecuritiesadjustmentnetoftax": -2000000,
        "othercomprehensiveincomelossnetoftax": 4000000,
        "comprehensiveincomenetoftax": -589000000,
        "earningspersharebasic": 0.15,
        "earningspersharediluted": 0.15,
        "weightedaveragenumberofsharesoutstandingbasic": 815069272,
        "weightedaveragenumberofdilutedsharesoutstanding": 822017220,
        "othercomprehensiveincomelossavailableforsalesecuritiestax": -1000000
    },
    {
        "date": "2015-06-29",
        "symbol": "TMUS",
        "period": "Q2",
        "brandedpostpaidrevenues": 4075000000,
        "brandedprepaidrevenues": 1861000000,
        "wholesaleservicerevenue": 164000000,
        "roamingandotherservicerevenue": 44000000,
        "salesrevenueservicesnet": -145000000,
        "salesrevenuegoodsnet": -119000000,
        "othersalesrevenuenet": -4000000,
        "revenues": -268000000,
        "costofservices": 6000000,
        "costofgoodssold": -119000000,
        "sellinggeneralandadministrativeexpense": -149000000,
        "depreciationdepletionandamortization": 21000000,
        "businesscombinationintegrationrelatedcosts": 34000000,
        "gainlossondispositionofintangibleassets": 23000000,
        "costsandexpenses": -268000000,
        "operatingincomeloss": 51000000,
        "interestexpenserelatedparty": 92000000,
        "interestexpense": 201000000,
        "interestincomeother": 114000000,
        "othernonoperatingincomeexpense": 1000000,
        "nonoperatingincomeexpense": -293000000,
        "incomelossfromcontinuingoperationsbeforeincometaxesminorityinterestandincomelossfromequitymethodinvestments": -293000000,
        "incometaxexpensebenefit": 3000000,
        "netincomeloss": -1002000000,
        "preferredstockdividendsandotheradjustments": 14000000,
        "netincomelossavailabletocommonstockholdersbasic": -1002000000,
        "comprehensiveincomenetoftax": -1002000000,
        "earningspersharebasic": 0.43,
        "earningspersharediluted": 0.42,
        "weightedaveragenumberofsharesoutstandingbasic": 811605031,
        "weightedaveragenumberofdilutedsharesoutstanding": 821122537
    },
    {
        "date": "2015-03-30",
        "symbol": "TMUS",
        "period": "Q1",
        "brandedpostpaidrevenues": 3774000000,
        "brandedprepaidrevenues": 1842000000,
        "wholesaleservicerevenue": 158000000,
        "roamingandotherservicerevenue": 45000000,
        "salesrevenueservicesnet": -132000000,
        "salesrevenuegoodsnet": -76000000,
        "othersalesrevenuenet": -3000000,
        "revenues": -211000000,
        "costofservices": 6000000,
        "costofgoodssold": -76000000,
        "sellinggeneralandadministrativeexpense": -135000000,
        "depreciationdepletionandamortization": 22000000,
        "businesscombinationintegrationrelatedcosts": 128000000,
        "costsandexpenses": -211000000,
        "operatingincomeloss": 86000000,
        "interestexpenserelatedparty": 64000000,
        "interestexpense": 200000000,
        "interestincomeother": 112000000,
        "othernonoperatingincomeexpense": -40000000,
        "nonoperatingincomeexpense": -40000000,
        "incomelossfromcontinuingoperationsbeforeincometaxesminorityinterestandincomelossfromequitymethodinvestments": -40000000,
        "incometaxexpensebenefit": 7000000,
        "netincomeloss": -134000000,
        "preferredstockdividendsandotheradjustments": 14000000,
        "netincomelossavailabletocommonstockholdersbasic": -134000000,
        "comprehensiveincomenetoftax": -134000000,
        "earningspersharebasic": -0.09,
        "earningspersharediluted": -0.09,
        "weightedaveragenumberofsharesoutstandingbasic": 808605526,
        "weightedaveragenumberofdilutedsharesoutstanding": 808605526
    },
    {
        "date": "2014-09-29",
        "symbol": "TMUS",
        "period": "Q3",
        "brandedpostpaidrevenues": 3670000000,
        "brandedprepaidrevenues": 1790000000,
        "wholesaleservicerevenue": 171000000,
        "roamingandotherservicerevenue": 53000000,
        "salesrevenueservicesnet": -9475000000,
        "salesrevenuegoodsnet": -3818000000,
        "othersalesrevenuenet": 74000000,
        "revenues": 21620000000,
        "costofservices": 1483000000,
        "costofgoodssold": -836000000,
        "sellinggeneralandadministrativeexpense": 516000000,
        "depreciationdepletionandamortization": -2082000000,
        "businesscombinationintegrationrelatedcosts": 97000000,
        "costsandexpenses": 7178000000,
        "operatingincomeloss": -855000000,
        "interestexpenserelatedparty": 83000000,
        "interestexpense": 45000000,
        "interestincomeother": 97000000,
        "othernonoperatingincomeexpense": -104000000,
        "nonoperatingincomeexpense": 89000000,
        "incomelossfromcontinuingoperationsbeforeincometaxesminorityinterestandincomelossfromequitymethodinvestments": 451000000,
        "incometaxexpensebenefit": 125000000,
        "netincomeloss": -648000000,
        "othercomprehensiveincomelossnetoftax": 7000000,
        "comprehensiveincomenetoftax": -93000000,
        "earningspersharebasic": -0.12,
        "earningspersharediluted": -0.12,
        "weightedaveragenumberofsharesoutstandingbasic": 1346491,
        "weightedaveragenumberofdilutedsharesoutstanding": 604692
    },
    {
        "date": "2014-06-29",
        "symbol": "TMUS",
        "period": "Q2",
        "brandedpostpaidrevenues": 3511000000,
        "brandedprepaidrevenues": 1736000000,
        "wholesaleservicerevenue": 172000000,
        "roamingandotherservicerevenue": 65000000,
        "salesrevenueservicesnet": 10144000000,
        "salesrevenuegoodsnet": 1768000000,
        "othersalesrevenuenet": 130000000,
        "revenues": -7303000000,
        "costofservices": 2903000000,
        "costofgoodssold": 207000000,
        "sellinggeneralandadministrativeexpense": -89000000,
        "depreciationdepletionandamortization": 1108000000,
        "businesscombinationintegrationrelatedcosts": 22000000,
        "otheroperatingincomeexpensenet": 747000000,
        "costsandexpenses": 6134000000,
        "operatingincomeloss": 963000000,
        "interestexpenserelatedparty": 85000000,
        "interestexpense": -126000000,
        "interestincomeother": 83000000,
        "othernonoperatingincomeexpense": 2000000,
        "nonoperatingincomeexpense": 369000000,
        "incomelossfromcontinuingoperationsbeforeincometaxesminorityinterestandincomelossfromequitymethodinvestments": -545000000,
        "incometaxexpensebenefit": -20000000,
        "netincomeloss": 945000000,
        "othercomprehensiveincomelossavailableforsalesecuritiesadjustmentnetoftax": 0,
        "othercomprehensiveincomelossnetoftax": -9000000,
        "comprehensiveincomenetoftax": 391000000,
        "earningspersharebasic": 0.49,
        "earningspersharediluted": 0.49,
        "weightedaveragenumberofsharesoutstandingbasic": 705471,
        "weightedaveragenumberofdilutedsharesoutstanding": 10382412,
        "othercomprehensiveincomelossavailableforsalesecuritiestax": 0
    },
    {
        "date": "2014-03-30",
        "symbol": "TMUS",
        "period": "Q1",
        "brandedpostpaidrevenues": 3447000000,
        "brandedprepaidrevenues": 1648000000,
        "wholesaleservicerevenue": 174000000,
        "roamingandotherservicerevenue": 68000000,
        "salesrevenueservicesnet": 265000000,
        "salesrevenuegoodsnet": 1597000000,
        "othersalesrevenuenet": -2000000,
        "revenues": 6805000000,
        "costofservices": 4000000,
        "costofgoodssold": 138000000,
        "sellinggeneralandadministrativeexpense": -64000000,
        "depreciationdepletionandamortization": 1035000000,
        "businesscombinationintegrationrelatedcosts": 12000000,
        "otheroperatingincomeexpensenet": 10000000,
        "costsandexpenses": 6870000000,
        "operatingincomeloss": -65000000,
        "interestexpenserelatedparty": 18000000,
        "interestexpense": 214000000,
        "interestincomeother": 75000000,
        "othernonoperatingincomeexpense": 2000000,
        "nonoperatingincomeexpense": -240000000,
        "incomelossfromcontinuingoperationsbeforeincometaxesminorityinterestandincomelossfromequitymethodinvestments": -6000000,
        "incometaxexpensebenefit": -2000000,
        "netincomeloss": -151000000,
        "othercomprehensiveincomelossavailableforsalesecuritiesadjustmentnetoftax": -3000000,
        "othercomprehensiveincomelossnetoftax": 6000000,
        "comprehensiveincomenetoftax": -154000000,
        "earningspersharebasic": -0.19,
        "earningspersharediluted": -0.19,
        "weightedaveragenumberofsharesoutstandingbasic": 802520723,
        "weightedaveragenumberofdilutedsharesoutstanding": 802520723,
        "othercomprehensiveincomelossavailableforsalesecuritiestax": -1000000
    },
    {
        "date": "2013-09-29",
        "symbol": "TMUS",
        "period": "Q3",
        "salesrevenueservicesnet": 13037000000,
        "salesrevenuegoodsnet": -176000000,
        "costofgoodssold": 5333000000,
        "depreciationdepletionandamortization": 966000000,
        "costsandexpenses": -1068000000,
        "operatingincomeloss": 20000000,
        "interestexpense": -31000000,
        "othernonoperatingincomeexpense": 52000000,
        "nonoperatingincomeexpense": -672000000,
        "incomelossfromcontinuingoperationsbeforeincometaxesminorityinterestandincomelossfromequitymethodinvestments": -583000000,
        "incometaxexpensebenefit": -47000000,
        "netincomeloss": -529000000,
        "othercomprehensiveincomelossnetoftax": -85000000,
        "comprehensiveincomenetoftax": -433000000,
        "earningspersharebasic": -0.06,
        "earningspersharediluted": -0.06,
        "weightedaveragenumberofsharesoutstandingbasic": 42655534,
        "weightedaveragenumberofdilutedsharesoutstanding": 43825613
    },
    {
        "date": "2013-06-29",
        "symbol": "TMUS",
        "period": "Q2",
        "salesrevenueservicesnet": 363400000,
        "salesrevenuegoodsnet": -335900000,
        "costofgoodssold": -792969000,
        "depreciationdepletionandamortization": 1578402000,
        "costsandexpenses": 391232000,
        "operatingincomeloss": 49984000,
        "interestexpense": 90076000,
        "othernonoperatingincomeexpense": 113916000,
        "nonoperatingincomeexpense": 59336000,
        "incomelossfromcontinuingoperationsbeforeincometaxesminorityinterestandincomelossfromequitymethodinvestments": -67570000,
        "incometaxexpensebenefit": 96457000,
        "netincomeloss": 405973000,
        "othercomprehensiveincomelossnetoftax": 20969000,
        "comprehensiveincomenetoftax": 571613000,
        "earningspersharebasic": 0.09999999999999999,
        "earningspersharediluted": 0.09999999999999999,
        "weightedaveragenumberofsharesoutstandingbasic": 235302974,
        "weightedaveragenumberofdilutedsharesoutstanding": 235138542
    },
    {
        "date": "2013-03-30",
        "symbol": "TMUS",
        "period": "Q1",
        "salesrevenueservicesnet": 3600000,
        "salesrevenuegoodsnet": 11900000,
        "salesrevenuenet": 1282617000,
        "costofservicesexcludingdepreciationdepletionandamortization": 372978000,
        "costofgoodssold": 437969000,
        "sellinggeneralandadministrativeexpense": 270000,
        "depreciationdepletionandamortization": 23598000,
        "gainlossondispositionofassets": -508000,
        "costsandexpenses": 11768000,
        "operatingincomeloss": 16000,
        "interestexpense": 69924000,
        "investmentincomeinterest": -138000,
        "othernonoperatingincomeexpense": 84000,
        "nonoperatingincomeexpense": -6336000,
        "incomelossfromcontinuingoperationsbeforeincometaxesminorityinterestandincomelossfromequitymethodinvestments": 31570000,
        "incometaxexpensebenefit": 12543000,
        "netincomeloss": 19027000,
        "othercomprehensiveincomeunrealizedholdinggainlossonsecuritiesarisingduringperiodnetoftax": 6000,
        "othercomprehensiveincomeunrealizedgainlossonderivativesarisingduringperiodnetoftax": -115000,
        "othercomprehensiveincomelossreclassificationadjustmentforsaleofsecuritiesincludedinnetincomenetoftax": -85000,
        "othercomprehensiveincomelossreclassificationadjustmentonderivativesincludedinnetincomenetoftax": 2225000,
        "othercomprehensiveincomelossnetoftax": 2031000,
        "comprehensiveincomenetoftax": -122613000,
        "earningspersharebasic": 0.05,
        "earningspersharediluted": 0.05,
        "weightedaveragenumberofsharesoutstandingbasic": 364999137,
        "weightedaveragenumberofdilutedsharesoutstanding": 366556369,
        "othercomprehensiveincomeunrealizedholdinggainlossonsecuritiesarisingduringperiodtax": 4000,
        "othercomprehensiveincomeunrealizedgainlossonderivativesarisingduringperiodtax": 71000,
        "othercomprehensiveincomelossreclassificationadjustmentforsaleofsecuritiesincludedinnetincometax": -53000,
        "othercomprehensiveincomelossreclassificationadjustmentonderivativesincludedinnetincometax": -1378000
    },
    {
        "date": "2012-09-29",
        "symbol": "TMUS",
        "period": "Q3",
        "salesrevenueservicesnet": 2900000,
        "salesrevenuegoodsnet": 9800000,
        "salesrevenuenet": 1257474000,
        "costofservicesexcludingdepreciationdepletionandamortization": 373032000,
        "costofgoodssold": 265940000,
        "sellinggeneralandadministrativeexpense": 763000,
        "depreciationdepletionandamortization": 142892000,
        "gainlossondispositionofassets": -1452000,
        "costsandexpenses": 9079000,
        "operatingincomeloss": -53000,
        "interestexpense": 62798000,
        "investmentincomeinterest": 460000,
        "othernonoperatingincomeexpense": 105000,
        "gainlossrelatedtolitigationsettlement": 52500000,
        "nonoperatingincomeexpense": -3706000,
        "incomelossfromcontinuingoperationsbeforeincometaxesminorityinterestandincomelossfromequitymethodinvestments": 225022000,
        "incometaxexpensebenefit": 715000,
        "netincomeloss": 139756000,
        "othercomprehensiveincomeunrealizedholdinggainlossonsecuritiesarisingduringperiodnetoftax": 3512000,
        "othercomprehensiveincomeunrealizedgainlossonderivativesarisingduringperiodnetoftax": -1748000,
        "othercomprehensiveincomelossreclassificationadjustmentforsaleofsecuritiesincludedinnetincomenetoftax": -56000,
        "othercomprehensiveincomelossreclassificationadjustmentonderivativesincludedinnetincomenetoftax": 2254000,
        "othercomprehensiveincomelossnetoftax": 3962000,
        "comprehensiveincomenetoftax": -428132000,
        "earningspersharebasic": 0.53,
        "earningspersharediluted": 0.52,
        "weightedaveragenumberofsharesoutstandingbasic": 363584552,
        "weightedaveragenumberofdilutedsharesoutstanding": 365019836,
        "othercomprehensiveincomeunrealizedholdinggainlossonsecuritiesarisingduringperiodtax": 49000,
        "othercomprehensiveincomeunrealizedgainlossonderivativesarisingduringperiodtax": -1002000,
        "othercomprehensiveincomelossreclassificationadjustmentforsaleofsecuritiesincludedinnetincometax": 33000,
        "othercomprehensiveincomelossreclassificationadjustmentonderivativesincludedinnetincometax": -1301000
    },
    {
        "date": "2012-06-29",
        "symbol": "TMUS",
        "period": "Q2",
        "salesrevenueservicesnet": 3000000,
        "salesrevenuegoodsnet": 9700000,
        "salesrevenuenet": 1279462000,
        "costofservicesexcludingdepreciationdepletionandamortization": 368418000,
        "costofgoodssold": 277922000,
        "sellinggeneralandadministrativeexpense": 165000,
        "depreciationdepletionandamortization": 19615000,
        "gainlossondispositionofassets": -2047000,
        "costsandexpenses": 9118000,
        "operatingincomeloss": -60000,
        "interestexpense": 63547000,
        "investmentincomeinterest": 374000,
        "othernonoperatingincomeexpense": 210000,
        "nonoperatingincomeexpense": -5717000,
        "incomelossfromcontinuingoperationsbeforeincometaxesminorityinterestandincomelossfromequitymethodinvestments": 243575000,
        "incometaxexpensebenefit": -888000,
        "netincomeloss": 148476000,
        "othercomprehensiveincomeunrealizedholdinggainlossonsecuritiesarisingduringperiodnetoftax": 64000,
        "othercomprehensiveincomeunrealizedgainlossonderivativesarisingduringperiodnetoftax": -1032000,
        "othercomprehensiveincomelossreclassificationadjustmentforsaleofsecuritiesincludedinnetincomenetoftax": -15000,
        "othercomprehensiveincomelossreclassificationadjustmentonderivativesincludedinnetincomenetoftax": 1945000,
        "othercomprehensiveincomelossnetoftax": 962000,
        "comprehensiveincomenetoftax": -456568000,
        "earningspersharebasic": 0.41,
        "earningspersharediluted": 0.41,
        "weightedaveragenumberofsharesoutstandingbasic": 363263805,
        "weightedaveragenumberofdilutedsharesoutstanding": 363514983,
        "othercomprehensiveincomeunrealizedholdinggainlossonsecuritiesarisingduringperiodtax": 42000,
        "othercomprehensiveincomeunrealizedgainlossonderivativesarisingduringperiodtax": -1034000,
        "othercomprehensiveincomelossreclassificationadjustmentforsaleofsecuritiesincludedinnetincometax": -12000,
        "othercomprehensiveincomelossreclassificationadjustmentonderivativesincludedinnetincometax": 1575000
    },
    {
        "date": "2012-03-30",
        "symbol": "TMUS",
        "period": "Q1",
        "salesrevenueservicesnet": 2800000,
        "salesrevenuegoodsnet": 4600000,
        "salesrevenuenet": -7340000,
        "costofservicesexcludingdepreciationdepletionandamortization": 3600000,
        "costofgoodssold": 458864000,
        "sellinggeneralandadministrativeexpense": 169000,
        "depreciationdepletionandamortization": 20596000,
        "gainlossondispositionofassets": -1120000,
        "costsandexpenses": -7340000,
        "operatingincomeloss": 98321000,
        "interestexpense": 5348000,
        "investmentincomeinterest": 375000,
        "othernonoperatingincomeexpense": 103000,
        "nonoperatingincomeexpense": -5244000,
        "incomelossfromcontinuingoperationsbeforeincometaxesminorityinterestandincomelossfromequitymethodinvestments": 93077000,
        "incometaxexpensebenefit": 7658000,
        "netincomeloss": 21004000,
        "othercomprehensiveincomeunrealizedholdinggainlossonsecuritiesarisingduringperiodnetoftax": 17000,
        "othercomprehensiveincomeunrealizedgainlossonderivativesarisingduringperiodnetoftax": -3133000,
        "othercomprehensiveincomereclassificationadjustmentforsaleofsecuritiesincludedinnetincomenetoftax": 25000,
        "othercomprehensiveincomereclassificationadjustmentonderivativesincludedinnetincomenetoftax": -2887000,
        "othercomprehensiveincomelossnetoftaxperiodincreasedecrease": -8000,
        "comprehensiveincomenetoftax": 20996000,
        "earningspersharebasic": 0.06,
        "earningspersharediluted": 0.06,
        "weightedaveragenumberofsharesoutstandingbasic": 362718613,
        "weightedaveragenumberofdilutedsharesoutstanding": 364283160,
        "othercomprehensiveincomeunrealizedholdinggainlossonsecuritiesarisingduringperiodtax": 9000,
        "othercomprehensiveincomeunrealizedgainlossonderivativesarisingduringperiodtax": -1572000,
        "othercomprehensiveincomereclassificationadjustmentforsaleofsecuritiesincludedinnetincometax": 12000,
        "othercomprehensiveincomereclassificationadjustmentonderivativesincludedinnetincometax": -1448000
    },
    {
        "date": "2011-09-29",
        "symbol": "TMUS",
        "period": "Q3",
        "salesrevenueservicesnet": -1042717000,
        "salesrevenuegoodsnet": -134660000,
        "costofgoodssold": 343473000,
        "sellinggeneralandadministrativeexpense": 315393000,
        "depreciationdepletionandamortization": 215323000,
        "gainlossondispositionofassets": -1283000,
        "costsandexpenses": -1078265000,
        "operatingincomeloss": -355891000,
        "interestexpense": 119421000,
        "investmentincomeinterest": 531000,
        "othernonoperatingincomeexpense": 93000,
        "nonoperatingincomeexpense": 252758000,
        "incomelossfromcontinuingoperationsbeforeincometaxesminorityinterestandincomelossfromequitymethodinvestments": 295550000,
        "incometaxexpensebenefit": 91337000,
        "netincomeloss": 257661000,
        "othercomprehensiveincomeunrealizedholdinggainlossonsecuritiesarisingduringperiodnetoftax": 39000,
        "othercomprehensiveincomeunrealizedgainlossonderivativesarisingduringperiodnetoftax": -9286000,
        "othercomprehensiveincomereclassificationadjustmentforsaleofsecuritiesincludedinnetincomenetoftax": 282000,
        "othercomprehensiveincomereclassificationadjustmentonderivativesincludedinnetincomenetoftax": -9711000,
        "othercomprehensiveincomelossnetoftaxperiodincreasedecrease": -5366000,
        "comprehensiveincomenetoftax": 63961000,
        "earningspersharebasic": 0.18999999999999997,
        "earningspersharediluted": 0.18999999999999997,
        "weightedaveragenumberofsharesoutstandingbasic": -357451675,
        "weightedaveragenumberofdilutedsharesoutstanding": -363078676,
        "othercomprehensiveincomeunrealizedholdinggainlossonsecuritiesarisingduringperiodtax": 25000,
        "othercomprehensiveincomeunrealizedgainlossonderivativesarisingduringperiodtax": -5790000,
        "othercomprehensiveincomereclassificationadjustmentforsaleofsecuritiesincludedinnetincometax": 47000,
        "othercomprehensiveincomereclassificationadjustmentonderivativesincludedinnetincometax": -6048000
    },
    {
        "date": "2011-06-29",
        "symbol": "TMUS",
        "period": "Q2",
        "salesrevenueservicesnet": 3900000,
        "salesrevenuegoodsnet": 6700000,
        "salesrevenuenet": 1210352000,
        "costofservicesexcludingdepreciationdepletionandamortization": 5500000,
        "costofgoodssold": 342534000,
        "sellinggeneralandadministrativeexpense": 528000,
        "depreciationdepletionandamortization": 115455000,
        "gainlossondispositionofassets": -1553000,
        "costsandexpenses": 6495000,
        "operatingincomeloss": 210309000,
        "interestexpense": 4062000,
        "investmentincomeinterest": 511000,
        "othernonoperatingincomeexpense": 186000,
        "gainslossesonextinguishmentofdebt": -9536000,
        "nonoperatingincomeexpense": 135197000,
        "incomelossfromcontinuingoperationsbeforeincometaxesminorityinterestandincomelossfromequitymethodinvestments": 135143000,
        "incometaxexpensebenefit": -1187000,
        "netincomeloss": 207631000,
        "othercomprehensiveincomeunrealizedholdinggainlossonsecuritiesarisingduringperiodnetoftax": 66000,
        "othercomprehensiveincomeunrealizedgainlossonderivativesarisingduringperiodnetoftax": -13374000,
        "othercomprehensiveincomereclassificationadjustmentforsaleofsecuritiesincludedinnetincomenetoftax": 93000,
        "othercomprehensiveincomereclassificationadjustmentonderivativesincludedinnetincomenetoftax": -3762000,
        "othercomprehensiveincomelossnetoftaxperiodincreasedecrease": -9639000,
        "comprehensiveincomenetoftax": 74696000,
        "earningspersharebasic": 0.23,
        "earningspersharediluted": 0.23,
        "weightedaveragenumberofsharesoutstandingbasic": 360226487,
        "weightedaveragenumberofdilutedsharesoutstanding": 365390280,
        "othercomprehensiveincomeunrealizedholdinggainlossonsecuritiesarisingduringperiodtax": 40000,
        "othercomprehensiveincomeunrealizedgainlossonderivativesarisingduringperiodtax": -8299000,
        "othercomprehensiveincomereclassificationadjustmentforsaleofsecuritiesincludedinnetincometax": 57000,
        "othercomprehensiveincomereclassificationadjustmentonderivativesincludedinnetincometax": -2319000
    },
    {
        "date": "2011-03-30",
        "symbol": "TMUS",
        "period": "Q1",
        "salesrevenueservicesnet": 1050217000,
        "salesrevenuegoodsnet": 144160000,
        "revenues": 1194377000,
        "costofservices": 341417000,
        "costofgoodssold": 409262000,
        "sellinggeneralandadministrativeexpense": 169771000,
        "depreciationdepletionandamortization": 16867000,
        "gainlossondispositionofassets": 105000,
        "costsandexpenses": 1049040000,
        "operatingincomeloss": 145337000,
        "interestexpense": 56561000,
        "investmentincomeinterest": 515000,
        "othernonoperatingincomeexpense": 255000,
        "nonoperatingincomeexpense": -55791000,
        "incomelossfromcontinuingoperationsbeforeincometaxesminorityinterestandincomelossfromequitymethodinvestments": 89546000,
        "incometaxexpensebenefit": 33168000,
        "netincomeloss": 56378000,
        "othercomprehensiveincomeunrealizedholdinggainlossonsecuritiesarisingduringperiodnetoftax": 99000,
        "othercomprehensiveincomeunrealizedgainlossonderivativesarisingduringperiodnetoftax": 600000,
        "othercomprehensiveincomereclassificationadjustmentforsaleofsecuritiesincludedinnetincomenetoftax": -103000,
        "othercomprehensiveincomereclassificationadjustmentonderivativesincludedinnetincomenetoftax": 2877000,
        "othercomprehensiveincomelossnetoftaxperiodincreasedecrease": 3473000,
        "comprehensiveincomenetoftax": 59851000,
        "earningspersharebasic": 0.16,
        "earningspersharediluted": 0.15,
        "weightedaveragenumberofsharesoutstandingbasic": 356988270,
        "weightedaveragenumberofdilutedsharesoutstanding": 361406194,
        "othercomprehensiveincomeunrealizedholdinggainlossonsecuritiesarisingduringperiodtax": 62000,
        "othercomprehensiveincomeunrealizedgainlossonderivativesarisingduringperiodtax": 376000,
        "othercomprehensiveincomereclassificationadjustmentforsaleofsecuritiesincludedinnetincometax": 65000,
        "othercomprehensiveincomereclassificationadjustmentonderivativesincludedinnetincometax": 1780000
    },
    {
        "date": "2010-09-29",
        "symbol": "TMUS",
        "period": "Q3",
        "salesrevenueservicesnet": 942251000,
        "salesrevenuegoodsnet": 78538000,
        "revenues": 1020789000,
        "costofservices": 313688000,
        "costofgoodssold": 256265000,
        "sellinggeneralandadministrativeexpense": 147431000,
        "depreciationdepletionandamortization": 99706000,
        "gainlossondispositionofassets": 18333000,
        "costsandexpenses": 812855000,
        "operatingincomeloss": 207934000,
        "interestexpense": 65726000,
        "investmentincomeinterest": 497000,
        "othernonoperatingincomeexpense": -462000,
        "gainslossesonextinguishmentofdebt": -15590000,
        "nonoperatingincomeexpense": -81281000,
        "incomelossfromcontinuingoperationsbeforeincometaxesminorityinterestandincomelossfromequitymethodinvestments": 126653000,
        "incometaxexpensebenefit": 49366000,
        "netincomeloss": 77287000,
        "othercomprehensiveincomeunrealizedholdinggainlossonsecuritiesarisingduringperiodnetoftax": 137000,
        "othercomprehensiveincomeunrealizedgainlossonderivativesarisingduringperiodnetoftax": -3355000,
        "othercomprehensiveincomereclassificationadjustmentforsaleofsecuritiesincludedinnetincomenetoftax": 74000,
        "othercomprehensiveincomereclassificationadjustmentonderivativesincludedinnetincomenetoftax": -2780000,
        "othercomprehensiveincomelossnetoftaxperiodincreasedecrease": -512000,
        "comprehensiveincomenetoftax": 76775000,
        "earningspersharebasic": 0.22,
        "earningspersharediluted": 0.22,
        "weightedaveragenumberofsharesoutstandingbasic": 353954532,
        "weightedaveragenumberofdilutedsharesoutstanding": 356423216
    },
    {
        "date": "2010-06-29",
        "symbol": "TMUS",
        "period": "Q2",
        "salesrevenueservicesnet": 922137000,
        "salesrevenuegoodsnet": 90399000,
        "revenues": 1012536000,
        "costofservices": 308168000,
        "costofgoodssold": 235354000,
        "sellinggeneralandadministrativeexpense": 158600000,
        "depreciationdepletionandamortization": 95883000,
        "gainlossondispositionofassets": -2700000,
        "costsandexpenses": 814124000,
        "operatingincomeloss": 198412000,
        "interestexpense": 65503000,
        "investmentincomeinterest": 392000,
        "othernonoperatingincomeexpense": -479000,
        "nonoperatingincomeexpense": -65590000,
        "incomelossfromcontinuingoperationsbeforeincometaxesminorityinterestandincomelossfromequitymethodinvestments": 132822000,
        "incometaxexpensebenefit": 52907000,
        "netincomeloss": 79915000,
        "othercomprehensiveincomeunrealizedholdinggainlossonsecuritiesarisingduringperiodnetoftax": 91000,
        "othercomprehensiveincomeunrealizedgainlossonderivativesarisingduringperiodnetoftax": -4191000,
        "othercomprehensiveincomereclassificationadjustmentforsaleofsecuritiesincludedinnetincomenetoftax": 53000,
        "othercomprehensiveincomereclassificationadjustmentonderivativesincludedinnetincomenetoftax": -5071000,
        "comprehensiveincomenetoftax": 80833000,
        "earningspersharebasic": 0.22,
        "earningspersharediluted": 0.22,
        "weightedaveragenumberofsharesoutstandingbasic": 353278423,
        "weightedaveragenumberofdilutedsharesoutstanding": 355685446
    }
]