[
    {
        "date": "2024-09-28",
        "symbol": "LRCX",
        "period": "Q1",
        "revenuefromcontractwithcustomerexcludingassessedtax": 4167976000,
        "costofgoodsandservicessoldexcludingrestructuringcharges": 2165293000,
        "costofgoodsandservicessold": 2165293000,
        "grossprofit": 2002683000,
        "researchanddevelopmentexpense": 495358000,
        "sellinggeneralandadministrativeexpense": 243128000,
        "operatingexpenses": 738486000,
        "operatingincomeloss": 1264197000,
        "othernonoperatingincomeexpense": 30081000,
        "incomelossfromcontinuingoperationsbeforeincometaxesextraordinaryitemsnoncontrollinginterest": 1294278000,
        "incometaxexpensebenefit": 177834000,
        "netincomeloss": 1116444000,
        "earningspersharebasic": 0.86,
        "earningspersharediluted": 0.86,
        "weightedaveragenumberofsharesoutstandingbasic": 1299236000,
        "weightedaveragenumberofdilutedsharesoutstanding": 1304066000,
        "othercomprehensiveincomelossforeigncurrencytransactionandtranslationadjustmentnetoftax": 45126000,
        "othercomprehensiveincomelosscashflowhedgegainlossbeforereclassificationaftertax": -2436000,
        "othercomprehensiveincomelosscashflowhedgegainlossreclassificationaftertax": 104000,
        "othercomprehensiveincomelosscashflowhedgegainlossafterreclassificationandtax": -2540000,
        "othercomprehensiveincomedefinedbenefitplansnetunamortizedgainlossarisingduringperiodnetoftax": 39000,
        "othercomprehensiveincomelossnetoftax": 42625000,
        "comprehensiveincomenetoftax": 1159069000
    },
    {
        "date": "2024-06-29",
        "symbol": "LRCX",
        "period": "Q4",
        "revenuefromcontractwithcustomerexcludingassessedtax": 3871507000,
        "costofgoodsandservicessoldexcludingrestructuringcharges": 2026133000,
        "restructuringchargescostofgoodsnet": 5301000,
        "costofgoodsandservicessold": 2031409000,
        "grossprofit": 1840098000,
        "researchanddevelopmentexpense": 497829000,
        "sellinggeneralandadministrativeexpense": 216477000,
        "restructuringchargesoperatingexpensenet": -755000,
        "operatingexpenses": 713538000,
        "operatingincomeloss": 1126560000,
        "othernonoperatingincomeexpense": 27796000,
        "incomelossfromcontinuingoperationsbeforeincometaxesextraordinaryitemsnoncontrollinginterest": 1154356000,
        "incometaxexpensebenefit": 134074000,
        "netincomeloss": 1020282000,
        "earningspersharebasic": 7.81,
        "earningspersharediluted": 7.780000000000003,
        "weightedaveragenumberofsharesoutstandingbasic": 131410000,
        "weightedaveragenumberofdilutedsharesoutstanding": 131995000,
        "othercomprehensiveincomelossforeigncurrencytransactionandtranslationadjustmentnetoftax": -8717000,
        "othercomprehensiveincomelosscashflowhedgegainlossbeforereclassificationaftertax": 1956000,
        "othercomprehensiveincomelosscashflowhedgegainlossreclassificationaftertax": 1396000,
        "othercomprehensiveincomelosscashflowhedgegainlossafterreclassificationandtax": 560000,
        "othercomprehensiveincomeunrealizedholdinggainlossonsecuritiesarisingduringperiodnetoftax": 0,
        "othercomprehensiveincomelossavailableforsalesecuritiesadjustmentnetoftax": 0,
        "othercomprehensiveincomedefinedbenefitplansnetunamortizedgainlossarisingduringperiodnetoftax": 5517000,
        "othercomprehensiveincomelossnetoftax": -2640000,
        "comprehensiveincomenetoftax": 1017642000
    },
    {
        "date": "2024-03-30",
        "symbol": "LRCX",
        "period": "Q3",
        "revenuefromcontractwithcustomerexcludingassessedtax": 3793558000,
        "costofgoodsandservicessoldexcludingrestructuringcharges": 1977820000,
        "restructuringchargescostofgoodsnet": 15202000,
        "costofgoodsandservicessold": 1993022000,
        "grossprofit": 1800536000,
        "researchanddevelopmentexpense": 512274000,
        "sellinggeneralandadministrativeexpense": 215904000,
        "restructuringchargesoperatingexpensenet": 15246000,
        "operatingexpenses": 743424000,
        "operatingincomeloss": 1057112000,
        "othernonoperatingincomeexpense": 36073000,
        "incomelossfromcontinuingoperationsbeforeincometaxesextraordinaryitemsnoncontrollinginterest": 1093185000,
        "incometaxexpensebenefit": 127359000,
        "netincomeloss": 965826000,
        "earningspersharebasic": 7.38,
        "earningspersharediluted": 7.339999999999998,
        "weightedaveragenumberofsharesoutstandingbasic": 131663000,
        "weightedaveragenumberofdilutedsharesoutstanding": 132282000,
        "othercomprehensiveincomelossforeigncurrencytransactionandtranslationadjustmentnetoftax": -14215000,
        "othercomprehensiveincomelosscashflowhedgegainlossbeforereclassificationaftertax": 8145000,
        "othercomprehensiveincomelosscashflowhedgegainlossreclassificationaftertax": 4231000,
        "othercomprehensiveincomelosscashflowhedgegainlossafterreclassificationandtax": 3914000,
        "othercomprehensiveincomeunrealizedholdinggainlossonsecuritiesarisingduringperiodnetoftax": 30000,
        "othercomprehensiveincomelossavailableforsalesecuritiesadjustmentnetoftax": 30000,
        "othercomprehensiveincomedefinedbenefitplansnetunamortizedgainlossarisingduringperiodnetoftax": 177000,
        "othercomprehensiveincomelossnetoftax": -10094000,
        "comprehensiveincomenetoftax": 955732000
    },
    {
        "date": "2023-12-23",
        "symbol": "LRCX",
        "period": "Q2",
        "revenuefromcontractwithcustomerexcludingassessedtax": 3758259000,
        "costofgoodsandservicessoldexcludingrestructuringcharges": 1985847000,
        "restructuringchargescostofgoodsnet": 14957000,
        "costofgoodsandservicessold": 2000804000,
        "grossprofit": 1757455000,
        "researchanddevelopmentexpense": 469712000,
        "sellinggeneralandadministrativeexpense": 228843000,
        "restructuringchargesoperatingexpensenet": 1688000,
        "operatingexpenses": 700243000,
        "operatingincomeloss": 1057212000,
        "othernonoperatingincomeexpense": 29839000,
        "incomelossfromcontinuingoperationsbeforeincometaxesextraordinaryitemsnoncontrollinginterest": 1087051000,
        "incometaxexpensebenefit": 132785000,
        "netincomeloss": 954266000,
        "earningspersharebasic": 7.249999999999999,
        "earningspersharediluted": 7.220000000000001,
        "weightedaveragenumberofsharesoutstandingbasic": 132107000,
        "weightedaveragenumberofdilutedsharesoutstanding": 132693000,
        "othercomprehensiveincomelossforeigncurrencytransactionandtranslationadjustmentnetoftax": 14530000,
        "othercomprehensiveincomelosscashflowhedgegainlossbeforereclassificationaftertax": 1671000,
        "othercomprehensiveincomelosscashflowhedgegainlossreclassificationaftertax": 12826000,
        "othercomprehensiveincomelosscashflowhedgegainlossafterreclassificationandtax": -11155000,
        "othercomprehensiveincomeunrealizedholdinggainlossonsecuritiesarisingduringperiodnetoftax": 102000,
        "othercomprehensiveincomelossreclassificationadjustmentfromaociforsaleofsecuritiesnetoftax": 0,
        "othercomprehensiveincomelossavailableforsalesecuritiesadjustmentnetoftax": 102000,
        "othercomprehensiveincomedefinedbenefitplansnetunamortizedgainlossarisingduringperiodnetoftax": 179000,
        "othercomprehensiveincomelossnetoftax": 3656000,
        "comprehensiveincomenetoftax": 957922000
    },
    {
        "date": "2023-09-23",
        "symbol": "LRCX",
        "period": "Q1",
        "revenuefromcontractwithcustomerexcludingassessedtax": 3482062000,
        "costofgoodsandservicessoldexcludingrestructuringcharges": 1819420000,
        "restructuringchargescostofgoodsnet": 7940000,
        "costofgoodsandservicessold": 1827360000,
        "grossprofit": 1654702000,
        "researchanddevelopmentexpense": 422629000,
        "sellinggeneralandadministrativeexpense": 207023000,
        "restructuringchargesoperatingexpensenet": 2021000,
        "operatingexpenses": 631673000,
        "operatingincomeloss": 1023029000,
        "othernonoperatingincomeexpense": 2601000,
        "incomelossfromcontinuingoperationsbeforeincometaxesextraordinaryitemsnoncontrollinginterest": 1025630000,
        "incometaxexpensebenefit": 138232000,
        "netincomeloss": 887398000,
        "earningspersharebasic": 6.69,
        "earningspersharediluted": 6.66,
        "weightedaveragenumberofsharesoutstandingbasic": 132584000,
        "weightedaveragenumberofdilutedsharesoutstanding": 133166000,
        "othercomprehensiveincomelossforeigncurrencytransactionandtranslationadjustmentnetoftax": -20678000,
        "othercomprehensiveincomelosscashflowhedgegainlossbeforereclassificationaftertax": 8598000,
        "othercomprehensiveincomelosscashflowhedgegainlossreclassificationaftertax": 8917000,
        "othercomprehensiveincomelosscashflowhedgegainlossafterreclassificationandtax": -319000,
        "othercomprehensiveincomeunrealizedholdinggainlossonsecuritiesarisingduringperiodnetoftax": 182000,
        "othercomprehensiveincomelossreclassificationadjustmentfromaociforsaleofsecuritiesnetoftax": 10000,
        "othercomprehensiveincomelossavailableforsalesecuritiesadjustmentnetoftax": 172000,
        "othercomprehensiveincomedefinedbenefitplansnetunamortizedgainlossarisingduringperiodnetoftax": 181000,
        "othercomprehensiveincomelossnetoftax": -20644000,
        "comprehensiveincomenetoftax": 866754000
    },
    {
        "date": "2023-06-24",
        "symbol": "LRCX",
        "period": "Q4",
        "revenuefromcontractwithcustomerexcludingassessedtax": 16672175000,
        "costofgoodsandservicessold": 1749128000,
        "grossprofit": 1458129000,
        "researchanddevelopmentexpense": 401951000,
        "sellinggeneralandadministrativeexpense": 199831000,
        "operatingexpenses": 603524000,
        "operatingincomeloss": 854605000,
        "othernonoperatingincomeexpense": 9010000,
        "incomelossfromcontinuingoperationsbeforeincometaxesextraordinaryitemsnoncontrollinginterest": 863615000,
        "incometaxexpensebenefit": 61078000,
        "netincomeloss": 802537000,
        "earningspersharebasic": 6.059999999999997,
        "earningspersharediluted": 6.040000000000003,
        "weightedaveragenumberofsharesoutstandingbasic": -135907000,
        "weightedaveragenumberofdilutedsharesoutstanding": -136335000,
        "othercomprehensiveincomelossforeigncurrencytransactionandtranslationadjustmentnetoftax": -4730000,
        "othercomprehensiveincomelosscashflowhedgegainlossbeforereclassificationaftertax": 13548000,
        "othercomprehensiveincomelosscashflowhedgegainlossreclassificationaftertax": 3933000,
        "othercomprehensiveincomelosscashflowhedgegainlossafterreclassificationandtax": 9615000,
        "othercomprehensiveincomeunrealizedholdinggainlossonsecuritiesarisingduringperiodnetoftax": 269000,
        "othercomprehensiveincomelossavailableforsalesecuritiesadjustmentnetoftax": 269000,
        "othercomprehensiveincomedefinedbenefitplansnetunamortizedgainlossarisingduringperiodnetoftax": -765000,
        "othercomprehensiveincomelossnetoftax": 4389000,
        "comprehensiveincomenetoftax": 806926000
    },
    {
        "date": "2023-03-25",
        "symbol": "LRCX",
        "period": "Q3",
        "revenuefromcontractwithcustomerexcludingassessedtax": 155935000,
        "costofgoodsandservicessoldexcludingrestructuringcharges": 2197237000,
        "restructuringchargescostofgoodsnet": 66720000,
        "costofgoodsandservicessold": 2263957000,
        "grossprofit": 1605612000,
        "researchanddevelopmentexpense": 429451000,
        "sellinggeneralandadministrativeexpense": 193500000,
        "restructuringchargesoperatingexpensenet": 40408000,
        "operatingexpenses": 663359000,
        "operatingincomeloss": 942253000,
        "othernonoperatingincomeexpense": -3331000,
        "incomelossfromcontinuingoperationsbeforeincometaxesextraordinaryitemsnoncontrollinginterest": 938922000,
        "incometaxexpensebenefit": 124914000,
        "netincomeloss": 814008000,
        "earningspersharebasic": 6.03,
        "earningspersharediluted": 6.01,
        "weightedaveragenumberofsharesoutstandingbasic": 134924000,
        "weightedaveragenumberofdilutedsharesoutstanding": 135395000,
        "othercomprehensiveincomelossforeigncurrencytransactionandtranslationadjustmentnetoftax": 3727000,
        "othercomprehensiveincomelosscashflowhedgegainlossbeforereclassificationaftertax": -3320000,
        "othercomprehensiveincomelosscashflowhedgegainlossreclassificationaftertax": -2546000,
        "othercomprehensiveincomelosscashflowhedgegainlossafterreclassificationandtax": -774000,
        "othercomprehensiveincomeunrealizedholdinggainlossonsecuritiesarisingduringperiodnetoftax": 652000,
        "othercomprehensiveincomelossreclassificationadjustmentfromaociforsaleofsecuritiesnetoftax": 105000,
        "othercomprehensiveincomelossavailableforsalesecuritiesadjustmentnetoftax": 547000,
        "othercomprehensiveincomedefinedbenefitplansnetunamortizedgainlossarisingduringperiodnetoftax": 276000,
        "othercomprehensiveincomelossnetoftax": 3776000,
        "comprehensiveincomenetoftax": 817784000
    },
    {
        "date": "2022-12-24",
        "symbol": "LRCX",
        "period": "Q2",
        "revenuefromcontractwithcustomerexcludingassessedtax": 337818000,
        "costofgoodsandservicessold": 2901220000,
        "grossprofit": 2376349000,
        "researchanddevelopmentexpense": 462385000,
        "sellinggeneralandadministrativeexpense": 233802000,
        "operatingexpenses": 696187000,
        "operatingincomeloss": 1680162000,
        "othernonoperatingincomeexpense": -28234000,
        "incomelossfromcontinuingoperationsbeforeincometaxesextraordinaryitemsnoncontrollinginterest": 1651928000,
        "incometaxexpensebenefit": 183421000,
        "netincomeloss": 1468507000,
        "earningspersharebasic": 10.790000000000001,
        "earningspersharediluted": 10.77,
        "weightedaveragenumberofsharesoutstandingbasic": -436000,
        "weightedaveragenumberofdilutedsharesoutstanding": -434000,
        "othercomprehensiveincomelossforeigncurrencytransactionandtranslationadjustmentnetoftax": 41470000,
        "othercomprehensiveincomelosscashflowhedgegainlossbeforereclassificationaftertax": -18618000,
        "othercomprehensiveincomelosscashflowhedgegainlossreclassificationaftertax": -1273000,
        "othercomprehensiveincomelosscashflowhedgegainlossafterreclassificationandtax": -17345000,
        "othercomprehensiveincomeunrealizedholdinggainlossonsecuritiesarisingduringperiodnetoftax": 490000,
        "othercomprehensiveincomelossreclassificationadjustmentfromaociforsaleofsecuritiesnetoftax": 0,
        "othercomprehensiveincomelossavailableforsalesecuritiesadjustmentnetoftax": 490000,
        "othercomprehensiveincomedefinedbenefitplansnetunamortizedgainlossarisingduringperiodnetoftax": 279000,
        "othercomprehensiveincomelossnetoftax": 24894000,
        "comprehensiveincomenetoftax": 1493401000
    },
    {
        "date": "2022-09-24",
        "symbol": "LRCX",
        "period": "Q1",
        "revenuefromcontractwithcustomerexcludingassessedtax": 262588000,
        "costofgoodsandservicessold": 2737286000,
        "grossprofit": 2336835000,
        "researchanddevelopmentexpense": 433375000,
        "sellinggeneralandadministrativeexpense": 205620000,
        "operatingexpenses": 638995000,
        "operatingincomeloss": 1697840000,
        "othernonoperatingincomeexpense": -43095000,
        "incomelossfromcontinuingoperationsbeforeincometaxesextraordinaryitemsnoncontrollinginterest": 1654745000,
        "incometaxexpensebenefit": 228866000,
        "netincomeloss": 1425879000,
        "earningspersharebasic": 10.42,
        "earningspersharediluted": 10.39,
        "weightedaveragenumberofsharesoutstandingbasic": 136891000,
        "weightedaveragenumberofdilutedsharesoutstanding": 137208000,
        "othercomprehensiveincomelossforeigncurrencytransactionandtranslationadjustmentnetoftax": -33609000,
        "othercomprehensiveincomelosscashflowhedgegainlossbeforereclassificationaftertax": 18803000,
        "othercomprehensiveincomelosscashflowhedgegainlossreclassificationaftertax": 9297000,
        "othercomprehensiveincomelosscashflowhedgegainlossafterreclassificationandtax": 9506000,
        "othercomprehensiveincomeunrealizedholdinggainlossonsecuritiesarisingduringperiodnetoftax": 80000,
        "othercomprehensiveincomelossreclassificationadjustmentfromaociforsaleofsecuritiesnetoftax": 53000,
        "othercomprehensiveincomelossavailableforsalesecuritiesadjustmentnetoftax": 27000,
        "othercomprehensiveincomedefinedbenefitplansnetunamortizedgainlossarisingduringperiodnetoftax": 293000,
        "othercomprehensiveincomelossnetoftax": -23783000,
        "comprehensiveincomenetoftax": 1402096000
    },
    {
        "date": "2022-06-25",
        "symbol": "LRCX",
        "period": "Q4",
        "revenuefromcontractwithcustomerexcludingassessedtax": 16839354000,
        "costofgoodsandservicessold": 2535042000,
        "grossprofit": 2100512000,
        "researchanddevelopmentexpense": 411157000,
        "sellinggeneralandadministrativeexpense": 210002000,
        "operatingexpenses": 621159000,
        "operatingincomeloss": 1479353000,
        "othernonoperatingincomeexpense": -120448000,
        "incomelossfromcontinuingoperationsbeforeincometaxesextraordinaryitemsnoncontrollinginterest": 1358905000,
        "incometaxexpensebenefit": 149971000,
        "netincomeloss": 1208934000,
        "earningspersharebasic": 8.760000000000002,
        "earningspersharediluted": 8.739999999999998,
        "weightedaveragenumberofsharesoutstandingbasic": -281703000,
        "weightedaveragenumberofdilutedsharesoutstanding": -283571000,
        "othercomprehensiveincomelossforeigncurrencytransactionandtranslationadjustmentnetoftax": -21532000,
        "othercomprehensiveincomelosscashflowhedgegainlossbeforereclassificationaftertax": 14556000,
        "othercomprehensiveincomelosscashflowhedgegainlossreclassificationaftertax": 11849000,
        "othercomprehensiveincomelosscashflowhedgegainlossafterreclassificationandtax": 2707000,
        "othercomprehensiveincomeunrealizedholdinggainlossonsecuritiesarisingduringperiodnetoftax": -115000,
        "othercomprehensiveincomelossreclassificationadjustmentfromaociforsaleofsecuritiesnetoftax": 66000,
        "othercomprehensiveincomelossavailableforsalesecuritiesadjustmentnetoftax": -181000,
        "othercomprehensiveincomedefinedbenefitplansnetunamortizedgainlossarisingduringperiodnetoftax": 6690000,
        "othercomprehensiveincomelossnetoftax": -12316000,
        "comprehensiveincomenetoftax": 1196618000
    },
    {
        "date": "2022-03-26",
        "symbol": "LRCX",
        "period": "Q3",
        "revenuefromcontractwithcustomerexcludingassessedtax": 128149000,
        "costofgoodsandservicessold": 2243791000,
        "grossprofit": 1816625000,
        "researchanddevelopmentexpense": 407120000,
        "sellinggeneralandadministrativeexpense": 217408000,
        "operatingexpenses": 624528000,
        "operatingincomeloss": 1192097000,
        "othernonoperatingincomeexpense": -57402000,
        "incomelossfromcontinuingoperationsbeforeincometaxesextraordinaryitemsnoncontrollinginterest": 1134695000,
        "incometaxexpensebenefit": 112917000,
        "netincomeloss": 1021778000,
        "earningspersharebasic": 7.34,
        "earningspersharediluted": 7.3,
        "weightedaveragenumberofsharesoutstandingbasic": 139229000,
        "weightedaveragenumberofdilutedsharesoutstanding": 140057000,
        "othercomprehensiveincomelossforeigncurrencytransactionandtranslationadjustmentnetoftax": -14958000,
        "othercomprehensiveincomelosscashflowhedgegainlossbeforereclassificationaftertax": 12506000,
        "othercomprehensiveincomelosscashflowhedgegainlossreclassificationaftertax": 5759000,
        "othercomprehensiveincomelosscashflowhedgegainlossafterreclassificationandtax": 6747000,
        "othercomprehensiveincomeunrealizedholdinggainlossonsecuritiesarisingduringperiodnetoftax": -1333000,
        "othercomprehensiveincomelossreclassificationadjustmentfromaociforsaleofsecuritiesnetoftax": 34000,
        "othercomprehensiveincomelossavailableforsalesecuritiesadjustmentnetoftax": -1367000,
        "othercomprehensiveincomedefinedbenefitplansnetunamortizedgainlossarisingduringperiodnetoftax": 58000,
        "othercomprehensiveincomelossnetoftax": -9520000,
        "comprehensiveincomenetoftax": 1012258000
    },
    {
        "date": "2021-12-25",
        "symbol": "LRCX",
        "period": "Q2",
        "revenuefromcontractwithcustomerexcludingassessedtax": 181174000,
        "costofgoodsandservicessold": 2248688000,
        "grossprofit": 1977916000,
        "researchanddevelopmentexpense": 403644000,
        "sellinggeneralandadministrativeexpense": 236133000,
        "operatingexpenses": 639777000,
        "operatingincomeloss": 1338139000,
        "othernonoperatingincomeexpense": 17999000,
        "incomelossfromcontinuingoperationsbeforeincometaxesextraordinaryitemsnoncontrollinginterest": 1356138000,
        "incometaxexpensebenefit": 161308000,
        "netincomeloss": 1194830000,
        "earningspersharebasic": 8.5,
        "earningspersharediluted": 8.44,
        "weightedaveragenumberofsharesoutstandingbasic": 140630000,
        "weightedaveragenumberofdilutedsharesoutstanding": 141530000,
        "othercomprehensiveincomelossforeigncurrencytransactionandtranslationadjustmentnetoftax": -9820000,
        "othercomprehensiveincomelosscashflowhedgegainlossbeforereclassificationaftertax": 12792000,
        "othercomprehensiveincomelosscashflowhedgegainlossreclassificationaftertax": 7904000,
        "othercomprehensiveincomelosscashflowhedgegainlossafterreclassificationandtax": 4888000,
        "othercomprehensiveincomeunrealizedholdinggainlossonsecuritiesarisingduringperiodnetoftax": -785000,
        "othercomprehensiveincomelossreclassificationadjustmentfromaociforsaleofsecuritiesnetoftax": -345000,
        "othercomprehensiveincomelossavailableforsalesecuritiesadjustmentnetoftax": -440000,
        "othercomprehensiveincomedefinedbenefitplansnetunamortizedgainlossarisingduringperiodnetoftax": -1006000,
        "othercomprehensiveincomelossnetoftax": -6378000,
        "comprehensiveincomenetoftax": 1188452000
    },
    {
        "date": "2021-09-25",
        "symbol": "LRCX",
        "period": "Q1",
        "revenuefromcontractwithcustomerexcludingassessedtax": 78362000,
        "costofgoodsandservicessold": 2327711000,
        "grossprofit": 1976754000,
        "researchanddevelopmentexpense": 382327000,
        "sellinggeneralandadministrativeexpense": 222194000,
        "operatingexpenses": 604521000,
        "operatingincomeloss": 1372233000,
        "othernonoperatingincomeexpense": -28857000,
        "incomelossfromcontinuingoperationsbeforeincometaxesextraordinaryitemsnoncontrollinginterest": 1343376000,
        "incometaxexpensebenefit": 163632000,
        "netincomeloss": 1179744000,
        "earningspersharebasic": 8.32,
        "earningspersharediluted": 8.27,
        "weightedaveragenumberofsharesoutstandingbasic": 141743000,
        "weightedaveragenumberofdilutedsharesoutstanding": 142612000,
        "othercomprehensiveincomelossforeigncurrencytransactionandtranslationadjustmentnetoftax": -4032000,
        "othercomprehensiveincomelosscashflowhedgegainlossbeforereclassificationaftertax": -9005000,
        "othercomprehensiveincomelosscashflowhedgegainlossreclassificationaftertax": 3542000,
        "othercomprehensiveincomelosscashflowhedgegainlossafterreclassificationandtax": -12547000,
        "othercomprehensiveincomeunrealizedholdinggainlossonsecuritiesarisingduringperiodnetoftax": -2405000,
        "othercomprehensiveincomelossreclassificationadjustmentfromaociforsaleofsecuritiesnetoftax": -1145000,
        "othercomprehensiveincomelossavailableforsalesecuritiesadjustmentnetoftax": -1260000,
        "othercomprehensiveincomedefinedbenefitplansnetunamortizedgainlossarisingduringperiodnetoftax": 199000,
        "othercomprehensiveincomelossnetoftax": -17640000,
        "comprehensiveincomenetoftax": 1162104000
    },
    {
        "date": "2021-06-26",
        "symbol": "LRCX",
        "period": "Q4",
        "revenuefromcontractwithcustomerexcludingassessedtax": 4145179000,
        "costofgoodsandservicessold": 2229978000,
        "grossprofit": 1915201000,
        "researchanddevelopmentexpense": 381749000,
        "sellinggeneralandadministrativeexpense": 217525000,
        "operatingexpenses": 599274000,
        "operatingincomeloss": 1315927000,
        "othernonoperatingincomeexpense": -7166000,
        "incometaxexpensebenefit": 164104000,
        "netincomeloss": 1144657000,
        "earningspersharebasic": 8.000000000000002,
        "earningspersharediluted": 7.939999999999998,
        "weightedaveragenumberofsharesoutstandingbasic": -288164000,
        "weightedaveragenumberofdilutedsharesoutstanding": -292447000,
        "othercomprehensiveincomelossforeigncurrencytransactionandtranslationadjustmentnetoftax": -5833000,
        "othercomprehensiveincomelosscashflowhedgegainlossbeforereclassificationaftertax": 9593000,
        "othercomprehensiveincomelosscashflowhedgegainlossreclassificationaftertax": 4311000,
        "othercomprehensiveincomelosscashflowhedgegainlossafterreclassificationandtax": 5282000,
        "othercomprehensiveincomeunrealizedholdinggainlossonsecuritiesarisingduringperiodnetoftax": -431000,
        "othercomprehensiveincomelossreclassificationadjustmentfromaociforsaleofsecuritiesnetoftax": -59000,
        "othercomprehensiveincomelossavailableforsalesecuritiesadjustmentnetoftax": -372000,
        "othercomprehensiveincomedefinedbenefitplansnetunamortizedgainlossarisingduringperiodnetoftax": 92000,
        "othercomprehensiveincomelossnetoftax": -831000,
        "comprehensiveincomenetoftax": 1143826000
    },
    {
        "date": "2021-03-27",
        "symbol": "LRCX",
        "period": "Q3",
        "revenuefromcontractwithcustomerexcludingassessedtax": 3847654000,
        "costofgoodsandservicessold": 2067523000,
        "grossprofit": 1780131000,
        "researchanddevelopmentexpense": 381120000,
        "sellinggeneralandadministrativeexpense": 203703000,
        "operatingexpenses": 584823000,
        "operatingincomeloss": 1195308000,
        "othernonoperatingincomeexpense": -35320000,
        "incomelossfromcontinuingoperationsbeforeincometaxesextraordinaryitemsnoncontrollinginterest": 1159988000,
        "incometaxexpensebenefit": 88867000,
        "netincomeloss": 1071121000,
        "earningspersharebasic": 7.51,
        "earningspersharediluted": 7.41,
        "weightedaveragenumberofsharesoutstandingbasic": 142676000,
        "weightedaveragenumberofdilutedsharesoutstanding": 144609000,
        "othercomprehensiveincomelossforeigncurrencytransactionandtranslationadjustmentnetoftax": -13701000,
        "othercomprehensiveincomelosscashflowhedgegainlossbeforereclassificationaftertax": 8024000,
        "othercomprehensiveincomelosscashflowhedgegainlossreclassificationaftertax": 207000,
        "othercomprehensiveincomelosscashflowhedgegainlossafterreclassificationandtax": 7817000,
        "othercomprehensiveincomeunrealizedholdinggainlossonsecuritiesarisingduringperiodnetoftax": -1623000,
        "othercomprehensiveincomelossreclassificationadjustmentfromaociforsaleofsecuritiesnetoftax": -162000,
        "othercomprehensiveincomelossavailableforsalesecuritiesadjustmentnetoftax": -1461000,
        "othercomprehensiveincomedefinedbenefitplansnetunamortizedgainlossarisingduringperiodnetoftax": 174000,
        "othercomprehensiveincomelossnetoftax": -7171000,
        "comprehensiveincomenetoftax": 1063950000
    },
    {
        "date": "2020-12-26",
        "symbol": "LRCX",
        "period": "Q2",
        "revenuefromcontractwithcustomerexcludingassessedtax": 3456237000,
        "costofgoodsandservicessold": 1852442000,
        "grossprofit": 1603795000,
        "researchanddevelopmentexpense": 375172000,
        "sellinggeneralandadministrativeexpense": 218899000,
        "operatingexpenses": 594071000,
        "operatingincomeloss": 1009724000,
        "othernonoperatingincomeexpense": -29941000,
        "incomelossfromcontinuingoperationsbeforeincometaxesextraordinaryitemsnoncontrollinginterest": 979783000,
        "incometaxexpensebenefit": 110554000,
        "netincomeloss": 869229000,
        "earningspersharebasic": 6.04,
        "earningspersharediluted": 5.96,
        "weightedaveragenumberofsharesoutstandingbasic": 143830000,
        "weightedaveragenumberofdilutedsharesoutstanding": 145910000,
        "othercomprehensiveincomelossforeigncurrencytransactionandtranslationadjustmentnetoftax": 21808000,
        "othercomprehensiveincomelosscashflowhedgegainlossbeforereclassificationaftertax": 4872000,
        "othercomprehensiveincomelosscashflowhedgegainlossreclassificationaftertax": -283000,
        "othercomprehensiveincomelosscashflowhedgegainlossafterreclassificationandtax": 5155000,
        "othercomprehensiveincomeunrealizedholdinggainlossonsecuritiesarisingduringperiodnetoftax": -644000,
        "othercomprehensiveincomelossreclassificationadjustmentfromaociforsaleofsecuritiesnetoftax": -163000,
        "othercomprehensiveincomelossavailableforsalesecuritiesadjustmentnetoftax": -481000,
        "othercomprehensiveincomedefinedbenefitplansnetunamortizedgainlossarisingduringperiodnetoftax": 64000,
        "othercomprehensiveincomelossnetoftax": 26546000,
        "comprehensiveincomenetoftax": 895775000
    },
    {
        "date": "2020-09-26",
        "symbol": "LRCX",
        "period": "Q1",
        "revenuefromcontractwithcustomerexcludingassessedtax": 3177080000,
        "costofgoodsandservicessold": 1670901000,
        "grossprofit": 1506179000,
        "researchanddevelopmentexpense": 355367000,
        "sellinggeneralandadministrativeexpense": 189748000,
        "operatingexpenses": 545115000,
        "operatingincomeloss": 961064000,
        "othernonoperatingincomeexpense": -38792000,
        "incomelossfromcontinuingoperationsbeforeincometaxesextraordinaryitemsnoncontrollinginterest": 922272000,
        "incometaxexpensebenefit": 98821000,
        "netincomeloss": 823451000,
        "earningspersharebasic": 5.67,
        "earningspersharediluted": 5.59,
        "weightedaveragenumberofsharesoutstandingbasic": 145267000,
        "weightedaveragenumberofdilutedsharesoutstanding": 147248000,
        "othercomprehensiveincomelossforeigncurrencytransactionandtranslationadjustmentnetoftax": 12124000,
        "othercomprehensiveincomelosscashflowhedgegainlossbeforereclassificationaftertax": -350000,
        "othercomprehensiveincomelosscashflowhedgegainlossreclassificationaftertax": -767000,
        "othercomprehensiveincomelosscashflowhedgegainlossafterreclassificationandtax": 417000,
        "othercomprehensiveincomeunrealizedholdinggainlossonsecuritiesarisingduringperiodnetoftax": -1400000,
        "othercomprehensiveincomelossreclassificationadjustmentfromaociforsaleofsecuritiesnetoftax": -402000,
        "othercomprehensiveincomelossavailableforsalesecuritiesadjustmentnetoftax": -998000,
        "othercomprehensiveincomedefinedbenefitplansnetunamortizedgainlossarisingduringperiodnetoftax": -4000,
        "othercomprehensiveincomelossnetoftax": 11539000,
        "comprehensiveincomenetoftax": 834990000
    },
    {
        "date": "2020-06-27",
        "symbol": "LRCX",
        "period": "Q4",
        "netincomeloss": 696673000,
        "othercomprehensiveincomelossforeigncurrencytransactionandtranslationadjustmentnetoftax": 12971000,
        "othercomprehensiveincomelosscashflowhedgegainlossbeforereclassificationaftertax": -4535000,
        "othercomprehensiveincomelosscashflowhedgegainlossreclassificationaftertax": -327000,
        "othercomprehensiveincomelosscashflowhedgegainlossafterreclassificationandtax": -4208000,
        "othercomprehensiveincomeunrealizedholdinggainlossonsecuritiesarisingduringperiodnetoftax": 8684000,
        "othercomprehensiveincomelossreclassificationadjustmentfromaociforsaleofsecuritiesnetoftax": 75000,
        "othercomprehensiveincomelossavailableforsalesecuritiesadjustmentnetoftax": 8609000,
        "othercomprehensiveincomedefinedbenefitplansnetunamortizedgainlossarisingduringperiodnetoftax": 1093000,
        "othercomprehensiveincomelossnetoftax": 18465000,
        "comprehensiveincomenetoftax": 715138000,
        "revenuefromcontractwithcustomerexcludingassessedtax": 2791864000,
        "costofgoodsandservicessold": 1511532000,
        "grossprofit": 1280332000,
        "researchanddevelopmentexpense": 338810000,
        "sellinggeneralandadministrativeexpense": 185800000,
        "operatingexpenses": 524610000,
        "operatingincomeloss": 755722000,
        "incometaxexpensebenefit": 51496000,
        "earningspersharebasic": 4.799999999999999,
        "earningspersharediluted": 4.699999999999999,
        "weightedaveragenumberofsharesoutstandingbasic": -289147000,
        "weightedaveragenumberofdilutedsharesoutstanding": -299854000
    },
    {
        "date": "2020-03-28",
        "symbol": "LRCX",
        "period": "Q3",
        "netincomeloss": 574781000,
        "othercomprehensiveincomelossforeigncurrencytransactionandtranslationadjustmentnetoftax": -18225000,
        "othercomprehensiveincomelosscashflowhedgegainlossbeforereclassificationaftertax": -29456000,
        "othercomprehensiveincomelosscashflowhedgegainlossreclassificationaftertax": 924000,
        "othercomprehensiveincomelosscashflowhedgegainlossafterreclassificationandtax": -30380000,
        "othercomprehensiveincomeunrealizedholdinggainlossonsecuritiesarisingduringperiodnetoftax": -4129000,
        "othercomprehensiveincomelossreclassificationadjustmentfromaociforsaleofsecuritiesnetoftax": -27000,
        "othercomprehensiveincomelossavailableforsalesecuritiesadjustmentnetoftax": -4102000,
        "othercomprehensiveincomedefinedbenefitplansnetunamortizedgainlossarisingduringperiodnetoftax": 278000,
        "othercomprehensiveincomelossnetoftax": -52429000,
        "comprehensiveincomenetoftax": 522352000,
        "revenuefromcontractwithcustomerexcludingassessedtax": 2503625000,
        "costofgoodsandservicessold": 1336618000,
        "grossprofit": 1167007000,
        "researchanddevelopmentexpense": 307914000,
        "sellinggeneralandadministrativeexpense": 164979000,
        "operatingexpenses": 472893000,
        "operatingincomeloss": 694114000,
        "othernonoperatingincomeexpense": -64619000,
        "incomelossfromcontinuingoperationsbeforeincometaxesextraordinaryitemsnoncontrollinginterest": 629495000,
        "incometaxexpensebenefit": 54714000,
        "earningspersharebasic": 3.96,
        "earningspersharediluted": 3.88,
        "weightedaveragenumberofsharesoutstandingbasic": 145301000,
        "weightedaveragenumberofdilutedsharesoutstanding": 148165000
    },
    {
        "date": "2019-12-28",
        "symbol": "LRCX",
        "period": "Q2",
        "netincomeloss": 514510000,
        "othercomprehensiveincomelossforeigncurrencytransactionandtranslationadjustmentnetoftax": 7511000,
        "othercomprehensiveincomelosscashflowhedgegainlossbeforereclassificationaftertax": 4079000,
        "othercomprehensiveincomelosscashflowhedgegainlossreclassificationaftertax": -1384000,
        "othercomprehensiveincomelosscashflowhedgegainlossafterreclassificationandtax": 5463000,
        "othercomprehensiveincomeunrealizedholdinggainlossonsecuritiesarisingduringperiodnetoftax": -1713000,
        "othercomprehensiveincomelossreclassificationadjustmentfromaociforsaleofsecuritiesnetoftax": -593000,
        "othercomprehensiveincomelossavailableforsalesecuritiesadjustmentnetoftax": -1120000,
        "othercomprehensiveincomedefinedbenefitplansnetunamortizedgainlossarisingduringperiodnetoftax": 459000,
        "othercomprehensiveincomelossnetoftax": 12313000,
        "comprehensiveincomenetoftax": 526823000,
        "revenuefromcontractwithcustomerexcludingassessedtax": 2583501000,
        "costofgoodsandservicessold": 1403857000,
        "grossprofit": 1179644000,
        "researchanddevelopmentexpense": 318861000,
        "sellinggeneralandadministrativeexpense": 174272000,
        "operatingexpenses": 493133000,
        "operatingincomeloss": 686511000,
        "othernonoperatingexpense": 13924000,
        "incomelossfromcontinuingoperationsbeforeincometaxesextraordinaryitemsnoncontrollinginterest": 672587000,
        "incometaxexpensebenefit": 158077000,
        "earningspersharebasic": 3.57,
        "earningspersharediluted": 3.43,
        "weightedaveragenumberofsharesoutstandingbasic": 143987000,
        "weightedaveragenumberofdilutedsharesoutstanding": 150097000
    },
    {
        "date": "2019-09-28",
        "symbol": "LRCX",
        "period": "Q1",
        "netincomeloss": 465789000,
        "othercomprehensiveincomelossforeigncurrencytransactionandtranslationadjustmentnetoftax": -8698000,
        "othercomprehensiveincomelosscashflowhedgegainlossbeforereclassificationaftertax": -691000,
        "othercomprehensiveincomelosscashflowhedgegainlossreclassificationaftertax": -1350000,
        "othercomprehensiveincomelosscashflowhedgegainlossafterreclassificationandtax": 659000,
        "othercomprehensiveincomeunrealizedholdinggainlossonsecuritiesarisingduringperiodnetoftax": -1000000,
        "othercomprehensiveincomelossreclassificationadjustmentfromaociforsaleofsecuritiesnetoftax": -390000,
        "othercomprehensiveincomelossavailableforsalesecuritiesadjustmentnetoftax": -610000,
        "othercomprehensiveincomedefinedbenefitplansnetunamortizedgainlossarisingduringperiodnetoftax": 119000,
        "othercomprehensiveincomelossnetoftax": -8530000,
        "comprehensiveincomenetoftax": 457259000,
        "revenuefromcontractwithcustomerexcludingassessedtax": 2165746000,
        "costofgoodsandservicessold": 1184036000,
        "grossprofit": 981710000,
        "researchanddevelopmentexpense": 286827000,
        "sellinggeneralandadministrativeexpense": 157428000,
        "operatingexpenses": 444255000,
        "operatingincomeloss": 537455000,
        "othernonoperatingexpense": 12728000,
        "incomelossfromcontinuingoperationsbeforeincometaxesextraordinaryitemsnoncontrollinginterest": 524727000,
        "incometaxexpensebenefit": 58938000,
        "earningspersharebasic": 3.22,
        "earningspersharediluted": 3.09,
        "weightedaveragenumberofsharesoutstandingbasic": 144673000,
        "weightedaveragenumberofdilutedsharesoutstanding": 150682000
    },
    {
        "date": "2019-06-29",
        "symbol": "LRCX",
        "period": "Q4",
        "netincomeloss": 541825000,
        "othercomprehensiveincomelossforeigncurrencytransactionandtranslationadjustmentnetoftax": 197000,
        "othercomprehensiveincomeunrealizedholdinggainlossonsecuritiesarisingduringperiodnetoftax": 2094000,
        "othercomprehensiveincomelossreclassificationadjustmentfromaociforsaleofsecuritiesnetoftax": -2000,
        "othercomprehensiveincomelossavailableforsalesecuritiesadjustmentnetoftax": 2096000,
        "othercomprehensiveincomedefinedbenefitplansnetunamortizedgainlossarisingduringperiodnetoftax": -1829000,
        "othercomprehensiveincomelossnetoftax": -1370000,
        "comprehensiveincomenetoftax": 540455000,
        "revenuefromcontractwithcustomerexcludingassessedtax": 2361147000,
        "costofgoodsandservicessold": 1280256000,
        "grossprofit": 1080891000,
        "researchanddevelopmentexpense": 295578000,
        "sellinggeneralandadministrativeexpense": 168228000,
        "operatingexpenses": 463806000,
        "operatingincomeloss": 617085000,
        "othernonoperatingincomeexpense": -7667000,
        "incometaxexpensebenefit": 67593000,
        "earningspersharebasic": 3.65,
        "earningspersharediluted": 3.489999999999999,
        "weightedaveragenumberofsharesoutstandingbasic": -309403000,
        "weightedaveragenumberofdilutedsharesoutstanding": -325431000
    },
    {
        "date": "2019-03-30",
        "symbol": "LRCX",
        "period": "Q3",
        "netincomeloss": 547390000,
        "othercomprehensiveincomelossforeigncurrencytransactionandtranslationadjustmentnetoftax": 6684000,
        "othercomprehensiveincomelosscashflowhedgegainlossbeforereclassificationaftertax": -7950000,
        "othercomprehensiveincomelosscashflowhedgegainlossreclassificationaftertax": -2086000,
        "othercomprehensiveincomelosscashflowhedgegainlossafterreclassificationandtax": -5864000,
        "othercomprehensiveincomeunrealizedholdinggainlossonsecuritiesarisingduringperiodnetoftax": 1143000,
        "othercomprehensiveincomelossreclassificationadjustmentfromaociforsaleofsecuritiesnetoftax": 147000,
        "othercomprehensiveincomelossavailableforsalesecuritiesadjustmentnetoftax": 996000,
        "othercomprehensiveincomedefinedbenefitplansnetunamortizedgainlossarisingduringperiodnetoftax": 216000,
        "othercomprehensiveincomelossnetoftax": 2032000,
        "comprehensiveincomenetoftax": 549422000,
        "revenuefromcontractwithcustomerexcludingassessedtax": 2439048000,
        "costofgoodsandservicessold": 1364711000,
        "grossprofit": 1074337000,
        "researchanddevelopmentexpense": 318514000,
        "sellinggeneralandadministrativeexpense": 190306000,
        "operatingexpenses": 508820000,
        "operatingincomeloss": 565517000,
        "othernonoperatingincomeexpense": 20532000,
        "incomelossfromcontinuingoperationsbeforeincometaxesextraordinaryitemsnoncontrollinginterest": 586049000,
        "incometaxexpensebenefit": 38659000,
        "earningspersharebasic": 3.62,
        "earningspersharediluted": 3.47,
        "weightedaveragenumberofsharesoutstandingbasic": 151201000,
        "weightedaveragenumberofdilutedsharesoutstanding": 157849000
    },
    {
        "date": "2018-12-22",
        "symbol": "LRCX",
        "period": "Q2",
        "netincomeloss": 568855000,
        "othercomprehensiveincomelossforeigncurrencytransactionandtranslationadjustmentnetoftax": -7268000,
        "othercomprehensiveincomelosscashflowhedgegainlossbeforereclassificationaftertax": 5122000,
        "othercomprehensiveincomelosscashflowhedgegainlossreclassificationaftertax": 5726000,
        "othercomprehensiveincomelosscashflowhedgegainlossafterreclassificationandtax": -604000,
        "othercomprehensiveincomeunrealizedholdinggainlossonsecuritiesarisingduringperiodnetoftax": 585000,
        "othercomprehensiveincomelossreclassificationadjustmentfromaociforsaleofsecuritiesnetoftax": 51000,
        "othercomprehensiveincomelossavailableforsalesecuritiesadjustmentnetoftax": 534000,
        "othercomprehensiveincomedefinedbenefitplansnetunamortizedgainlossarisingduringperiodnetoftax": 375000,
        "othercomprehensiveincomelossnetoftax": -6963000,
        "comprehensiveincomenetoftax": 561892000,
        "revenuefromcontractwithcustomerexcludingassessedtax": 2522673000,
        "costofgoodsandservicessold": 1377640000,
        "grossprofit": 1145033000,
        "researchanddevelopmentexpense": 285556000,
        "sellinggeneralandadministrativeexpense": 169098000,
        "operatingexpenses": 454654000,
        "operatingincomeloss": 690379000,
        "othernonoperatingincomeexpense": -30649000,
        "incomelossfromcontinuingoperationsbeforeincometaxesextraordinaryitemsnoncontrollinginterest": 659730000,
        "incometaxexpensebenefit": 90875000,
        "earningspersharebasic": 3.67,
        "earningspersharediluted": 3.51,
        "weightedaveragenumberofsharesoutstandingbasic": 155022000,
        "weightedaveragenumberofdilutedsharesoutstanding": 162170000
    },
    {
        "date": "2018-09-22",
        "symbol": "LRCX",
        "period": "Q1",
        "netincomeloss": 533360000,
        "othercomprehensiveincomelossforeigncurrencytransactionandtranslationadjustmentnetoftax": -6261000,
        "othercomprehensiveincomeunrealizedgainlossonderivativesarisingduringperiodnetoftax": 6866000,
        "othercomprehensiveincomelossreclassificationadjustmentfromaocionderivativesnetoftax": -1148000,
        "othercomprehensiveincomelossderivativesqualifyingashedgesnetoftax": 8014000,
        "othercomprehensiveincomeunrealizedholdinggainlossonsecuritiesarisingduringperiodnetoftax": -287000,
        "othercomprehensiveincomelossreclassificationadjustmentfromaociforsaleofsecuritiesnetoftax": 3000,
        "othercomprehensiveincomelossavailableforsalesecuritiesadjustmentnetoftax": -290000,
        "othercomprehensiveincomedefinedbenefitplansnetunamortizedgainlossarisingduringperiodnetoftax": -1743000,
        "othercomprehensiveincomelossnetoftax": -280000,
        "comprehensiveincomenetoftax": 533080000,
        "revenuefromcontractwithcustomerexcludingassessedtax": 2330691000,
        "costofgoodsandservicessold": 1272493000,
        "grossprofit": 1058198000,
        "researchanddevelopmentexpense": 291672000,
        "sellinggeneralandadministrativeexpense": 174775000,
        "operatingexpenses": 466447000,
        "operatingincomeloss": 591751000,
        "othernonoperatingincomeexpense": -377000,
        "incomelossfromcontinuingoperationsbeforeincometaxesextraordinaryitemsnoncontrollinginterest": 591374000,
        "incometaxexpensebenefit": 58014000,
        "earningspersharebasic": 3.43,
        "earningspersharediluted": 3.23,
        "weightedaveragenumberofsharesoutstandingbasic": 155658000,
        "weightedaveragenumberofdilutedsharesoutstanding": 165327000
    },
    {
        "date": "2018-06-23",
        "symbol": "LRCX",
        "period": "Q4",
        "netincomeloss": 1021146000,
        "othercomprehensiveincomelossforeigncurrencytransactionandtranslationadjustmentnetoftax": -15656000,
        "othercomprehensiveincomeunrealizedgainlossonderivativesarisingduringperiodnetoftax": 19664000,
        "othercomprehensiveincomelossreclassificationadjustmentfromaocionderivativesnetoftax": -1710000,
        "othercomprehensiveincomelossderivativesqualifyingashedgesnetoftax": 21374000,
        "othercomprehensiveincomeunrealizedholdinggainlossonsecuritiesarisingduringperiodnetoftax": 90000,
        "othercomprehensiveincomelossreclassificationadjustmentfromaociforsaleofsecuritiesnetoftax": -16000,
        "othercomprehensiveincomelossavailableforsalesecuritiesadjustmentnetoftax": 106000,
        "othercomprehensiveincomedefinedbenefitplansnetunamortizedgainlossarisingduringperiodnetoftax": 2158000,
        "othercomprehensiveincomelossnetoftax": 14424000,
        "comprehensiveincomenetoftax": 1029128000,
        "salesrevenuenet": -4892358000,
        "costofgoodsandservicessold": -2941720000,
        "grossprofit": 1479408000,
        "researchanddevelopmentexpense": 327713000,
        "sellinggeneralandadministrativeexpense": -387207000,
        "operatingexpenses": 524213000,
        "operatingincomeloss": 955195000,
        "othernonoperatingincomeexpense": 58896000,
        "incometaxexpensebenefit": -62967000,
        "earningspersharebasic": 6.35,
        "earningspersharediluted": 5.69,
        "weightedaveragenumberofsharesoutstandingbasic": -324011000,
        "weightedaveragenumberofdilutedsharesoutstanding": -344012000
    },
    {
        "date": "2018-03-24",
        "symbol": "LRCX",
        "period": "Q3",
        "netincomeloss": 778800000,
        "othercomprehensiveincomelossforeigncurrencytransactionandtranslationadjustmentnetoftax": 12197000,
        "othercomprehensiveincomeunrealizedgainlossonderivativesarisingduringperiodnetoftax": -36616000,
        "othercomprehensiveincomelossreclassificationadjustmentfromaocionderivativesnetoftax": -5290000,
        "othercomprehensiveincomelossderivativesqualifyingashedgesnetoftax": -31326000,
        "othercomprehensiveincomeunrealizedholdinggainlossonsecuritiesarisingduringperiodnetoftax": -25406000,
        "othercomprehensiveincomelossreclassificationadjustmentfromaociforsaleofsecuritiesnetoftax": -43109000,
        "othercomprehensiveincomelossavailableforsalesecuritiesadjustmentnetoftax": 17703000,
        "othercomprehensiveincomedefinedbenefitplansnetunamortizedgainlossarisingduringperiodnetoftax": 155000,
        "othercomprehensiveincomelossnetoftax": -1271000,
        "comprehensiveincomenetoftax": 777529000,
        "salesrevenuenet": 2892115000,
        "costofgoodsandservicessold": 1561401000,
        "grossprofit": 1330714000,
        "researchanddevelopmentexpense": 305412000,
        "sellinggeneralandadministrativeexpense": 197791000,
        "operatingexpenses": 503203000,
        "operatingincomeloss": 827511000,
        "othernonoperatingincomeexpense": -55810000,
        "incomelossfromcontinuingoperationsbeforeincometaxesextraordinaryitemsnoncontrollinginterest": 771701000,
        "incometaxexpensebenefit": -7099000,
        "earningspersharebasic": 4.8,
        "earningspersharediluted": 4.33,
        "weightedaveragenumberofsharesoutstandingbasic": 162378000,
        "weightedaveragenumberofdilutedsharesoutstanding": 179779000,
        "commonstockdividendspersharedeclared": 0.5
    },
    {
        "date": "2017-12-23",
        "symbol": "LRCX",
        "period": "Q2",
        "netincomeloss": -9955000,
        "othercomprehensiveincomelossforeigncurrencytransactionandtranslationadjustmentnetoftax": 5239000,
        "othercomprehensiveincomeunrealizedgainlossonderivativesarisingduringperiodnetoftax": 6930000,
        "othercomprehensiveincomelossreclassificationadjustmentfromaocionderivativesnetoftax": 5459000,
        "othercomprehensiveincomelossderivativesqualifyingashedgesnetoftax": 1471000,
        "othercomprehensiveincomeunrealizedholdinggainlossonsecuritiesarisingduringperiodnetoftax": -18339000,
        "othercomprehensiveincomelossreclassificationadjustmentfromaociforsaleofsecuritiesnetoftax": -84000,
        "othercomprehensiveincomelossavailableforsalesecuritiesadjustmentnetoftax": -18255000,
        "othercomprehensiveincomedefinedbenefitplansnetunamortizedgainlossarisingduringperiodnetoftax": 172000,
        "othercomprehensiveincomelossnetoftax": -11373000,
        "comprehensiveincomenetoftax": -21328000,
        "salesrevenuenet": 2580815000,
        "costofgoodsandservicessold": 1375248000,
        "grossprofit": 1205567000,
        "researchanddevelopmentexpense": 281311000,
        "sellinggeneralandadministrativeexpense": 186885000,
        "operatingexpenses": 468196000,
        "operatingincomeloss": 737371000,
        "othernonoperatingincomeexpense": -3152000,
        "incomelossfromcontinuingoperationsbeforeincometaxesextraordinaryitemsnoncontrollinginterest": 734219000,
        "incometaxexpensebenefit": 744174000,
        "earningspersharebasic": -0.06,
        "earningspersharediluted": -0.06,
        "weightedaveragenumberofsharesoutstandingbasic": 161135000,
        "weightedaveragenumberofdilutedsharesoutstanding": 161135000,
        "commonstockdividendspersharedeclared": 0.5
    },
    {
        "date": "2017-09-23",
        "symbol": "LRCX",
        "period": "Q1",
        "netincomeloss": 590690000,
        "othercomprehensiveincomelossforeigncurrencytransactionandtranslationadjustmentnetoftax": 7869000,
        "othercomprehensiveincomeunrealizedgainlossonderivativesarisingduringperiodnetoftax": 3062000,
        "othercomprehensiveincomelossreclassificationadjustmentfromaocionderivativesnetoftax": -2188000,
        "othercomprehensiveincomelossderivativesqualifyingashedgesnetoftax": 5250000,
        "othercomprehensiveincomeunrealizedholdinggainlossonsecuritiesarisingduringperiodnetoftax": -1727000,
        "othercomprehensiveincomelossreclassificationadjustmentfromaociforsaleofsecuritiesnetoftax": 123000,
        "othercomprehensiveincomelossavailableforsalesecuritiesadjustmentnetoftax": -1850000,
        "othercomprehensiveincomedefinedbenefitplansnetunamortizedgainlossarisingduringperiodnetoftax": -2356000,
        "othercomprehensiveincomelossnetoftax": 7869000,
        "comprehensiveincomenetoftax": 599603000,
        "salesrevenuenet": -3383000,
        "costofgoodsandservicessold": 678000,
        "grossprofit": 1149343000,
        "researchanddevelopmentexpense": 275078000,
        "sellinggeneralandadministrativeexpense": 537000,
        "operatingexpenses": 456121000,
        "operatingincomeloss": 693222000,
        "othernonoperatingincomeexpense": -20000,
        "incomelossfromcontinuingoperationsbeforeincometaxesextraordinaryitemsnoncontrollinginterest": 687720000,
        "incometaxexpensebenefit": 97000000,
        "earningspersharebasic": 3.64,
        "earningspersharediluted": 3.21,
        "weightedaveragenumberofsharesoutstandingbasic": 162141000,
        "weightedaveragenumberofdilutedsharesoutstanding": 183880000,
        "commonstockdividendspersharedeclared": 0.45
    },
    {
        "date": "2017-06-24",
        "symbol": "LRCX",
        "period": "Q4",
        "netincomeloss": 526424000,
        "othercomprehensiveincomelossforeigncurrencytransactionandtranslationadjustmentnetoftax": 436000,
        "othercomprehensiveincomeunrealizedgainlossonderivativesarisingduringperiodnetoftax": 5515000,
        "othercomprehensiveincomelossreclassificationadjustmentfromaocionderivativesnetoftax": -2427000,
        "othercomprehensiveincomelossderivativesqualifyingashedgesnetoftax": 7942000,
        "othercomprehensiveincomeunrealizedholdinggainlossonsecuritiesarisingduringperiodnetoftax": 6924000,
        "othercomprehensiveincomelossreclassificationadjustmentfromaociforsaleofsecuritiesnetoftax": 485000,
        "othercomprehensiveincomelossavailableforsalesecuritiesadjustmentnetoftax": 6439000,
        "othercomprehensiveincomedefinedbenefitplansnetunamortizedgainlossarisingduringperiodnetoftax": -915000,
        "othercomprehensiveincomelossnetoftax": 11258000,
        "comprehensiveincomenetoftax": 540326000,
        "salesrevenuenet": -3683556000,
        "costofgoodsandservicessold": -2218486000,
        "grossprofit": 1068961000,
        "researchanddevelopmentexpense": 285712000,
        "sellinggeneralandadministrativeexpense": -327230000,
        "operatingexpenses": 461022000,
        "operatingincomeloss": 607939000,
        "othernonoperatingincomeexpense": 63956000,
        "incometaxexpensebenefit": 76996000,
        "earningspersharebasic": 3.2600000000000016,
        "earningspersharediluted": 2.8600000000000003,
        "weightedaveragenumberofsharesoutstandingbasic": -324452000,
        "weightedaveragenumberofdilutedsharesoutstanding": -364884000
    },
    {
        "date": "2017-03-25",
        "symbol": "LRCX",
        "period": "Q3",
        "netincomeloss": 574713000,
        "othercomprehensiveincomelossforeigncurrencytransactionandtranslationadjustmentnetoftax": 6648000,
        "othercomprehensiveincomeunrealizedgainlossonderivativesarisingduringperiodnetoftax": -12478000,
        "othercomprehensiveincomelossreclassificationadjustmentfromaocionderivativesnetoftax": 4904000,
        "othercomprehensiveincomelossderivativesqualifyingashedgesnetoftax": -17382000,
        "othercomprehensiveincomeunrealizedholdinggainlossonsecuritiesarisingduringperiodnetoftax": 5595000,
        "othercomprehensiveincomelossreclassificationadjustmentfromaociforsaleofsecuritiesnetoftax": 510000,
        "othercomprehensiveincomelossavailableforsalesecuritiesadjustmentnetoftax": 5085000,
        "othercomprehensiveincomedefinedbenefitplansnetunamortizedgainlossarisingduringperiodnetoftax": 124000,
        "othercomprehensiveincomelossnetoftax": -5525000,
        "comprehensiveincomenetoftax": 569188000,
        "salesrevenuenet": 2153995000,
        "costofgoodsandservicessold": 1182591000,
        "grossprofit": 971404000,
        "researchanddevelopmentexpense": 265986000,
        "sellinggeneralandadministrativeexpense": 167000000,
        "operatingexpenses": 432986000,
        "operatingincomeloss": 538418000,
        "othernonoperatingincomeexpense": -7838000,
        "incomelossfromcontinuingoperationsbeforeincometaxesextraordinaryitemsnoncontrollinginterest": 530580000,
        "incometaxexpensebenefit": -44100000,
        "earningspersharebasic": 3.52,
        "earningspersharediluted": 3.1,
        "weightedaveragenumberofsharesoutstandingbasic": 163408000,
        "weightedaveragenumberofdilutedsharesoutstanding": 185094000,
        "commonstockdividendspersharedeclared": 0.45
    },
    {
        "date": "2016-12-24",
        "symbol": "LRCX",
        "period": "Q2",
        "netincomeloss": 332791000,
        "othercomprehensiveincomelossforeigncurrencytransactionandtranslationadjustmentnetoftax": -14428000,
        "othercomprehensiveincomeunrealizedgainlossonderivativesarisingduringperiodnetoftax": 15225000,
        "othercomprehensiveincomelossreclassificationadjustmentfromaocionderivativesnetoftax": 502000,
        "othercomprehensiveincomelossderivativesqualifyingashedgesnetoftax": 14723000,
        "othercomprehensiveincomeunrealizedholdinggainlossonsecuritiesarisingduringperiodnetoftax": -13585000,
        "othercomprehensiveincomelossreclassificationadjustmentfromaociforsaleofsecuritiesnetoftax": -91000,
        "othercomprehensiveincomelossavailableforsalesecuritiesadjustmentnetoftax": -13494000,
        "othercomprehensiveincomedefinedbenefitplansnetunamortizedgainlossarisingduringperiodnetoftax": 122000,
        "othercomprehensiveincomelossnetoftax": -13077000,
        "comprehensiveincomenetoftax": 319714000,
        "salesrevenuenet": 1882299000,
        "costofgoodsandservicessold": 1035502000,
        "grossprofit": 846797000,
        "researchanddevelopmentexpense": 246804000,
        "sellinggeneralandadministrativeexpense": 160165000,
        "operatingexpenses": 406969000,
        "operatingincomeloss": 439828000,
        "othernonoperatingincomeexpense": -55023000,
        "incomelossfromcontinuingoperationsbeforeincometaxesextraordinaryitemsnoncontrollinginterest": 384805000,
        "incometaxexpensebenefit": 52014000,
        "earningspersharebasic": 2.05,
        "earningspersharediluted": 1.81,
        "weightedaveragenumberofsharesoutstandingbasic": 162659000,
        "weightedaveragenumberofdilutedsharesoutstanding": 183543000,
        "commonstockdividendspersharedeclared": 0.45
    },
    {
        "date": "2016-09-24",
        "symbol": "LRCX",
        "period": "Q1",
        "netincomeloss": 263835000,
        "othercomprehensiveincomelossforeigncurrencytransactionandtranslationadjustmentnetoftax": 4501000,
        "othercomprehensiveincomeunrealizedgainlossonderivativesarisingduringperiodnetoftax": -2421000,
        "othercomprehensiveincomelossreclassificationadjustmentfromaocionderivativesnetoftax": -11950000,
        "othercomprehensiveincomelossderivativesqualifyingashedgesnetoftax": 9529000,
        "othercomprehensiveincomeunrealizedholdinggainlossonsecuritiesarisingduringperiodnetoftax": -2723000,
        "othercomprehensiveincomelossreclassificationadjustmentfromaociforsaleofsecuritiesnetoftax": -903000,
        "othercomprehensiveincomelossavailableforsalesecuritiesadjustmentnetoftax": -1820000,
        "othercomprehensiveincomedefinedbenefitplansnetunamortizedgainlossarisingduringperiodnetoftax": 123000,
        "othercomprehensiveincomelossnetoftax": 4501000,
        "comprehensiveincomenetoftax": 276168000,
        "salesrevenuenet": -12094000,
        "costofgoodsandservicessold": -147000,
        "grossprofit": 716197000,
        "researchanddevelopmentexpense": 235240000,
        "sellinggeneralandadministrativeexpense": 9000,
        "operatingexpenses": 400250000,
        "operatingincomeloss": 315947000,
        "othernonoperatingincomeexpense": 6000,
        "incomelossfromcontinuingoperationsbeforeincometaxesextraordinaryitemsnoncontrollinginterest": 292793000,
        "incometaxexpensebenefit": 29000000,
        "earningspersharebasic": 1.64,
        "earningspersharediluted": 1.47,
        "weightedaveragenumberofsharesoutstandingbasic": 160607000,
        "weightedaveragenumberofdilutedsharesoutstanding": 180017000,
        "commonstockdividendspersharedeclared": 0.3
    },
    {
        "date": "2016-06-25",
        "symbol": "LRCX",
        "period": "Q4",
        "netincomeloss": 258939000,
        "othercomprehensiveincomelossforeigncurrencytransactionandtranslationadjustmentnetoftax": -625000,
        "othercomprehensiveincomeunrealizedgainlossonderivativesarisingduringperiodnetoftax": -19273000,
        "othercomprehensiveincomelossreclassificationadjustmentfromaocionderivativesnetoftax": -4509000,
        "othercomprehensiveincomelossderivativesqualifyingashedgesnetoftax": -14764000,
        "othercomprehensiveincomeunrealizedholdinggainlossonsecuritiesarisingduringperiodnetoftax": 5308000,
        "othercomprehensiveincomelossreclassificationadjustmentfromaociforsaleofsecuritiesnetoftax": 19000,
        "othercomprehensiveincomelossavailableforsalesecuritiesadjustmentnetoftax": 5289000,
        "othercomprehensiveincomedefinedbenefitplansnetunamortizedgainlossarisingduringperiodnetoftax": -3343000,
        "othercomprehensiveincomelossnetoftax": -3649000,
        "comprehensiveincomenetoftax": 245496000,
        "salesrevenuenet": -2521420000,
        "costofgoodsandservicessold": -1545237000,
        "grossprofit": 698784000,
        "researchanddevelopmentexpense": 237255000,
        "sellinggeneralandadministrativeexpense": 304819000,
        "operatingexpenses": 389543000,
        "operatingincomeloss": 309241000,
        "othernonoperatingincomeexpense": 60055000,
        "incometaxexpensebenefit": 23053000,
        "earningspersharebasic": 1.6199999999999994,
        "earningspersharediluted": 1.4599999999999993,
        "weightedaveragenumberofsharesoutstandingbasic": -316896000,
        "weightedaveragenumberofdilutedsharesoutstanding": -347830000
    },
    {
        "date": "2016-03-26",
        "symbol": "LRCX",
        "period": "Q3",
        "netincomeloss": 143451000,
        "othercomprehensiveincomelossforeigncurrencytransactionandtranslationadjustmentnetoftax": 5066000,
        "othercomprehensiveincomeunrealizedgainlossonderivativesarisingduringperiodnetoftax": -1611000,
        "othercomprehensiveincomelossreclassificationadjustmentfromaocionderivativesnetoftax": -3331000,
        "othercomprehensiveincomelossderivativesqualifyingashedgesnetoftax": 1720000,
        "othercomprehensiveincomeunrealizedholdinggainlossonsecuritiesarisingduringperiodnetoftax": 6105000,
        "othercomprehensiveincomelossreclassificationadjustmentfromaociforsaleofsecuritiesnetoftax": 128000,
        "othercomprehensiveincomelossavailableforsalesecuritiesadjustmentnetoftax": 5977000,
        "othercomprehensiveincomedefinedbenefitplansnetunamortizedgainlossarisingduringperiodnetoftax": 128000,
        "othercomprehensiveincomelossnetoftax": 12891000,
        "comprehensiveincomenetoftax": 156342000,
        "salesrevenuenet": 1314055000,
        "costofgoodsandservicessold": 742790000,
        "grossprofit": 571265000,
        "researchanddevelopmentexpense": 221494000,
        "sellinggeneralandadministrativeexpense": 159018000,
        "operatingexpenses": 380512000,
        "operatingincomeloss": 190753000,
        "othernonoperatingincomeexpense": -29834000,
        "incomelossfromcontinuingoperationsbeforeincometaxesextraordinaryitemsnoncontrollinginterest": 160919000,
        "incometaxexpensebenefit": 17468000,
        "earningspersharebasic": 0.9,
        "earningspersharediluted": 0.82,
        "weightedaveragenumberofsharesoutstandingbasic": 159039000,
        "weightedaveragenumberofdilutedsharesoutstanding": 174373000,
        "commonstockdividendspersharedeclared": 0.3
    },
    {
        "date": "2015-12-26",
        "symbol": "LRCX",
        "period": "Q2",
        "netincomeloss": 222980000,
        "othercomprehensiveincomelossforeigncurrencytransactionandtranslationadjustmentnetoftax": -1022000,
        "othercomprehensiveincomeunrealizedgainlossonderivativesarisingduringperiodnetoftax": 3703000,
        "othercomprehensiveincomelossreclassificationadjustmentfromaocionderivativesnetoftax": 3220000,
        "othercomprehensiveincomelossderivativesqualifyingashedgesnetoftax": 483000,
        "othercomprehensiveincomeunrealizedholdinggainlossonsecuritiesarisingduringperiodnetoftax": -5133000,
        "othercomprehensiveincomelossreclassificationadjustmentfromaociforsaleofsecuritiesnetoftax": 244000,
        "othercomprehensiveincomelossavailableforsalesecuritiesadjustmentnetoftax": -5377000,
        "othercomprehensiveincomedefinedbenefitplansnetunamortizedgainlossarisingduringperiodnetoftax": 93000,
        "othercomprehensiveincomelossnetoftax": -5823000,
        "comprehensiveincomenetoftax": 217157000,
        "salesrevenuenet": 1425534000,
        "costofgoodsandservicessold": 799024000,
        "grossprofit": 626510000,
        "researchanddevelopmentexpense": 220754000,
        "sellinggeneralandadministrativeexpense": 166922000,
        "operatingexpenses": 387676000,
        "operatingincomeloss": 238834000,
        "othernonoperatingincomeexpense": -29935000,
        "incomelossfromcontinuingoperationsbeforeincometaxesextraordinaryitemsnoncontrollinginterest": 208899000,
        "incometaxexpensebenefit": -14081000,
        "earningspersharebasic": 1.41,
        "earningspersharediluted": 1.28,
        "weightedaveragenumberofsharesoutstandingbasic": 158424000,
        "weightedaveragenumberofdilutedsharesoutstanding": 174242000,
        "commonstockdividendspersharedeclared": 0.3
    },
    {
        "date": "2015-09-26",
        "symbol": "LRCX",
        "period": "Q1",
        "salesrevenuenet": 1225000,
        "costofgoodsandservicessold": 1312000,
        "grossprofit": 722363000,
        "researchanddevelopmentexpense": 234209000,
        "sellinggeneralandadministrativeexpense": 195000,
        "operatingexpenses": 386935000,
        "operatingincomeloss": 335428000,
        "othernonoperatingincomeexpense": -59000,
        "incomelossfromcontinuingoperationsbeforeincometaxesextraordinaryitemsnoncontrollinginterest": 308307000,
        "incometaxexpensebenefit": 19628000,
        "netincomeloss": 288679000,
        "earningspersharebasic": 1.82,
        "earningspersharediluted": 1.66,
        "weightedaveragenumberofsharesoutstandingbasic": 158352000,
        "weightedaveragenumberofdilutedsharesoutstanding": 174374000,
        "commonstockdividendspersharedeclared": 0.3,
        "othercomprehensiveincomelossforeigncurrencytransactionandtranslationadjustmentnetoftax": -7822000,
        "othercomprehensiveincomeunrealizedgainlossonderivativesarisingduringperiodnetoftax": -544000,
        "othercomprehensiveincomelossreclassificationadjustmentfromaocionderivativesnetoftax": -341000,
        "othercomprehensiveincomelossderivativesqualifyingashedgesnetoftax": -203000,
        "othercomprehensiveincomeunrealizedholdinggainlossonsecuritiesarisingduringperiodnetoftax": 2748000,
        "othercomprehensiveincomelossreclassificationadjustmentfromaociforsaleofsecuritiesnetoftax": -20000,
        "othercomprehensiveincomelossavailableforsalesecuritiesadjustmentnetoftax": 2768000,
        "othercomprehensiveincomedefinedbenefitplansnetunamortizedgainlossarisingduringperiodnetoftax": 95000,
        "othercomprehensiveincomelossnetoftax": -7822000,
        "comprehensiveincomenetoftax": 283517000
    },
    {
        "date": "2015-06-27",
        "symbol": "LRCX",
        "period": "Q4",
        "salesrevenuenet": -3499592000,
        "costofgoodsandservicessold": 839832000,
        "grossprofit": 641538000,
        "researchanddevelopmentexpense": 221675000,
        "sellinggeneralandadministrativeexpense": 149384000,
        "operatingexpenses": 450503000,
        "operatingincomeloss": 191035000,
        "othernonoperatingincomeexpense": -20353000,
        "incomelossfromcontinuingoperationsbeforeincometaxesminorityinterestandincomelossfromequitymethodinvestments": 170682000,
        "incometaxexpensebenefit": 39411000,
        "netincomeloss": 131271000,
        "earningspersharebasic": 0.8300000000000004,
        "earningspersharediluted": 0.74,
        "weightedaveragenumberofsharesoutstandingbasic": -320296000,
        "weightedaveragenumberofdilutedsharesoutstanding": -354628000,
        "othercomprehensiveincomelossforeigncurrencytransactionandtranslationadjustmentnetoftax": 8397000,
        "othercomprehensiveincomeunrealizedgainlossonderivativesarisingduringperiodnetoftax": 1110000,
        "othercomprehensiveincomelossreclassificationadjustmentfromaocionderivativesnetoftax": 446000,
        "othercomprehensiveincomelossderivativesqualifyingashedgesnetoftax": 664000,
        "othercomprehensiveincomeunrealizedholdinggainlossonsecuritiesarisingduringperiodnetoftax": -4835000,
        "othercomprehensiveincomelossreclassificationadjustmentfromaociforsaleofsecuritiesnetoftax": -378000,
        "othercomprehensiveincomelossavailableforsalesecuritiesadjustmentnetoftax": -4457000,
        "othercomprehensiveincomedefinedbenefitplansnetunamortizedgainlossarisingduringperiodnetoftax": 840000,
        "othercomprehensiveincomelossnetoftax": 2303000,
        "comprehensiveincomenetoftax": 136715000
    },
    {
        "date": "2015-03-28",
        "symbol": "LRCX",
        "period": "Q3",
        "salesrevenuenet": 1393333000,
        "costofgoodsandservicessold": 792731000,
        "grossprofit": 600602000,
        "researchanddevelopmentexpense": 217865000,
        "sellinggeneralandadministrativeexpense": 142772000,
        "operatingexpenses": 360637000,
        "operatingincomeloss": 239965000,
        "othernonoperatingincomeexpense": -11389000,
        "incomelossfromcontinuingoperationsbeforeincometaxesminorityinterestandincomelossfromequitymethodinvestments": 228576000,
        "incometaxexpensebenefit": 22291000,
        "netincomeloss": 206285000,
        "earningspersharebasic": 1.3,
        "earningspersharediluted": 1.16,
        "weightedaveragenumberofsharesoutstandingbasic": 158992000,
        "weightedaveragenumberofdilutedsharesoutstanding": 177531000,
        "commonstockdividendspersharedeclared": 0.18,
        "othercomprehensiveincomelossforeigncurrencytransactionandtranslationadjustmentnetoftax": -12734000,
        "othercomprehensiveincomeunrealizedgainlossonderivativesarisingduringperiodnetoftax": -7417000,
        "othercomprehensiveincomelossreclassificationadjustmentfromaocionderivativesnetoftax": 1218000,
        "othercomprehensiveincomelossderivativesqualifyingashedgesnetoftax": -8635000,
        "othercomprehensiveincomeunrealizedholdinggainlossonsecuritiesarisingduringperiodnetoftax": 4186000,
        "othercomprehensiveincomelossreclassificationadjustmentfromaociforsaleofsecuritiesnetoftax": 799000,
        "othercomprehensiveincomelossavailableforsalesecuritiesadjustmentnetoftax": 3387000,
        "othercomprehensiveincomedefinedbenefitplansnetunamortizedgainlossarisingduringperiodnetoftax": 133000,
        "othercomprehensiveincomelossnetoftax": -17849000,
        "comprehensiveincomenetoftax": 188436000
    },
    {
        "date": "2014-12-27",
        "symbol": "LRCX",
        "period": "Q2",
        "salesrevenuenet": 1232241000,
        "costofgoodsandservicessold": 695584000,
        "grossprofit": 536657000,
        "researchanddevelopmentexpense": 196768000,
        "sellinggeneralandadministrativeexpense": 151148000,
        "operatingexpenses": 347916000,
        "operatingincomeloss": 188741000,
        "othernonoperatingincomeexpense": -9799000,
        "incomelossfromcontinuingoperationsbeforeincometaxesminorityinterestandincomelossfromequitymethodinvestments": 178942000,
        "incometaxexpensebenefit": 2002000,
        "netincomeloss": 176940000,
        "earningspersharebasic": 1.11,
        "earningspersharediluted": 1,
        "weightedaveragenumberofsharesoutstandingbasic": 159248000,
        "weightedaveragenumberofdilutedsharesoutstanding": 177046000,
        "commonstockdividendspersharedeclared": 0.18,
        "othercomprehensiveincomelossforeigncurrencytransactionandtranslationadjustmentnetoftax": -8843000,
        "othercomprehensiveincomeunrealizedgainlossonderivativesarisingduringperiodnetoftax": 7604000,
        "othercomprehensiveincomelossreclassificationadjustmentfromaocionderivativesnetoftax": 2622000,
        "othercomprehensiveincomelossderivativesqualifyingashedgesnetoftax": 4982000,
        "othercomprehensiveincomeunrealizedholdinggainlossonsecuritiesarisingduringperiodnetoftax": -2981000,
        "othercomprehensiveincomelossreclassificationadjustmentfromaociforsaleofsecuritiesnetoftax": -113000,
        "othercomprehensiveincomelossavailableforsalesecuritiesadjustmentnetoftax": -2868000,
        "othercomprehensiveincomedefinedbenefitplansnetunamortizedgainlossarisingduringperiodnetoftax": 70000,
        "othercomprehensiveincomelossnetoftax": -6659000,
        "comprehensiveincomenetoftax": 170281000
    },
    {
        "date": "2014-09-27",
        "symbol": "LRCX",
        "period": "Q1",
        "salesrevenuenet": 1152368000,
        "costofgoodsandservicessold": 646829000,
        "grossprofit": 505539000,
        "researchanddevelopmentexpense": 188934000,
        "sellinggeneralandadministrativeexpense": 148307000,
        "operatingexpenses": 337241000,
        "operatingincomeloss": 168298000,
        "othernonoperatingincomeexpense": -5648000,
        "incomelossfromcontinuingoperationsbeforeincometaxesminorityinterestandincomelossfromequitymethodinvestments": 162650000,
        "incometaxexpensebenefit": 21569000,
        "netincomeloss": 141081000,
        "earningspersharebasic": 0.87,
        "earningspersharediluted": 0.8,
        "weightedaveragenumberofsharesoutstandingbasic": 161685000,
        "weightedaveragenumberofdilutedsharesoutstanding": 177118000,
        "commonstockdividendspersharedeclared": 0.18,
        "othercomprehensiveincomelossforeigncurrencytransactionandtranslationadjustmentnetoftax": -8959000,
        "othercomprehensiveincomeunrealizedgainlossonderivativesarisingduringperiodnetoftax": 298000,
        "othercomprehensiveincomelossreclassificationadjustmentfromaocionderivativesnetoftax": 102000,
        "othercomprehensiveincomelossderivativesqualifyingashedgesnetoftax": 196000,
        "othercomprehensiveincomeunrealizedholdinggainlossonsecuritiesarisingduringperiodnetoftax": -1759000,
        "othercomprehensiveincomelossreclassificationadjustmentfromaociforsaleofsecuritiesnetoftax": -379000,
        "othercomprehensiveincomelossavailableforsalesecuritiesadjustmentnetoftax": -1380000,
        "othercomprehensiveincomedefinedbenefitplansnetunamortizedgainlossarisingduringperiodnetoftax": 66000,
        "othercomprehensiveincomelossnetoftax": 66000,
        "comprehensiveincomenetoftax": 131004000
    },
    {
        "date": "2014-06-28",
        "symbol": "LRCX",
        "period": "Q4",
        "salesrevenuenet": -3111114000,
        "costofgoodsandservicessold": 691761000,
        "grossprofit": 557036000,
        "researchanddevelopmentexpense": 185449000,
        "sellinggeneralandadministrativeexpense": 155737000,
        "operatingexpenses": 341186000,
        "operatingincomeloss": 215850000,
        "othernonoperatingincomeexpense": -9442000,
        "incomelossfromcontinuingoperationsbeforeincometaxesminorityinterestandincomelossfromequitymethodinvestments": 289498000,
        "incometaxexpensebenefit": 56103000,
        "netincomeloss": 233395000,
        "earningspersharebasic": 1.3900000000000001,
        "earningspersharediluted": 1.29,
        "weightedaveragenumberofsharesoutstandingbasic": -322698000,
        "weightedaveragenumberofdilutedsharesoutstanding": -340253000,
        "othercomprehensiveincomelossforeigncurrencytransactionandtranslationadjustmentnetoftax": 2509000,
        "othercomprehensiveincomeunrealizedgainlossonderivativesarisingduringperiodnetoftax": -626000,
        "othercomprehensiveincomelossreclassificationadjustmentfromaocionderivativesnetoftax": 825000,
        "othercomprehensiveincomelossderivativesqualifyingashedgesnetoftax": -1451000,
        "othercomprehensiveincomeunrealizedholdinggainlossonsecuritiesarisingduringperiodnetoftax": 446000,
        "othercomprehensiveincomelossreclassificationadjustmentfromaociforsaleofsecuritiesnetoftax": -284000,
        "othercomprehensiveincomelossavailableforsalesecuritiesadjustmentnetoftax": 730000,
        "othercomprehensiveincomedefinedbenefitplansnetunamortizedgainlossarisingduringperiodnetoftax": -3372000,
        "othercomprehensiveincomelossnetoftax": 4528000,
        "comprehensiveincomenetoftax": 231811000
    },
    {
        "date": "2014-03-29",
        "symbol": "LRCX",
        "period": "Q3",
        "salesrevenuenet": 1227392000,
        "costofgoodsandservicessold": 696594000,
        "grossprofit": 530798000,
        "researchanddevelopmentexpense": 185978000,
        "sellinggeneralandadministrativeexpense": 152883000,
        "operatingexpenses": 338861000,
        "operatingincomeloss": 191937000,
        "othernonoperatingincomeexpense": -9855000,
        "incomelossfromcontinuingoperationsbeforeincometaxesminorityinterestandincomelossfromequitymethodinvestments": 182082000,
        "incometaxexpensebenefit": 17686000,
        "netincomeloss": 164396000,
        "earningspersharebasic": 1.01,
        "earningspersharediluted": 0.96,
        "weightedaveragenumberofsharesoutstandingbasic": 162238000,
        "weightedaveragenumberofdilutedsharesoutstanding": 171636000,
        "othercomprehensiveincomelossforeigncurrencytransactionandtranslationadjustmentnetoftax": -8160000,
        "othercomprehensiveincomeunrealizedgainlossonderivativesarisingduringperiodnetoftax": -205000,
        "othercomprehensiveincomelossreclassificationadjustmentfromaocionderivativesnetoftax": 3248000,
        "othercomprehensiveincomelossderivativesqualifyingashedgesnetoftax": -3453000,
        "othercomprehensiveincomeunrealizedholdinggainlossonsecuritiesarisingduringperiodnetoftax": -111000,
        "othercomprehensiveincomelossreclassificationadjustmentfromaociforsaleofsecuritiesnetoftax": -25000,
        "othercomprehensiveincomelossavailableforsalesecuritiesadjustmentnetoftax": -86000,
        "othercomprehensiveincomedefinedbenefitplansnetunamortizedgainlossarisingduringperiodnetoftax": 149000,
        "othercomprehensiveincomelossnetoftax": -11550000,
        "comprehensiveincomenetoftax": 152846000
    },
    {
        "date": "2013-12-28",
        "symbol": "LRCX",
        "period": "Q2",
        "salesrevenuenet": 1116061000,
        "costofgoodsandservicessold": 628272000,
        "grossprofit": 487789000,
        "researchanddevelopmentexpense": 174477000,
        "sellinggeneralandadministrativeexpense": 148838000,
        "operatingexpenses": 323315000,
        "operatingincomeloss": 164474000,
        "othernonoperatingincomeexpense": -3837000,
        "incomelossfromcontinuingoperationsbeforeincometaxesminorityinterestandincomelossfromequitymethodinvestments": 160637000,
        "incometaxexpensebenefit": 11645000,
        "netincomeloss": 148992000,
        "earningspersharebasic": 0.92,
        "earningspersharediluted": 0.87,
        "weightedaveragenumberofsharesoutstandingbasic": 162305000,
        "weightedaveragenumberofdilutedsharesoutstanding": 171757000,
        "othercomprehensiveincomelossforeigncurrencytransactionandtranslationadjustmentnetoftax": 6284000,
        "othercomprehensiveincomeunrealizedgainlossonderivativesarisingduringperiodnetoftax": 4328000,
        "othercomprehensiveincomelossreclassificationadjustmentfromaocionderivativesnetoftax": 3017000,
        "othercomprehensiveincomelossderivativesqualifyingashedgesnetoftax": 1311000,
        "othercomprehensiveincomeunrealizedholdinggainlossonsecuritiesarisingduringperiodnetoftax": 386000,
        "othercomprehensiveincomelossreclassificationadjustmentfromaociforsaleofsecuritiesnetoftax": 218000,
        "othercomprehensiveincomelossavailableforsalesecuritiesadjustmentnetoftax": 168000,
        "othercomprehensiveincomedefinedbenefitplansnetunamortizedgainlossarisingduringperiodnetoftax": 71000,
        "othercomprehensiveincomelossnetoftax": 7834000,
        "comprehensiveincomenetoftax": 156826000
    },
    {
        "date": "2013-09-28",
        "symbol": "LRCX",
        "period": "Q1",
        "salesrevenuenet": 1015059000,
        "costofgoodsandservicessold": 583201000,
        "grossprofit": 431858000,
        "researchanddevelopmentexpense": 170567000,
        "sellinggeneralandadministrativeexpense": 155883000,
        "operatingexpenses": 326450000,
        "operatingincomeloss": 105408000,
        "othernonoperatingincomeexpense": -14262000,
        "incomelossfromcontinuingoperationsbeforeincometaxesminorityinterestandincomelossfromequitymethodinvestments": 91146000,
        "incometaxexpensebenefit": 5640000,
        "netincomeloss": 85506000,
        "earningspersharebasic": 0.52,
        "earningspersharediluted": 0.5,
        "weightedaveragenumberofsharesoutstandingbasic": 162896000,
        "weightedaveragenumberofdilutedsharesoutstanding": 171363000,
        "othercomprehensiveincomelossforeigncurrencytransactionandtranslationadjustmentnetoftax": 3559000,
        "othercomprehensiveincomeunrealizedgainlossonderivativesarisingduringperiodnetoftax": 4507000,
        "othercomprehensiveincomelossreclassificationadjustmentfromaocionderivativesnetoftax": 3802000,
        "othercomprehensiveincomelossderivativesqualifyingashedgesnetoftax": 705000,
        "othercomprehensiveincomeunrealizedholdinggainlossonsecuritiesarisingduringperiodnetoftax": 686000,
        "othercomprehensiveincomelossreclassificationadjustmentfromaociforsaleofsecuritiesnetoftax": -74000,
        "othercomprehensiveincomelossavailableforsalesecuritiesadjustmentnetoftax": 760000,
        "othercomprehensiveincomedefinedbenefitplansnetunamortizedgainlossarisingduringperiodnetoftax": 314000,
        "othercomprehensiveincomelossnetoftax": 760000,
        "comprehensiveincomenetoftax": 90844000
    },
    {
        "date": "2013-03-30",
        "symbol": "LRCX",
        "period": "Q3",
        "salesrevenuenet": 844928000,
        "costofgoodsandservicessold": 505096000,
        "grossprofit": 339832000,
        "researchanddevelopmentexpense": 174206000,
        "sellinggeneralandadministrativeexpense": 154807000,
        "operatingexpenses": 329013000,
        "operatingincomeloss": 10819000,
        "othernonoperatingincomeexpense": -15834000,
        "incomelossfromcontinuingoperationsbeforeincometaxesminorityinterestandincomelossfromequitymethodinvestments": -5015000,
        "incometaxexpensebenefit": -21505000,
        "netincomeloss": 18996000,
        "earningspersharebasic": 0.09999999999999999,
        "earningspersharediluted": 0.09999999999999999,
        "weightedaveragenumberofsharesoutstandingbasic": -179611000,
        "weightedaveragenumberofdilutedsharesoutstanding": -180647000,
        "othercomprehensiveincomelossforeigncurrencytransactionandtranslationadjustmentnetoftax": -5398000,
        "othercomprehensiveincomeunrealizedgainlossonderivativesarisingduringperiodnetoftax": 5755000,
        "othercomprehensiveincomeunrealizedholdinggainlossonsecuritiesarisingduringperiodnetoftax": -1297000,
        "othercomprehensiveincomelossnetoftax": -9888000,
        "comprehensiveincomenetoftax": 19735000
    },
    {
        "date": "2012-12-22",
        "symbol": "LRCX",
        "period": "Q2",
        "salesrevenuenet": 860886000,
        "costofgoodsandservicessold": 545472000,
        "costofrevenue": 545472000,
        "grossprofit": 315414000,
        "researchanddevelopmentexpense": 165951000,
        "sellinggeneralandadministrativeexpense": 144400000,
        "operatingexpenserestructuringsandimpairmentcharges": 1021000,
        "operatingexpenses": 311372000,
        "operatingincomeloss": 4042000,
        "othernonoperatingincomeexpense": -13390000,
        "incomelossfromcontinuingoperationsbeforeincometaxesminorityinterestandincomelossfromequitymethodinvestments": -9348000,
        "incometaxexpensebenefit": -15756000,
        "netincomeloss": 6408000,
        "earningspersharebasic": 0.04,
        "earningspersharediluted": 0.04,
        "weightedaveragenumberofsharesoutstandingbasic": 170699000,
        "weightedaveragenumberofdilutedsharesoutstanding": 173027000,
        "othercomprehensiveincomelossforeigncurrencytransactionandtranslationadjustmentnetoftax": 8969000,
        "othercomprehensiveincomeunrealizedgainlossonderivativesarisingduringperiodnetoftax": 2347000,
        "othercomprehensiveincomelossreclassificationadjustmentonderivativesincludedinnetincomenetoftax": 363000,
        "othercomprehensiveincomelossderivativesqualifyingashedgesnetoftax": 2710000,
        "othercomprehensiveincomeunrealizedholdinggainlossonsecuritiesarisingduringperiodnetoftax": -1497000,
        "othercomprehensiveincomelossreclassificationadjustmentforsaleofsecuritiesincludedinnetincomenetoftax": -923000,
        "othercomprehensiveincomelossavailableforsalesecuritiesadjustmentnetoftax": -2420000,
        "othercomprehensiveincomelosspensionandotherpostretirementbenefitplansadjustmentnetoftax": -164000,
        "othercomprehensiveincomelossnetoftax": 9423000,
        "comprehensiveincomenetoftax": 15831000
    },
    {
        "date": "2012-09-22",
        "symbol": "LRCX",
        "period": "Q1",
        "salesrevenuenet": 906888000,
        "costofgoodsandservicessold": 573002000,
        "grossprofit": 333886000,
        "researchanddevelopmentexpense": 163311000,
        "sellinggeneralandadministrativeexpense": 153863000,
        "operatingexpenses": 317174000,
        "operatingincomeloss": 16712000,
        "othernonoperatingincomeexpense": -9938000,
        "incomelossfromcontinuingoperationsbeforeincometaxesminorityinterestandincomelossfromequitymethodinvestments": 6774000,
        "incometaxexpensebenefit": 1500000,
        "netincomeloss": 2768000,
        "earningspersharebasic": 0.02,
        "earningspersharediluted": 0.02,
        "weightedaveragenumberofsharesoutstandingbasic": 179928000,
        "weightedaveragenumberofdilutedsharesoutstanding": 181926000,
        "othercomprehensiveincomelossforeigncurrencytransactionandtranslationadjustmentnetoftax": -4125000,
        "othercomprehensiveincomeunrealizedgainlossonderivativesarisingduringperiodnetoftax": 1926000,
        "othercomprehensiveincomeunrealizedholdinggainlossonsecuritiesarisingduringperiodnetoftax": 2689000,
        "othercomprehensiveincomereclassificationadjustment": 737000,
        "othercomprehensiveincomelosspensionandotherpostretirementbenefitplansadjustmentnetoftax": -158000,
        "othercomprehensiveincomelossnetoftax": -89000,
        "comprehensiveincomenetoftax": 2679000
    },
    {
        "date": "2012-03-24",
        "symbol": "LRCX",
        "period": "Q3",
        "revenues": 658961000,
        "costofgoodssold": 391814000,
        "grossprofit": 267147000,
        "researchanddevelopmentexpense": 113448000,
        "sellinggeneralandadministrativeexpense": 95581000,
        "operatingexpenses": 209029000,
        "operatingincomeloss": 58118000,
        "othernonoperatingincomeexpense": -3568000,
        "incomelossfromcontinuingoperationsbeforeincometaxesminorityinterestandincomelossfromequitymethodinvestments": 54550000,
        "incometaxexpensebenefit": 8946000,
        "netincomeloss": 45604000,
        "earningspersharebasic": 0.38,
        "earningspersharediluted": 0.38,
        "weightedaveragenumberofsharesoutstandingbasic": -531000,
        "weightedaveragenumberofdilutedsharesoutstanding": -552000
    },
    {
        "date": "2011-12-24",
        "symbol": "LRCX",
        "period": "Q2",
        "revenues": 583981000,
        "costofgoodssold": 350014000,
        "grossprofit": 234826000,
        "researchanddevelopmentexpense": 104024000,
        "sellinggeneralandadministrativeexpense": 83256000,
        "operatingexpensesrestructuringsandassetimpairmentcharges": 0,
        "operatingexpenses": 187280000,
        "operatingincomeloss": 47546000,
        "othernonoperatingincomeexpense": -7785000,
        "incomelossfromcontinuingoperationsbeforeincometaxesminorityinterestandincomelossfromequitymethodinvestments": 39761000,
        "incometaxexpensebenefit": 6549000,
        "netincomeloss": 33212000,
        "earningspersharebasic": 0.29000000000000004,
        "earningspersharediluted": 0.28,
        "weightedaveragenumberofsharesoutstandingbasic": -1695000,
        "weightedaveragenumberofdilutedsharesoutstanding": -1667000
    },
    {
        "date": "2011-09-24",
        "symbol": "LRCX",
        "period": "Q1",
        "revenues": 680436000,
        "costofgoodssold": 396553000,
        "grossprofit": 283883000,
        "researchanddevelopmentexpense": 102559000,
        "sellinggeneralandadministrativeexpense": 80200000,
        "operatingexpensesrestructuringsandassetimpairmentcharges": 1725000,
        "operatingexpenses": 184484000,
        "operatingincomeloss": 99399000,
        "othernonoperatingincomeexpense": -12073000,
        "incomelossfromcontinuingoperationsbeforeincometaxesminorityinterestandincomelossfromequitymethodinvestments": 87326000,
        "incometaxexpensebenefit": 15488000,
        "netincomeloss": 71838000,
        "earningspersharebasic": 0.58,
        "earningspersharediluted": 0.58,
        "weightedaveragenumberofsharesoutstandingbasic": 123130000,
        "weightedaveragenumberofdilutedsharesoutstanding": 124049000
    },
    {
        "date": "2011-03-26",
        "symbol": "LRCX",
        "period": "Q3",
        "revenues": 809087000,
        "costofgoodssold": 435068000,
        "costofrevenue": 435068000,
        "grossprofit": 374019000,
        "researchanddevelopmentexpense": 96880000,
        "sellinggeneralandadministrativeexpense": 80143000,
        "operatingexpenses": 177023000,
        "operatingincomeloss": 196996000,
        "othernonoperatingincomeexpense": 1663000,
        "incomelossfromcontinuingoperationsbeforeincometaxesminorityinterestandincomelossfromequitymethodinvestments": 198659000,
        "incometaxexpensebenefit": 16419000,
        "netincomeloss": 182240000,
        "earningspersharebasic": 1.47,
        "earningspersharediluted": 1.4600000000000006,
        "weightedaveragenumberofsharesoutstandingbasic": 98000,
        "weightedaveragenumberofdilutedsharesoutstanding": 98000
    },
    {
        "date": "2010-12-25",
        "symbol": "LRCX",
        "period": "Q2",
        "revenues": 870714000,
        "costofgoodssold": 463281000,
        "costofrevenue": 463281000,
        "grossprofit": 407433000,
        "researchanddevelopmentexpense": 90477000,
        "sellinggeneralandadministrativeexpense": 75852000,
        "restructuringsettlementandimpairmentprovisions": 0,
        "operatingexpenses": 166329000,
        "operatingincomeloss": 241104000,
        "othernonoperatingincomeexpense": 1038000,
        "incomelossfromcontinuingoperationsbeforeincometaxesminorityinterestandincomelossfromequitymethodinvestments": 242142000,
        "incometaxexpensebenefit": 20286000,
        "netincomeloss": 221856000,
        "earningspersharebasic": 1.8,
        "earningspersharediluted": 1.7699999999999998,
        "weightedaveragenumberofsharesoutstandingbasic": -281000,
        "weightedaveragenumberofdilutedsharesoutstanding": -203000
    },
    {
        "date": "2010-09-25",
        "symbol": "LRCX",
        "period": "Q1",
        "revenues": 805874000,
        "costofgoodssold": 428548000,
        "costofrevenue": 428548000,
        "grossprofit": 377326000,
        "researchanddevelopmentexpense": 86353000,
        "sellinggeneralandadministrativeexpense": 72142000,
        "restructuringsettlementandimpairmentprovisions": -5163000,
        "operatingexpenses": 153332000,
        "operatingincomeloss": 223994000,
        "othernonoperatingincomeexpense": -979000,
        "incomelossfromcontinuingoperationsbeforeincometaxesminorityinterestandincomelossfromequitymethodinvestments": 223015000,
        "incometaxexpensebenefit": 29291000,
        "netincomeloss": 193724000,
        "earningspersharebasic": 1.57,
        "earningspersharediluted": 1.55,
        "weightedaveragenumberofsharesoutstandingbasic": 123665000,
        "weightedaveragenumberofdilutedsharesoutstanding": 125202000
    }
]