[
    {
        "date": "2024-09-29",
        "symbol": "TTD",
        "period": "Q3",
        "revenuefromcontractwithcustomerexcludingassessedtax": 628016000,
        "costofgoodsandservicessold": 122656000,
        "sellingandmarketingexpense": 140296000,
        "researchanddevelopmentexpense": 117705000,
        "generalandadministrativeexpense": 138878000,
        "costsandexpenses": 519535000,
        "operatingincomeloss": 108481000,
        "interestincomeexpensenet": 19408000,
        "foreigncurrencytransactiongainlossbeforetax": -711000,
        "nonoperatingincomeexpense": 18697000,
        "incomelossfromcontinuingoperationsbeforeincometaxesextraordinaryitemsnoncontrollinginterest": 127178000,
        "incometaxexpensebenefit": 33020000,
        "netincomeloss": 94158000,
        "earningspersharebasic": 0.19,
        "earningspersharediluted": 0.19,
        "weightedaveragenumberofsharesoutstandingbasic": 491614000,
        "weightedaveragenumberofdilutedsharesoutstanding": 502563000
    },
    {
        "date": "2024-03-30",
        "symbol": "TTD",
        "period": "Q1",
        "revenuefromcontractwithcustomerexcludingassessedtax": 491253000,
        "costofgoodsandservicessold": 103630000,
        "sellingandmarketingexpense": 121725000,
        "researchanddevelopmentexpense": 107686000,
        "generalandadministrativeexpense": 129555000,
        "costsandexpenses": 462596000,
        "operatingincomeloss": 28657000,
        "interestincomeexpensenet": 16661000,
        "foreigncurrencytransactiongainlossbeforetax": 715000,
        "nonoperatingincomeexpense": 17376000,
        "incomelossfromcontinuingoperationsbeforeincometaxesextraordinaryitemsnoncontrollinginterest": 46033000,
        "incometaxexpensebenefit": 14373000,
        "netincomeloss": 31660000,
        "earningspersharebasic": 0.06,
        "earningspersharediluted": 0.06,
        "weightedaveragenumberofsharesoutstandingbasic": 488551000,
        "weightedaveragenumberofdilutedsharesoutstanding": 498192000
    },
    {
        "date": "2023-06-29",
        "symbol": "TTD",
        "period": "Q2",
        "revenuefromcontractwithcustomerexcludingassessedtax": 464254000,
        "costofgoodsandservicessold": 86654000,
        "sellingandmarketingexpense": 111489000,
        "researchanddevelopmentexpense": 98308000,
        "generalandadministrativeexpense": 126130000,
        "costsandexpenses": 422581000,
        "operatingincomeloss": 41673000,
        "interestincomeexpensenet": 17507000,
        "foreigncurrencytransactiongainlossbeforetax": 747000,
        "nonoperatingincomeexpense": 18254000,
        "incomelossfromcontinuingoperationsbeforeincometaxesextraordinaryitemsnoncontrollinginterest": 59927000,
        "incometaxexpensebenefit": 26988000,
        "netincomeloss": 32939000,
        "earningspersharebasic": 0.07,
        "earningspersharediluted": 0.07,
        "weightedaveragenumberofsharesoutstandingbasic": 488431000,
        "weightedaveragenumberofdilutedsharesoutstanding": 499349000
    },
    {
        "date": "2023-03-30",
        "symbol": "TTD",
        "period": "Q1",
        "revenuefromcontractwithcustomerexcludingassessedtax": 382803000,
        "costofgoodsandservicessold": 84867000,
        "sellingandmarketingexpense": 97222000,
        "researchanddevelopmentexpense": 93710000,
        "generalandadministrativeexpense": 130312000,
        "costsandexpenses": 406111000,
        "operatingincomeloss": -23308000,
        "interestincomeexpensenet": 14423000,
        "foreigncurrencytransactiongainlossbeforetax": -723000,
        "nonoperatingincomeexpense": 13700000,
        "incomelossfromcontinuingoperationsbeforeincometaxesextraordinaryitemsnoncontrollinginterest": -9608000,
        "incometaxexpensebenefit": -18934000,
        "netincomeloss": 9326000,
        "earningspersharebasic": 0.02,
        "earningspersharediluted": 0.02,
        "weightedaveragenumberofsharesoutstandingbasic": 489712000,
        "weightedaveragenumberofdilutedsharesoutstanding": 499795000
    },
    {
        "date": "2022-09-29",
        "symbol": "TTD",
        "period": "Q3",
        "revenuefromcontractwithcustomerexcludingassessedtax": 394773000,
        "costofgoodsandservicessold": 70124000,
        "sellingandmarketingexpense": 85038000,
        "researchanddevelopmentexpense": 79915000,
        "generalandadministrativeexpense": 130892000,
        "costsandexpenses": 365969000,
        "operatingincomeloss": 28804000,
        "interestincomeexpensenet": 1741000,
        "foreigncurrencytransactiongainlossbeforetax": -43000,
        "nonoperatingincomeexpense": 1698000,
        "incomelossfromcontinuingoperationsbeforeincometaxesextraordinaryitemsnoncontrollinginterest": 30502000,
        "incometaxexpensebenefit": 14633000,
        "netincomeloss": 15869000,
        "earningspersharebasic": 0.03,
        "earningspersharediluted": 0.03,
        "weightedaveragenumberofsharesoutstandingbasic": 487963000,
        "weightedaveragenumberofdilutedsharesoutstanding": 500300000
    },
    {
        "date": "2022-06-29",
        "symbol": "TTD",
        "period": "Q2",
        "revenuefromcontractwithcustomerexcludingassessedtax": 376962000,
        "costofgoodsandservicessold": 67490000,
        "sellingandmarketingexpense": 89420000,
        "researchanddevelopmentexpense": 83483000,
        "generalandadministrativeexpense": 134826000,
        "costsandexpenses": 375219000,
        "operatingincomeloss": 1743000,
        "interestincomeexpensenet": 656000,
        "foreigncurrencytransactiongainlossbeforetax": -317000,
        "nonoperatingincomeexpense": 339000,
        "incomelossfromcontinuingoperationsbeforeincometaxesextraordinaryitemsnoncontrollinginterest": 2082000,
        "incometaxexpensebenefit": 21155000,
        "netincomeloss": -19073000,
        "earningspersharebasic": -0.04,
        "earningspersharediluted": -0.04,
        "weightedaveragenumberofsharesoutstandingbasic": 486310000,
        "weightedaveragenumberofdilutedsharesoutstanding": 486310000
    },
    {
        "date": "2022-03-30",
        "symbol": "TTD",
        "period": "Q1",
        "revenuefromcontractwithcustomerexcludingassessedtax": 315323000,
        "costofgoodsandservicessold": 63890000,
        "sellingandmarketingexpense": 70688000,
        "researchanddevelopmentexpense": 71999000,
        "generalandadministrativeexpense": 125799000,
        "costsandexpenses": 332376000,
        "operatingincomeloss": -17053000,
        "interestincomeexpensenet": -1076000,
        "foreigncurrencytransactiongainlossbeforetax": 795000,
        "nonoperatingincomeexpense": -281000,
        "incomelossfromcontinuingoperationsbeforeincometaxesextraordinaryitemsnoncontrollinginterest": -17334000,
        "incometaxexpensebenefit": -2736000,
        "netincomeloss": -14598000,
        "earningspersharebasic": -0.03,
        "earningspersharediluted": -0.03,
        "weightedaveragenumberofsharesoutstandingbasic": 484190000,
        "weightedaveragenumberofdilutedsharesoutstanding": 484190000
    },
    {
        "date": "2021-12-30",
        "symbol": "TTD",
        "period": "Q4",
        "revenuefromcontractwithcustomerexcludingassessedtax": 395598000,
        "costofgoodsandservicessold": 66845000,
        "sellingandmarketingexpense": 72501000,
        "researchanddevelopmentexpense": 62836000,
        "generalandadministrativeexpense": 218777000,
        "costsandexpenses": 420959000,
        "operatingincomeloss": -25361000,
        "interestincomeexpensenet": -474000,
        "foreigncurrencytransactiongainlossbeforetax": -747000,
        "nonoperatingincomeexpense": -1221000,
        "incomelossfromcontinuingoperationsbeforeincometaxesextraordinaryitemsnoncontrollinginterest": -26582000,
        "incometaxexpensebenefit": -34621000,
        "netincomeloss": 8039000,
        "earningspersharebasic": -0.41000000000000003,
        "earningspersharediluted": -0.39,
        "weightedaveragenumberofsharesoutstandingbasic": -524044000,
        "weightedaveragenumberofdilutedsharesoutstanding": -547151000
    },
    {
        "date": "2021-09-29",
        "symbol": "TTD",
        "period": "Q3",
        "revenuefromcontractwithcustomerexcludingassessedtax": 301091000,
        "typeofrevenueextensiblelist": "http://fasb.org/us-gaap/2021-01-31#ServiceMember",
        "costofgoodsandservicessold": 53400000,
        "typeofcostgoodorserviceextensiblelist": "http://fasb.org/us-gaap/2021-01-31#ServiceMember",
        "sellingandmarketingexpense": 59278000,
        "researchanddevelopmentexpense": 55847000,
        "generalandadministrativeexpense": 52120000,
        "costsandexpenses": 220645000,
        "operatingincomeloss": 80446000,
        "interestincomeexpensenet": -317000,
        "foreigncurrencytransactiongainlossbeforetax": -1153000,
        "nonoperatingincomeexpense": -1470000,
        "incomelossfromcontinuingoperationsbeforeincometaxesextraordinaryitemsnoncontrollinginterest": 78976000,
        "incometaxexpensebenefit": 19592000,
        "netincomeloss": 59384000,
        "earningspersharebasic": 0.12,
        "earningspersharediluted": 0.12,
        "weightedaveragenumberofsharesoutstandingbasic": 478101000,
        "weightedaveragenumberofdilutedsharesoutstanding": 498912000
    },
    {
        "date": "2021-06-29",
        "symbol": "TTD",
        "period": "Q2",
        "revenuefromcontractwithcustomerexcludingassessedtax": 279967000,
        "typeofrevenueextensiblelist": "us-gaap:ServiceMember",
        "costofgoodsandservicessold": 50809000,
        "typeofcostgoodorserviceextensiblelist": "us-gaap:ServiceMember",
        "sellingandmarketingexpense": 61755000,
        "researchanddevelopmentexpense": 53536000,
        "generalandadministrativeexpense": 51919000,
        "costsandexpenses": 218019000,
        "operatingincomeloss": 61948000,
        "interestincomeexpensenet": -194000,
        "foreigncurrencytransactiongainlossbeforetax": -204000,
        "nonoperatingincomeexpense": -398000,
        "incomelossfromcontinuingoperationsbeforeincometaxesextraordinaryitemsnoncontrollinginterest": 61550000,
        "incometaxexpensebenefit": 13853000,
        "netincomeloss": 47697000,
        "earningspersharebasic": 0.1,
        "earningspersharediluted": 0.1,
        "weightedaveragenumberofsharesoutstandingbasic": 475512000,
        "weightedaveragenumberofdilutedsharesoutstanding": 496987000
    },
    {
        "date": "2021-03-30",
        "symbol": "TTD",
        "period": "Q1",
        "revenuefromcontractwithcustomerexcludingassessedtax": 219811000,
        "typeofrevenueextensiblelist": "us-gaap:ServiceMember",
        "costofgoodsandservicessold": 50500000,
        "typeofcostgoodorserviceextensiblelist": "us-gaap:ServiceMember",
        "sellingandmarketingexpense": 55764000,
        "researchanddevelopmentexpense": 53918000,
        "generalandadministrativeexpense": 51845000,
        "costsandexpenses": 212027000,
        "operatingincomeloss": 7784000,
        "interestincomeexpensenet": -45000,
        "foreigncurrencytransactiongainlossbeforetax": 353000,
        "nonoperatingincomeexpense": 308000,
        "incomelossfromcontinuingoperationsbeforeincometaxesextraordinaryitemsnoncontrollinginterest": 8092000,
        "incometaxexpensebenefit": -14550000,
        "netincomeloss": 22642000,
        "earningspersharebasic": 0.48,
        "earningspersharediluted": 0.45,
        "weightedaveragenumberofsharesoutstandingbasic": 47282000,
        "weightedaveragenumberofdilutedsharesoutstanding": 49792000
    },
    {
        "date": "2020-12-30",
        "symbol": "TTD",
        "period": "Q4",
        "revenuefromcontractwithcustomerexcludingassessedtax": 319905000,
        "typeofrevenueextensiblelist": "us-gaap:ServiceMember",
        "costofgoodsandservicessold": 51645000,
        "typeofcostgoodorserviceextensiblelist": "us-gaap:ServiceMember",
        "sellingandmarketingexpense": 58740000,
        "researchanddevelopmentexpense": 48723000,
        "generalandadministrativeexpense": 54365000,
        "costsandexpenses": 213473000,
        "operatingincomeloss": 106432000,
        "interestincomeexpensenet": -97000,
        "foreigncurrencytransactiongainlossbeforetax": 613000,
        "nonoperatingincomeexpense": 529000,
        "incomelossfromcontinuingoperationsbeforeincometaxesextraordinaryitemsnoncontrollinginterest": 106961000,
        "incometaxexpensebenefit": -44941000,
        "netincomeloss": 151902000,
        "earningspersharebasic": 3.2800000000000002,
        "earningspersharediluted": 3.0900000000000003,
        "weightedaveragenumberofsharesoutstandingbasic": -91932000,
        "weightedaveragenumberofdilutedsharesoutstanding": -97199000
    },
    {
        "date": "2020-09-29",
        "symbol": "TTD",
        "period": "Q3",
        "revenuefromcontractwithcustomerexcludingassessedtax": 216113000,
        "typeofrevenueextensiblelist": "us-gaap:ServiceMember",
        "costofgoodsandservicessold": 44826000,
        "typeofcostgoodorserviceextensiblelist": "us-gaap:ServiceMember",
        "sellingandmarketingexpense": 44637000,
        "researchanddevelopmentexpense": 41079000,
        "generalandadministrativeexpense": 42789000,
        "costsandexpenses": 173331000,
        "operatingincomeloss": 42782000,
        "interestincomeexpensenet": -235000,
        "foreigncurrencytransactiongainlossbeforetax": 12000,
        "nonoperatingincomeexpense": -223000,
        "incomelossfromcontinuingoperationsbeforeincometaxesextraordinaryitemsnoncontrollinginterest": 42559000,
        "incometaxexpensebenefit": 1312000,
        "netincomeloss": 41247000,
        "earningspersharebasic": 0.89,
        "earningspersharediluted": 0.84,
        "weightedaveragenumberofsharesoutstandingbasic": 46582000,
        "weightedaveragenumberofdilutedsharesoutstanding": 49220000,
        "othercomprehensiveincomelossavailableforsalesecuritiesadjustmentnetoftax": -129000,
        "comprehensiveincomenetoftax": 41118000
    },
    {
        "date": "2020-06-29",
        "symbol": "TTD",
        "period": "Q2",
        "revenuefromcontractwithcustomerexcludingassessedtax": 139355000,
        "typeofrevenueextensiblelist": "us-gaap:ServiceMember",
        "costofgoodsandservicessold": 42133000,
        "typeofcostgoodorserviceextensiblelist": "us-gaap:ServiceMember",
        "sellingandmarketingexpense": 37071000,
        "researchanddevelopmentexpense": 40058000,
        "generalandadministrativeexpense": 35865000,
        "costsandexpenses": 155127000,
        "operatingincomeloss": -15772000,
        "interestincomeexpensenet": -104000,
        "foreigncurrencytransactiongainlossbeforetax": -352000,
        "debtsecuritiesavailableforsalechangeinpresentvalueexpensereversal": -262000,
        "nonoperatingincomeexpense": -194000,
        "incomelossfromcontinuingoperationsbeforeincometaxesextraordinaryitemsnoncontrollinginterest": -15966000,
        "incometaxexpensebenefit": -41077000,
        "netincomeloss": 25111000,
        "earningspersharebasic": 0.54,
        "earningspersharediluted": 0.52,
        "weightedaveragenumberofsharesoutstandingbasic": 46136000,
        "weightedaveragenumberofdilutedsharesoutstanding": 48654000,
        "othercomprehensiveincomelossavailableforsalesecuritiesadjustmentnetoftax": 116000,
        "comprehensiveincomenetoftax": 25227000
    },
    {
        "date": "2020-03-30",
        "symbol": "TTD",
        "period": "Q1",
        "revenuefromcontractwithcustomerexcludingassessedtax": 160660000,
        "typeofrevenueextensiblelist": "us-gaap:ServiceMember",
        "costofgoodsandservicessold": 40208000,
        "typeofcostgoodorserviceextensiblelist": "us-gaap:ServiceMember",
        "sellingandmarketingexpense": 34294000,
        "researchanddevelopmentexpense": 36794000,
        "generalandadministrativeexpense": 38598000,
        "costsandexpenses": 149894000,
        "operatingincomeloss": 10766000,
        "interestincomeexpensenet": 1092000,
        "foreigncurrencytransactiongainlossbeforetax": -1234000,
        "debtsecuritiesavailableforsalechangeinpresentvalueexpensereversal": 275000,
        "nonoperatingincomeexpense": -417000,
        "incomelossfromcontinuingoperationsbeforeincometaxesextraordinaryitemsnoncontrollinginterest": 10349000,
        "incometaxexpensebenefit": -13708000,
        "netincomeloss": 24057000,
        "earningspersharebasic": 0.53,
        "earningspersharediluted": 0.5,
        "weightedaveragenumberofsharesoutstandingbasic": 45501000,
        "weightedaveragenumberofdilutedsharesoutstanding": 48313000,
        "othercomprehensiveincomelossavailableforsalesecuritiesadjustmentnetoftax": 158000,
        "comprehensiveincomenetoftax": 24215000,
        "othercomprehensiveincomelossavailableforsalesecuritiestax": 68000
    },
    {
        "date": "2019-12-30",
        "symbol": "TTD",
        "period": "Q4",
        "revenuefromcontractwithcustomerexcludingassessedtax": 215944000,
        "typeofrevenueextensiblelist": "us-gaap:ServiceMember",
        "costofgoodsandservicessold": 47267000,
        "typeofcostgoodorserviceextensiblelist": "us-gaap:ServiceMember",
        "sellingandmarketingexpense": 42931000,
        "researchanddevelopmentexpense": 32803000,
        "generalandadministrativeexpense": 40293000,
        "costsandexpenses": 163294000,
        "operatingincomeloss": 52650000,
        "interestincomeexpensenet": 956000,
        "foreigncurrencytransactiongainlossbeforetax": 89000,
        "nonoperatingincomeexpense": 1045000,
        "incomelossfromcontinuingoperationsbeforeincometaxesextraordinaryitemsnoncontrollinginterest": 53695000,
        "incometaxexpensebenefit": 2750000,
        "netincomeloss": 50945000,
        "earningspersharebasic": 1.1400000000000001,
        "earningspersharediluted": 1.08,
        "weightedaveragenumberofsharesoutstandingbasic": -88548000,
        "weightedaveragenumberofdilutedsharesoutstanding": -95373000
    },
    {
        "date": "2019-09-29",
        "symbol": "TTD",
        "period": "Q3",
        "revenuefromcontractwithcustomerexcludingassessedtax": 164203000,
        "typeofrevenueextensiblelist": "us-gaap:ServiceMember",
        "costofgoodsandservicessold": 39932000,
        "typeofcostgoodorserviceextensiblelist": "us-gaap:ServiceMember",
        "sellingandmarketingexpense": 36142000,
        "researchanddevelopmentexpense": 29185000,
        "generalandadministrativeexpense": 37017000,
        "costsandexpenses": 142276000,
        "operatingincomeloss": 21927000,
        "interestincomeexpensenet": 1480000,
        "foreigncurrencytransactiongainlossbeforetax": 412000,
        "nonoperatingincomeexpense": 1892000,
        "incomelossfromcontinuingoperationsbeforeincometaxesextraordinaryitemsnoncontrollinginterest": 23819000,
        "incometaxexpensebenefit": 4397000,
        "netincomeloss": 19422000,
        "earningspersharebasic": 0.43,
        "earningspersharediluted": 0.4,
        "weightedaveragenumberofsharesoutstandingbasic": 44771000,
        "weightedaveragenumberofdilutedsharesoutstanding": 48037000
    },
    {
        "date": "2019-06-29",
        "symbol": "TTD",
        "period": "Q2",
        "revenuefromcontractwithcustomerexcludingassessedtax": 159924000,
        "typeofrevenueextensiblelist": "us-gaap:ServiceMember",
        "costofgoodsandservicessold": 35330000,
        "typeofcostgoodorserviceextensiblelist": "us-gaap:ServiceMember",
        "sellingandmarketingexpense": 31072000,
        "researchanddevelopmentexpense": 29452000,
        "generalandadministrativeexpense": 32121000,
        "costsandexpenses": 127975000,
        "operatingincomeloss": 31949000,
        "interestincomeexpensenet": 1286000,
        "foreigncurrencytransactiongainlossbeforetax": 134000,
        "nonoperatingincomeexpense": 1420000,
        "incomelossfromcontinuingoperationsbeforeincometaxesextraordinaryitemsnoncontrollinginterest": 33369000,
        "incometaxexpensebenefit": 5569000,
        "netincomeloss": 27800000,
        "earningspersharebasic": 0.63,
        "earningspersharediluted": 0.58,
        "weightedaveragenumberofsharesoutstandingbasic": 44404000,
        "weightedaveragenumberofdilutedsharesoutstanding": 47828000
    },
    {
        "date": "2019-03-30",
        "symbol": "TTD",
        "period": "Q1",
        "revenuefromcontractwithcustomerexcludingassessedtax": 120987000,
        "typeofrevenueextensiblelist": "us-gaap:ServiceMember",
        "costofgoodsandservicessold": 33651000,
        "typeofcostgoodorserviceextensiblelist": "us-gaap:ServiceMember",
        "sellingandmarketingexpense": 22737000,
        "researchanddevelopmentexpense": 25312000,
        "generalandadministrativeexpense": 33617000,
        "costsandexpenses": 115317000,
        "operatingincomeloss": 5670000,
        "interestincomeexpensenet": 997000,
        "foreigncurrencytransactiongainlossbeforetax": -1330000,
        "nonoperatingincomeexpense": -333000,
        "incomelossfromcontinuingoperationsbeforeincometaxesextraordinaryitemsnoncontrollinginterest": 5337000,
        "incometaxexpensebenefit": -4814000,
        "netincomeloss": 10151000,
        "earningspersharebasic": 0.23,
        "earningspersharediluted": 0.21,
        "weightedaveragenumberofsharesoutstandingbasic": 43906000,
        "weightedaveragenumberofdilutedsharesoutstanding": 47314000
    },
    {
        "date": "2018-09-29",
        "symbol": "TTD",
        "period": "Q3",
        "revenuefromcontractwithcustomerexcludingassessedtax": 118825000,
        "typeofrevenueextensiblelist": "us-gaap:ServiceMember",
        "costofgoodsandservicessold": 29344000,
        "typeofcostgoodorserviceextensiblelist": "us-gaap:ServiceMember",
        "sellingandmarketingexpense": 23287000,
        "researchanddevelopmentexpense": 22621000,
        "generalandadministrativeexpense": 21310000,
        "costsandexpenses": 96562000,
        "operatingincomeloss": 22263000,
        "interestincomeexpensenet": 237000,
        "foreigncurrencytransactiongainlossbeforetax": -395000,
        "nonoperatingincomeexpense": -158000,
        "incomelossfromcontinuingoperationsbeforeincometaxesextraordinaryitemsnoncontrollinginterest": 22105000,
        "incometaxexpensebenefit": 1813000,
        "netincomeloss": 20292000,
        "earningspersharebasic": 0.47,
        "earningspersharediluted": 0.44,
        "weightedaveragenumberofsharesoutstandingbasic": 42721000,
        "weightedaveragenumberofdilutedsharesoutstanding": 46576000
    },
    {
        "date": "2018-06-29",
        "symbol": "TTD",
        "period": "Q2",
        "revenuefromcontractwithcustomerexcludingassessedtax": 112333000,
        "typeofrevenueextensiblelist": "us-gaap:ServiceMember",
        "costofgoodsandservicessold": 26601000,
        "typeofcostgoodorserviceextensiblelist": "us-gaap:ServiceMember",
        "sellingandmarketingexpense": 20690000,
        "researchanddevelopmentexpense": 19484000,
        "generalandadministrativeexpense": 19396000,
        "costsandexpenses": 86171000,
        "operatingincomeloss": 26162000,
        "interestincomeexpensenet": 32000,
        "foreigncurrencytransactiongainlossbeforetax": -1096000,
        "nonoperatingincomeexpense": -1064000,
        "incomelossfromcontinuingoperationsbeforeincometaxesextraordinaryitemsnoncontrollinginterest": 25098000,
        "incometaxexpensebenefit": 5755000,
        "netincomeloss": 19343000,
        "earningspersharebasic": 0.46,
        "earningspersharediluted": 0.43,
        "weightedaveragenumberofsharesoutstandingbasic": 42174000,
        "weightedaveragenumberofdilutedsharesoutstanding": 45242000
    },
    {
        "date": "2018-03-30",
        "symbol": "TTD",
        "period": "Q1",
        "salesrevenueservicesnet": 85668000,
        "costofservices": 22897000,
        "sellingandmarketingexpense": 16030000,
        "researchanddevelopmentexpense": 17701000,
        "generalandadministrativeexpense": 19110000,
        "costsandexpenses": 75738000,
        "operatingincomeloss": 9930000,
        "interestincomeexpensenet": -156000,
        "foreigncurrencytransactiongainlossbeforetax": -544000,
        "nonoperatingincomeexpense": -700000,
        "incomelossfromcontinuingoperationsbeforeincometaxesextraordinaryitemsnoncontrollinginterest": 9230000,
        "incometaxexpensebenefit": 160000,
        "netincomeloss": 9070000,
        "earningspersharebasic": 0.22,
        "earningspersharediluted": 0.2,
        "weightedaveragenumberofsharesoutstandingbasic": 41629000,
        "weightedaveragenumberofdilutedsharesoutstanding": 44543000
    },
    {
        "date": "2017-09-29",
        "symbol": "TTD",
        "period": "Q3",
        "salesrevenueservicesnet": 79413000,
        "costofservices": 17397000,
        "sellingandmarketingexpense": 16200000,
        "researchanddevelopmentexpense": 13181000,
        "generalandadministrativeexpense": 14227000,
        "costsandexpenses": 61005000,
        "operatingincomeloss": 18408000,
        "interestexpense": 513000,
        "foreigncurrencytransactiongainlossbeforetax": -1841000,
        "nonoperatingincomeexpense": -2354000,
        "incomelossfromcontinuingoperationsbeforeincometaxesextraordinaryitemsnoncontrollinginterest": 16054000,
        "incometaxexpensebenefit": 5825000,
        "netincomeloss": 10229000,
        "netincomelossavailabletocommonstockholdersbasic": 10229000,
        "earningspersharebasic": 0.25,
        "earningspersharediluted": 0.23,
        "weightedaveragenumberofsharesoutstandingbasic": 40700000,
        "weightedaveragenumberofdilutedsharesoutstanding": 44245000
    },
    {
        "date": "2017-06-29",
        "symbol": "TTD",
        "period": "Q2",
        "salesrevenueservicesnet": 72804000,
        "costofservices": 15151000,
        "sellingandmarketingexpense": 14166000,
        "researchanddevelopmentexpense": 12135000,
        "generalandadministrativeexpense": 11658000,
        "costsandexpenses": 53110000,
        "operatingincomeloss": 19694000,
        "interestexpense": 413000,
        "foreigncurrencytransactiongainlossbeforetax": -890000,
        "nonoperatingincomeexpense": -1303000,
        "incomelossfromcontinuingoperationsbeforeincometaxesextraordinaryitemsnoncontrollinginterest": 18391000,
        "incometaxexpensebenefit": -458000,
        "netincomeloss": 18849000,
        "netincomelossavailabletocommonstockholdersbasic": 18849000,
        "earningspersharebasic": 0.47,
        "earningspersharediluted": 0.43,
        "weightedaveragenumberofsharesoutstandingbasic": 40046000,
        "weightedaveragenumberofdilutedsharesoutstanding": 43944000
    },
    {
        "date": "2017-03-30",
        "symbol": "TTD",
        "period": "Q1",
        "salesrevenueservicesnet": 53352000,
        "costofservices": 12549000,
        "sellingandmarketingexpense": 12476000,
        "researchanddevelopmentexpense": 10461000,
        "generalandadministrativeexpense": 15930000,
        "costsandexpenses": 51416000,
        "operatingincomeloss": 1936000,
        "interestexpense": 364000,
        "foreigncurrencytransactiongainlossbeforetax": -428000,
        "nonoperatingincomeexpense": -792000,
        "incomelossfromcontinuingoperationsbeforeincometaxesextraordinaryitemsnoncontrollinginterest": 1144000,
        "incometaxexpensebenefit": -3765000,
        "netincomeloss": 4909000,
        "netincomelossavailabletocommonstockholdersbasic": 4909000,
        "earningspersharebasic": 0.13,
        "earningspersharediluted": 0.11,
        "weightedaveragenumberofsharesoutstandingbasic": 39167000,
        "weightedaveragenumberofdilutedsharesoutstanding": 43557000
    }
]