[
    {
        "date": "2024-09-29",
        "symbol": "AEE",
        "period": "Q3",
        "revenuefromcontractwithcustomerincludingassessedtax": -2748000000,
        "utilitiesoperatingexpensefuelusedandpurchasedpower": 34000000,
        "utilitiesoperatingexpensepurchasedpower": -304000000,
        "utilitiesoperatingexpensegasandpetroleumpurchased": -11000000,
        "utilitiesoperatingexpensemaintenanceoperationsandothercostsandexpenses": -934000000,
        "utilitiesoperatingexpensedepreciationandamortization": -275000000,
        "taxesexcludingincomeandexcisetaxes": -150000000,
        "operatingexpenses": -889000000,
        "operatingincomeloss": -61000000,
        "othernonoperatingincomeexpense": -87000000,
        "interestexpense": -317000000,
        "incomelossfromcontinuingoperationsbeforeincometaxesextraordinaryitemsnoncontrollinginterest": -7000000,
        "incometaxexpensebenefit": 61000000,
        "profitloss": -68000000,
        "netincomelossattributabletononcontrollinginterest": -7000000,
        "netincomelossavailabletocommonstockholdersbasic": 456000000,
        "preferredstockdividendsincomestatementimpact": -1000000,
        "netincomeloss": 300000000,
        "othercomprehensiveincomelosspensionandotherpostretirementbenefitplansadjustmentnetoftax": 1000000,
        "comprehensiveincomenetoftaxincludingportionattributabletononcontrollinginterest": 456000000,
        "comprehensiveincomenetoftaxattributabletononcontrollinginterest": 1000000,
        "comprehensiveincomenetoftax": 455000000,
        "earningspersharebasic": 1.7100000000000004,
        "earningspersharediluted": 1.6999999999999997,
        "weightedaveragenumberofsharesoutstandingbasic": 266600000,
        "weightedaveragenumberofdilutedsharesoutstanding": 266900000
    },
    {
        "date": "2024-06-29",
        "symbol": "AEE",
        "period": "Q2",
        "revenuefromcontractwithcustomerincludingassessedtax": 1521000000,
        "utilitiesoperatingexpensefuelusedandpurchasedpower": 327000000,
        "utilitiesoperatingexpensepurchasedpower": 141000000,
        "utilitiesoperatingexpensegasandpetroleumpurchased": 33000000,
        "utilitiesoperatingexpensemaintenanceoperationsandothercostsandexpenses": 465000000,
        "utilitiesoperatingexpensedepreciationandamortization": 376000000,
        "taxesexcludingincomeandexcisetaxes": 131000000,
        "operatingexpenses": 1332000000,
        "operatingincomeloss": 361000000,
        "othernonoperatingincomeexpense": 103000000,
        "interestexpense": 165000000,
        "incomelossfromcontinuingoperationsbeforeincometaxesextraordinaryitemsnoncontrollinginterest": 299000000,
        "incometaxexpensebenefit": 39000000,
        "profitloss": 260000000,
        "netincomelossattributabletononcontrollinginterest": 2000000,
        "netincomelossavailabletocommonstockholdersbasic": 258000000,
        "preferredstockdividendsincomestatementimpact": 1000000,
        "netincomeloss": 128000000,
        "othercomprehensiveincomelosspensionandotherpostretirementbenefitplansadjustmentnetoftax": 2000000,
        "comprehensiveincomenetoftaxincludingportionattributabletononcontrollinginterest": 258000000,
        "comprehensiveincomenetoftaxattributabletononcontrollinginterest": 2000000,
        "comprehensiveincomenetoftax": 256000000,
        "earningspersharebasic": 0.97,
        "earningspersharediluted": 0.97,
        "weightedaveragenumberofsharesoutstandingbasic": 266700000,
        "weightedaveragenumberofdilutedsharesoutstanding": 266800000,
        "othercomprehensiveincomelosspensionandotherpostretirementbenefitplanstax": -1000000
    },
    {
        "date": "2024-03-30",
        "symbol": "AEE",
        "period": "Q1",
        "revenuefromcontractwithcustomerincludingassessedtax": 1364000000,
        "utilitiesoperatingexpensefuelusedandpurchasedpower": 328000000,
        "utilitiesoperatingexpensepurchasedpower": 164000000,
        "utilitiesoperatingexpensegasandpetroleumpurchased": 151000000,
        "utilitiesoperatingexpensemaintenanceoperationsandothercostsandexpenses": 470000000,
        "utilitiesoperatingexpensedepreciationandamortization": 361000000,
        "taxesexcludingincomeandexcisetaxes": 135000000,
        "operatingexpenses": 1445000000,
        "operatingincomeloss": 371000000,
        "othernonoperatingincomeexpense": 89000000,
        "interestexpense": 154000000,
        "incomelossfromcontinuingoperationsbeforeincometaxesextraordinaryitemsnoncontrollinginterest": 306000000,
        "incometaxexpensebenefit": 44000000,
        "profitloss": 262000000,
        "netincomelossattributabletononcontrollinginterest": 1000000,
        "netincomelossavailabletocommonstockholdersbasic": 261000000,
        "preferredstockdividendsincomestatementimpact": 1000000,
        "netincomeloss": 25000000,
        "othercomprehensiveincomelosspensionandotherpostretirementbenefitplansadjustmentnetoftax": 1000000,
        "comprehensiveincomenetoftaxincludingportionattributabletononcontrollinginterest": 261000000,
        "comprehensiveincomenetoftaxattributabletononcontrollinginterest": 1000000,
        "comprehensiveincomenetoftax": 260000000,
        "earningspersharebasic": 0.98,
        "earningspersharediluted": 0.98,
        "weightedaveragenumberofsharesoutstandingbasic": 266400000,
        "weightedaveragenumberofdilutedsharesoutstanding": 266800000
    },
    {
        "date": "2023-12-30",
        "symbol": "AEE",
        "period": "Q4",
        "revenuefromcontractwithcustomerincludingassessedtax": 4413000000,
        "utilitiesoperatingexpensefuelused": 91000000,
        "utilitiesoperatingexpensepurchasedpower": 738000000,
        "utilitiesoperatingexpensegasandpetroleumpurchased": 131000000,
        "utilitiesoperatingexpensemaintenanceoperationsandothercostsandexpenses": 1193000000,
        "utilitiesoperatingexpensedepreciationandamortization": 747000000,
        "taxesexcludingincomeandexcisetaxes": 301000000,
        "operatingexpenses": 3075000000,
        "operatingincomeloss": 485000000,
        "othernonoperatingincomeexpense": 169000000,
        "interestexpense": 366000000,
        "incomelossfromcontinuingoperationsbeforeincometaxesextraordinaryitemsnoncontrollinginterest": 337000000,
        "incometaxexpensebenefit": 2000000,
        "profitloss": 335000000,
        "netincomelossattributabletononcontrollinginterest": 7000000,
        "netincomelossavailabletocommonstockholdersbasic": 158000000,
        "othercomprehensiveincomelosspensionandotherpostretirementbenefitplansadjustmentnetoftax": 2000000,
        "comprehensiveincomenetoftaxincludingportionattributabletononcontrollinginterest": 157000000,
        "comprehensiveincomenetoftaxattributabletononcontrollinginterest": 1000000,
        "comprehensiveincomenetoftax": 156000000,
        "preferredstockdividendsincomestatementimpact": 0,
        "netincomeloss": 32000000,
        "earningspersharebasic": 0.5999999999999999,
        "earningspersharediluted": 0.6099999999999999,
        "weightedaveragenumberofsharesoutstandingbasic": 262800000,
        "weightedaveragenumberofdilutedsharesoutstanding": 263400000
    },
    {
        "date": "2023-09-29",
        "symbol": "AEE",
        "period": "Q3",
        "revenuefromcontractwithcustomerincludingassessedtax": 1921000000,
        "utilitiesoperatingexpensefuelused": 158000000,
        "utilitiesoperatingexpensepurchasedpower": 272000000,
        "utilitiesoperatingexpensegasandpetroleumpurchased": 30000000,
        "utilitiesoperatingexpensemaintenanceoperationsandothercostsandexpenses": 470000000,
        "utilitiesoperatingexpensedepreciationandamortization": 369000000,
        "taxesexcludingincomeandexcisetaxes": 147000000,
        "operatingexpenses": 1446000000,
        "operatingincomeloss": 614000000,
        "othernonoperatingincomeexpense": 101000000,
        "interestexpense": 152000000,
        "incomelossfromcontinuingoperationsbeforeincometaxesextraordinaryitemsnoncontrollinginterest": 563000000,
        "incometaxexpensebenefit": 69000000,
        "profitloss": 494000000,
        "netincomelossattributabletononcontrollinginterest": 1000000,
        "netincomelossavailabletocommonstockholdersbasic": 493000000,
        "preferredstockdividendsincomestatementimpact": 1000000,
        "netincomeloss": 411000000,
        "othercomprehensiveincomelosspensionandotherpostretirementbenefitplansadjustmentnetoftax": 1000000,
        "comprehensiveincomenetoftaxincludingportionattributabletononcontrollinginterest": 493000000,
        "comprehensiveincomenetoftaxattributabletononcontrollinginterest": 1000000,
        "comprehensiveincomenetoftax": 492000000,
        "earningspersharebasic": 1.88,
        "earningspersharediluted": 1.87,
        "weightedaveragenumberofsharesoutstandingbasic": 262800000,
        "weightedaveragenumberofdilutedsharesoutstanding": 263400000,
        "othercomprehensiveincomelosspensionandotherpostretirementbenefitplanstax": -1000000
    },
    {
        "date": "2023-06-29",
        "symbol": "AEE",
        "period": "Q2",
        "revenuefromcontractwithcustomerincludingassessedtax": 50000000,
        "utilitiesoperatingexpensefuelused": 152000000,
        "utilitiesoperatingexpensepurchasedpower": 1000000,
        "utilitiesoperatingexpensegasandpetroleumpurchased": 33000000,
        "utilitiesoperatingexpensemaintenanceoperationsandothercostsandexpenses": 1000000,
        "utilitiesoperatingexpensedepreciationandamortization": 138000000,
        "taxesexcludingincomeandexcisetaxes": 32000000,
        "operatingexpenses": 596000000,
        "operatingincomeloss": 183000000,
        "othernonoperatingincomeexpense": 41000000,
        "interestexpense": 1000000,
        "incomelossfromcontinuingoperationsbeforeincometaxesextraordinaryitemsnoncontrollinginterest": 174000000,
        "incometaxexpensebenefit": 44000000,
        "profitloss": 130000000,
        "netincomelossattributabletononcontrollinginterest": -2000000,
        "netincomelossavailabletocommonstockholdersbasic": 237000000,
        "preferredstockdividendsincomestatementimpact": 1000000,
        "netincomeloss": 52000000,
        "othercomprehensiveincomelosspensionandotherpostretirementbenefitplansadjustmentnetoftax": 1000000,
        "comprehensiveincomenetoftaxincludingportionattributabletononcontrollinginterest": 238000000,
        "comprehensiveincomenetoftaxattributabletononcontrollinginterest": 2000000,
        "comprehensiveincomenetoftax": 236000000,
        "earningspersharebasic": 0.9,
        "earningspersharediluted": 0.9,
        "weightedaveragenumberofsharesoutstandingbasic": 262600000.00000003,
        "weightedaveragenumberofdilutedsharesoutstanding": 263200000
    },
    {
        "date": "2023-03-30",
        "symbol": "AEE",
        "period": "Q1",
        "revenuefromcontractwithcustomerincludingassessedtax": 55000000,
        "utilitiesoperatingexpensefuelused": 113000000,
        "utilitiesoperatingexpensepurchasedpower": 287000000,
        "utilitiesoperatingexpensegasandpetroleumpurchased": 161000000,
        "utilitiesoperatingexpensemaintenanceoperationsandothercostsandexpenses": 202000000,
        "utilitiesoperatingexpensedepreciationandamortization": 133000000,
        "taxesexcludingincomeandexcisetaxes": 42000000,
        "operatingexpenses": 825000000,
        "operatingincomeloss": 276000000,
        "othernonoperatingincomeexpense": 37000000,
        "interestexpense": 47000000,
        "incomelossfromcontinuingoperationsbeforeincometaxesextraordinaryitemsnoncontrollinginterest": 266000000,
        "incometaxexpensebenefit": 68000000,
        "profitloss": 198000000,
        "netincomelossattributabletononcontrollinginterest": -1000000,
        "netincomelossavailabletocommonstockholdersbasic": 264000000,
        "preferredstockdividendsincomestatementimpact": 1000000,
        "netincomeloss": 50000000,
        "othercomprehensiveincomelosspensionandotherpostretirementbenefitplansadjustmentnetoftax": 1000000,
        "comprehensiveincomenetoftaxincludingportionattributabletononcontrollinginterest": 264000000,
        "comprehensiveincomenetoftaxattributabletononcontrollinginterest": 1000000,
        "comprehensiveincomenetoftax": 263000000,
        "earningspersharebasic": 1.01,
        "earningspersharediluted": 1,
        "weightedaveragenumberofsharesoutstandingbasic": 262200000,
        "weightedaveragenumberofdilutedsharesoutstanding": 263100000.00000003
    },
    {
        "date": "2022-12-30",
        "symbol": "AEE",
        "period": "Q4",
        "revenuefromcontractwithcustomerincludingassessedtax": 6403000000,
        "utilitiesoperatingexpensefuelused": 97000000,
        "utilitiesoperatingexpensepurchasedpower": 939000000,
        "utilitiesoperatingexpensegasandpetroleumpurchased": 291000000,
        "utilitiesoperatingexpensemaintenanceoperationsandothercostsandexpenses": 1274000000,
        "utilitiesoperatingexpensedepreciationandamortization": 907000000,
        "taxesexcludingincomeandexcisetaxes": 417000000,
        "operatingexpenses": 4301000000,
        "operatingincomeloss": 959000000,
        "othernonoperatingincomeexpense": 151000000,
        "interestexpense": 361000000,
        "incometaxexpensebenefit": 46000000,
        "profitloss": 703000000,
        "netincomelossattributabletononcontrollinginterest": 9000000,
        "netincomelossavailabletocommonstockholdersbasic": 163000000,
        "comprehensiveincomenetoftaxincludingportionattributabletononcontrollinginterest": 149000000,
        "comprehensiveincomenetoftaxattributabletononcontrollinginterest": 1000000,
        "comprehensiveincomenetoftax": 148000000,
        "netincomeloss": 420000000,
        "earningspersharebasic": 0.6300000000000006,
        "earningspersharediluted": 0.6299999999999994,
        "weightedaveragenumberofsharesoutstandingbasic": 200000,
        "weightedaveragenumberofdilutedsharesoutstanding": 200000
    },
    {
        "date": "2022-09-29",
        "symbol": "AEE",
        "period": "Q3",
        "revenuefromcontractwithcustomerincludingassessedtax": 52000000,
        "utilitiesoperatingexpensefuelused": 117000000,
        "utilitiesoperatingexpensepurchasedpower": 319000000,
        "utilitiesoperatingexpensegasandpetroleumpurchased": 51000000,
        "utilitiesoperatingexpensemaintenanceoperationsandothercostsandexpenses": 215000000,
        "utilitiesoperatingexpensedepreciationandamortization": 130000000,
        "taxesexcludingincomeandexcisetaxes": 34000000,
        "operatingexpenses": 749000000,
        "operatingincomeloss": 155000000,
        "othernonoperatingincomeexpense": 26000000,
        "interestexpense": 42000000,
        "incomelossfromcontinuingoperationsbeforeincometaxesextraordinaryitemsnoncontrollinginterest": 139000000,
        "incometaxexpensebenefit": 36000000,
        "profitloss": 103000000,
        "netincomelossattributabletononcontrollinginterest": -1000000,
        "netincomelossavailabletocommonstockholdersbasic": 452000000,
        "netincomeloss": 56000000,
        "comprehensiveincomenetoftaxincludingportionattributabletononcontrollinginterest": 453000000,
        "comprehensiveincomenetoftaxattributabletononcontrollinginterest": 1000000,
        "comprehensiveincomenetoftax": 452000000,
        "earningspersharebasic": 1.7499999999999996,
        "earningspersharediluted": 1.74,
        "weightedaveragenumberofsharesoutstandingbasic": 200000,
        "weightedaveragenumberofdilutedsharesoutstanding": 100000
    },
    {
        "date": "2022-06-29",
        "symbol": "AEE",
        "period": "Q2",
        "revenuefromcontractwithcustomerincludingassessedtax": 64000000,
        "utilitiesoperatingexpensefuelused": 83000000,
        "utilitiesoperatingexpensepurchasedpower": 158000000,
        "utilitiesoperatingexpensegasandpetroleumpurchased": 68000000,
        "utilitiesoperatingexpensemaintenanceoperationsandothercostsandexpenses": 225000000,
        "utilitiesoperatingexpensedepreciationandamortization": 128000000,
        "taxesexcludingincomeandexcisetaxes": 35000000,
        "operatingexpenses": 614000000,
        "operatingincomeloss": 155000000,
        "othernonoperatingincomeexpense": 25000000,
        "interestexpense": 41000000,
        "incomelossfromcontinuingoperationsbeforeincometaxesextraordinaryitemsnoncontrollinginterest": 139000000,
        "incometaxexpensebenefit": 35000000,
        "profitloss": 104000000,
        "netincomelossattributabletononcontrollinginterest": -2000000,
        "netincomelossavailabletocommonstockholdersbasic": 207000000,
        "preferredstockdividendsincomestatementimpact": 0,
        "netincomeloss": 46000000,
        "othercomprehensiveincomelosspensionandotherpostretirementbenefitplansadjustmentnetoftax": 0,
        "comprehensiveincomenetoftaxincludingportionattributabletononcontrollinginterest": 209000000,
        "comprehensiveincomenetoftaxattributabletononcontrollinginterest": 2000000,
        "comprehensiveincomenetoftax": 207000000,
        "earningspersharebasic": 0.8,
        "earningspersharediluted": 0.8,
        "weightedaveragenumberofsharesoutstandingbasic": 100000.0000000298,
        "weightedaveragenumberofdilutedsharesoutstanding": 200000
    },
    {
        "date": "2022-03-30",
        "symbol": "AEE",
        "period": "Q1",
        "revenuefromcontractwithcustomerincludingassessedtax": 62000000,
        "utilitiesoperatingexpensefuelused": 176000000,
        "utilitiesoperatingexpensepurchasedpower": 131000000,
        "utilitiesoperatingexpensegasandpetroleumpurchased": 247000000,
        "utilitiesoperatingexpensemaintenanceoperationsandothercostsandexpenses": 223000000,
        "utilitiesoperatingexpensedepreciationandamortization": 124000000,
        "taxesexcludingincomeandexcisetaxes": 53000000,
        "operatingexpenses": 778000000,
        "operatingincomeloss": 246000000,
        "othernonoperatingincomeexpense": 24000000,
        "interestexpense": 42000000,
        "incomelossfromcontinuingoperationsbeforeincometaxesextraordinaryitemsnoncontrollinginterest": 228000000,
        "incometaxexpensebenefit": 59000000,
        "profitloss": 169000000,
        "netincomelossattributabletononcontrollinginterest": -1000000,
        "netincomelossavailabletocommonstockholdersbasic": 252000000,
        "preferredstockdividendsincomestatementimpact": 1000000,
        "netincomeloss": 40000000,
        "othercomprehensiveincomelosspensionandotherpostretirementbenefitplansadjustmentnetoftax": -1000000,
        "comprehensiveincomenetoftaxincludingportionattributabletononcontrollinginterest": 254000000,
        "comprehensiveincomenetoftaxattributabletononcontrollinginterest": 1000000,
        "comprehensiveincomenetoftax": 253000000,
        "earningspersharebasic": 0.98,
        "earningspersharediluted": 0.97,
        "weightedaveragenumberofsharesoutstandingbasic": 257899999.99999997,
        "weightedaveragenumberofdilutedsharesoutstanding": 259000000
    },
    {
        "date": "2021-12-30",
        "symbol": "AEE",
        "period": "Q4",
        "revenuefromcontractwithcustomerincludingassessedtax": 5183000000,
        "utilitiesoperatingexpensefuelused": 159000000,
        "utilitiesoperatingexpensepurchasedpower": 308000000,
        "utilitiesoperatingexpensegasandpetroleumpurchased": 207000000,
        "utilitiesoperatingexpensemaintenanceoperationsandothercostsandexpenses": 1170000000,
        "utilitiesoperatingexpensedepreciationandamortization": 796000000,
        "taxesexcludingincomeandexcisetaxes": 398000000,
        "operatingexpenses": 3460000000,
        "operatingincomeloss": 837000000,
        "othernonoperatingincomeexpense": 153000000,
        "interestexpense": 260000000,
        "incometaxexpensebenefit": 50000000,
        "profitloss": 680000000,
        "netincomelossattributabletononcontrollinginterest": 9000000,
        "netincomelossavailabletocommonstockholdersbasic": 125000000,
        "othercomprehensiveincomelosspensionandotherpostretirementbenefitplansadjustmentnetoftax": -13000000,
        "comprehensiveincomenetoftaxincludingportionattributabletononcontrollinginterest": 139000000,
        "comprehensiveincomenetoftaxattributabletononcontrollinginterest": 1000000,
        "comprehensiveincomenetoftax": 138000000,
        "preferredstockdividendsincomestatementimpact": 0,
        "netincomeloss": 402000000,
        "earningspersharebasic": 0.4700000000000001,
        "earningspersharediluted": 0.47999999999999987,
        "weightedaveragenumberofsharesoutstandingbasic": -511500000,
        "weightedaveragenumberofdilutedsharesoutstanding": -514100000
    },
    {
        "date": "2021-09-29",
        "symbol": "AEE",
        "period": "Q3",
        "revenuefromcontractwithcustomerincludingassessedtax": 29000000,
        "utilitiesoperatingexpensefuelused": 184000000,
        "utilitiesoperatingexpensepurchasedpower": 108000000,
        "utilitiesoperatingexpensegasandpetroleumpurchased": 41000000,
        "utilitiesoperatingexpensemaintenanceoperationsandothercostsandexpenses": 217000000,
        "utilitiesoperatingexpensedepreciationandamortization": 118000000,
        "taxesexcludingincomeandexcisetaxes": 34000000,
        "operatingexpenses": 518000000,
        "operatingincomeloss": 127000000,
        "othernonoperatingincomeexpense": 19000000,
        "interestexpense": 41000000,
        "incomelossfromcontinuingoperationsbeforeincometaxesextraordinaryitemsnoncontrollinginterest": 105000000,
        "incometaxexpensebenefit": 26000000,
        "profitloss": 79000000,
        "netincomelossattributabletononcontrollinginterest": -1000000,
        "netincomelossavailabletocommonstockholdersbasic": 425000000,
        "preferredstockdividendsincomestatementimpact": 1000000,
        "netincomeloss": 51000000,
        "othercomprehensiveincomelosspensionandotherpostretirementbenefitplansadjustmentnetoftax": -1000000,
        "comprehensiveincomenetoftaxincludingportionattributabletononcontrollinginterest": 427000000,
        "comprehensiveincomenetoftaxattributabletononcontrollinginterest": 1000000,
        "comprehensiveincomenetoftax": 426000000,
        "earningspersharebasic": 1.66,
        "earningspersharediluted": 1.65,
        "weightedaveragenumberofsharesoutstandingbasic": 257300000,
        "weightedaveragenumberofdilutedsharesoutstanding": 258600000.00000003
    },
    {
        "date": "2021-06-29",
        "symbol": "AEE",
        "period": "Q2",
        "revenuefromcontractwithcustomerincludingassessedtax": 37000000,
        "utilitiesoperatingexpensefuelused": 173000000,
        "utilitiesoperatingexpensepurchasedpower": 84000000,
        "utilitiesoperatingexpensegasandpetroleumpurchased": 60000000,
        "utilitiesoperatingexpensemaintenanceoperationsandothercostsandexpenses": 193000000,
        "utilitiesoperatingexpensedepreciationandamortization": 117000000,
        "taxesexcludingincomeandexcisetaxes": 34000000,
        "operatingexpenses": 488000000,
        "operatingincomeloss": 141000000,
        "othernonoperatingincomeexpense": 16000000,
        "interestexpense": 40000000,
        "incomelossfromcontinuingoperationsbeforeincometaxesminorityinterestandincomelossfromequitymethodinvestments": 117000000,
        "incometaxexpensebenefit": 31000000,
        "profitloss": 86000000,
        "netincomelossattributabletononcontrollinginterest": -1000000,
        "netincomelossavailabletocommonstockholdersbasic": 207000000,
        "preferredstockdividendsincomestatementimpact": 1000000,
        "netincomeloss": 37000000,
        "othercomprehensiveincomelosspensionandotherpostretirementbenefitplansadjustmentnetoftax": 1000000,
        "comprehensiveincomenetoftaxincludingportionattributabletononcontrollinginterest": 207000000,
        "comprehensiveincomenetoftaxattributabletononcontrollinginterest": 1000000,
        "comprehensiveincomenetoftax": 206000000,
        "earningspersharebasic": 0.81,
        "earningspersharediluted": 0.8,
        "weightedaveragenumberofsharesoutstandingbasic": 256100000.00000003,
        "weightedaveragenumberofdilutedsharesoutstanding": 257200000
    },
    {
        "date": "2021-03-30",
        "symbol": "AEE",
        "period": "Q1",
        "revenuefromcontractwithcustomerincludingassessedtax": 48000000,
        "utilitiesoperatingexpensefuelused": 65000000,
        "utilitiesoperatingexpensepurchasedpower": 106000000,
        "utilitiesoperatingexpensegasandpetroleumpurchased": 134000000,
        "utilitiesoperatingexpensemaintenanceoperationsandothercostsandexpenses": 194000000,
        "utilitiesoperatingexpensedepreciationandamortization": 115000000,
        "taxesexcludingincomeandexcisetaxes": 46000000,
        "operatingexpenses": 595000000,
        "operatingincomeloss": 228000000,
        "othernonoperatingincomeexpense": 14000000,
        "interestexpense": 42000000,
        "incomelossfromcontinuingoperationsbeforeincometaxesminorityinterestandincomelossfromequitymethodinvestments": 200000000,
        "incometaxexpensebenefit": 50000000,
        "profitloss": 150000000,
        "netincomelossattributabletononcontrollinginterest": -2000000,
        "netincomelossavailabletocommonstockholdersbasic": 233000000,
        "preferredstockdividendsincomestatementimpact": 1000000,
        "netincomeloss": 28000000,
        "othercomprehensiveincomelosspensionandotherpostretirementbenefitplansadjustmentnetoftax": -1000000,
        "comprehensiveincomenetoftaxincludingportionattributabletononcontrollinginterest": 236000000,
        "comprehensiveincomenetoftaxattributabletononcontrollinginterest": 2000000,
        "comprehensiveincomenetoftax": 234000000,
        "earningspersharebasic": 0.92,
        "earningspersharediluted": 0.91,
        "weightedaveragenumberofsharesoutstandingbasic": 254400000,
        "weightedaveragenumberofdilutedsharesoutstanding": 255900000
    },
    {
        "date": "2020-12-30",
        "symbol": "AEE",
        "period": "Q4",
        "revenuefromcontractwithcustomerincludingassessedtax": 3818000000,
        "utilitiesoperatingexpensefuelused": 90000000,
        "utilitiesoperatingexpensegasandpetroleumpurchased": 100000000,
        "utilitiesoperatingexpensedepreciationandamortization": 604000000,
        "taxesexcludingincomeandexcisetaxes": 293000000,
        "operatingexpenses": 2397000000,
        "operatingincomeloss": 801000000,
        "othernonoperatingincomeexpense": 96000000,
        "interestexpense": 249000000,
        "incomelossfromcontinuingoperationsbeforeincometaxesminorityinterestandincomelossfromequitymethodinvestments": 648000000,
        "profitloss": 568000000,
        "netincomelossattributabletononcontrollinginterest": 7000000,
        "netincomelossavailabletocommonstockholdersbasic": 115000000,
        "comprehensiveincomenetoftaxincludingportionattributabletononcontrollinginterest": 130000000,
        "comprehensiveincomenetoftaxattributabletononcontrollinginterest": 1000000,
        "comprehensiveincomenetoftax": 129000000,
        "preferredstockdividendsincomestatementimpact": 0,
        "netincomeloss": 367000000,
        "weightedaveragenumberofsharesoutstandingbasic": -246800000,
        "weightedaveragenumberofdilutedsharesoutstanding": -248500000
    },
    {
        "date": "2020-09-29",
        "symbol": "AEE",
        "period": "Q3",
        "revenuefromcontractwithcustomerincludingassessedtax": -15000000,
        "utilitiesoperatingexpensefuelused": 141000000,
        "utilitiesoperatingexpensepurchasedpower": 97000000,
        "utilitiesoperatingexpensegasandpetroleumpurchased": 29000000,
        "utilitiesoperatingexpensemaintenanceoperationsandothercostsandexpenses": 197000000,
        "utilitiesoperatingexpensedepreciationandamortization": 109000000,
        "taxesexcludingincomeandexcisetaxes": 33000000,
        "operatingexpenses": 465000000,
        "operatingincomeloss": 124000000,
        "othernonoperatingincomeexpense": 17000000,
        "interestexpense": 39000000,
        "incomelossfromcontinuingoperationsbeforeincometaxesminorityinterestandincomelossfromequitymethodinvestments": 102000000,
        "incometaxexpensebenefit": 25000000,
        "profitloss": 77000000,
        "netincomelossattributabletononcontrollinginterest": -2000000,
        "netincomelossavailabletocommonstockholdersbasic": 367000000,
        "preferredstockdividendsincomestatementimpact": 1000000,
        "netincomeloss": 41000000,
        "othercomprehensiveincomelosspensionandotherpostretirementbenefitplansadjustmentnetoftax": -1000000,
        "comprehensiveincomenetoftaxincludingportionattributabletononcontrollinginterest": 370000000,
        "comprehensiveincomenetoftaxattributabletononcontrollinginterest": 2000000,
        "comprehensiveincomenetoftax": 368000000,
        "earningspersharebasic": 1.48,
        "earningspersharediluted": 1.47,
        "weightedaveragenumberofsharesoutstandingbasic": 247100000,
        "weightedaveragenumberofdilutedsharesoutstanding": 249200000
    },
    {
        "date": "2020-06-29",
        "symbol": "AEE",
        "period": "Q2",
        "revenuefromcontractwithcustomerincludingassessedtax": -12000000,
        "utilitiesoperatingexpensefuelused": 119000000,
        "utilitiesoperatingexpensepurchasedpower": 0,
        "utilitiesoperatingexpensegasandpetroleumpurchased": 36000000,
        "utilitiesoperatingexpensemaintenanceoperationsandothercostsandexpenses": 0,
        "utilitiesoperatingexpensedepreciationandamortization": 107000000,
        "taxesexcludingincomeandexcisetaxes": 32000000,
        "operatingexpenses": 433000000,
        "operatingincomeloss": 134000000,
        "othernonoperatingincomeexpense": 17000000,
        "interestexpense": 38000000,
        "incomelossfromcontinuingoperationsbeforeincometaxesminorityinterestandincomelossfromequitymethodinvestments": 113000000,
        "incometaxexpensebenefit": 0,
        "profitloss": 84000000,
        "netincomelossattributabletononcontrollinginterest": -1000000,
        "netincomelossavailabletocommonstockholdersbasic": 243000000,
        "preferredstockdividendsincomestatementimpact": 1000000,
        "netincomeloss": 38000000,
        "othercomprehensiveincomelosspensionandotherpostretirementbenefitplansadjustmentnetoftax": 0,
        "comprehensiveincomenetoftaxincludingportionattributabletononcontrollinginterest": 244000000,
        "comprehensiveincomenetoftaxattributabletononcontrollinginterest": 1000000,
        "comprehensiveincomenetoftax": 243000000,
        "weightedaveragenumberofsharesoutstandingbasic": 300000,
        "weightedaveragenumberofdilutedsharesoutstanding": -100000
    },
    {
        "date": "2020-03-30",
        "symbol": "AEE",
        "period": "Q1",
        "revenuefromcontractwithcustomerincludingassessedtax": 1120000000,
        "utilitiesoperatingexpensefuelused": 140000000,
        "utilitiesoperatingexpensepurchasedpower": 134000000,
        "utilitiesoperatingexpensegasandpetroleumpurchased": 107000000,
        "utilitiesoperatingexpensemaintenanceoperationsandothercostsandexpenses": 438000000,
        "utilitiesoperatingexpensedepreciationandamortization": 255000000,
        "taxesexcludingincomeandexcisetaxes": 125000000,
        "operatingexpenses": 1199000000,
        "operatingincomeloss": 241000000,
        "othernonoperatingincomeexpense": 21000000,
        "interestexpense": 93000000,
        "incomelossfromcontinuingoperationsbeforeincometaxesminorityinterestandincomelossfromequitymethodinvestments": 169000000,
        "incometaxexpensebenefit": 21000000,
        "profitloss": 148000000,
        "netincomelossattributabletononcontrollinginterest": 2000000,
        "netincomelossavailabletocommonstockholdersbasic": 146000000,
        "preferredstockdividendsincomestatementimpact": 1000000,
        "netincomeloss": -10000000,
        "othercomprehensiveincomelosspensionandotherpostretirementbenefitplansadjustmentnetoftax": -1000000,
        "comprehensiveincomenetoftaxincludingportionattributabletononcontrollinginterest": 149000000,
        "comprehensiveincomenetoftaxattributabletononcontrollinginterest": 2000000,
        "comprehensiveincomenetoftax": 147000000,
        "earningspersharebasicanddiluted": 0.59,
        "weightedaveragenumberofsharesoutstandingbasic": 246400000,
        "weightedaveragenumberofdilutedsharesoutstanding": 248100000
    },
    {
        "date": "2019-12-30",
        "symbol": "AEE",
        "period": "Q4",
        "revenuefromcontractwithcustomerincludingassessedtax": 1053000000,
        "fuelcosts": 126000000,
        "utilitiesoperatingexpensepurchasedpower": 116000000,
        "utilitiesoperatingexpensegasandpetroleumpurchased": 95000000,
        "utilitiesoperatingexpensemaintenanceoperationsandothercostsandexpenses": 444000000,
        "taxesexcludingincomeandexcisetaxes": 106000000,
        "operatingexpenses": 1137000000,
        "operatingincomeloss": 179000000,
        "othernonoperatingincomeexpense": 31000000,
        "interestexpense": 91000000,
        "incomelossfromcontinuingoperationsbeforeincometaxesminorityinterestandincomelossfromequitymethodinvestments": 119000000,
        "incometaxexpensebenefit": 24000000,
        "profitloss": 95000000,
        "netincomelossattributabletononcontrollinginterest": 1000000,
        "netincomelossavailabletocommonstockholdersbasic": 94000000,
        "comprehensiveincomenetoftaxincludingportionattributabletononcontrollinginterest": 99000000,
        "comprehensiveincomenetoftaxattributabletononcontrollinginterest": 1000000,
        "comprehensiveincomenetoftax": 98000000,
        "preferredstockdividendsincomestatementimpact": 0,
        "netincomeloss": -20000000,
        "weightedaveragenumberofsharesoutstandingbasic": 100000,
        "weightedaveragenumberofdilutedsharesoutstanding": 100000
    },
    {
        "date": "2019-09-29",
        "symbol": "AEE",
        "period": "Q3",
        "revenuefromcontractwithcustomerincludingassessedtax": 1528000000,
        "fuelcosts": 147000000,
        "utilitiesoperatingexpensepurchasedpower": 148000000,
        "utilitiesoperatingexpensegasandpetroleumpurchased": 31000000,
        "utilitiesoperatingexpensemaintenanceoperationsandothercostsandexpenses": 434000000,
        "costdepreciationamortizationanddepletion": 248000000,
        "taxesexcludingincomeandexcisetaxes": 131000000,
        "operatingexpenses": 1139000000,
        "operatingincomeloss": 520000000,
        "othernonoperatingincomeexpense": 34000000,
        "interestexpense": 96000000,
        "incomelossfromcontinuingoperationsbeforeincometaxesminorityinterestandincomelossfromequitymethodinvestments": 458000000,
        "incometaxexpensebenefit": 92000000,
        "profitloss": 366000000,
        "netincomelossattributabletononcontrollinginterest": 2000000,
        "netincomelossavailabletocommonstockholdersbasic": 364000000,
        "preferredstockdividendsincomestatementimpact": 1000000,
        "netincomeloss": 300000000,
        "othercomprehensiveincomelosspensionandotherpostretirementbenefitplansadjustmentnetoftax": 0,
        "comprehensiveincomenetoftaxincludingportionattributabletononcontrollinginterest": 366000000,
        "comprehensiveincomenetoftaxattributabletononcontrollinginterest": 2000000,
        "comprehensiveincomenetoftax": 364000000,
        "weightedaveragenumberofsharesoutstandingbasic": 200000,
        "weightedaveragenumberofdilutedsharesoutstanding": 200000
    },
    {
        "date": "2019-06-29",
        "symbol": "AEE",
        "period": "Q2",
        "revenuefromcontractwithcustomerincludingassessedtax": 1218000000,
        "fuelcosts": 102000000,
        "utilitiesoperatingexpensepurchasedpower": 241000000,
        "utilitiesoperatingexpensegasandpetroleumpurchased": 178000000,
        "utilitiesoperatingexpensemaintenanceoperationsandothercostsandexpenses": 643000000,
        "costdepreciationamortizationanddepletion": 357000000,
        "taxesexcludingincomeandexcisetaxes": 167000000,
        "operatingexpenses": 1688000000,
        "operatingincomeloss": 489000000,
        "othernonoperatingincomeexpense": 53000000,
        "interestexpense": 147000000,
        "incomelossfromcontinuingoperationsbeforeincometaxesminorityinterestandincomelossfromequitymethodinvestments": 395000000,
        "incometaxexpensebenefit": 62000000,
        "profitloss": 333000000,
        "netincomelossattributabletononcontrollinginterest": 1000000,
        "netincomelossavailabletocommonstockholdersbasic": 179000000,
        "preferredstockdividendsincomestatementimpact": 1000000,
        "netincomeloss": 107000000,
        "othercomprehensiveincomelosspensionandotherpostretirementbenefitplansadjustmentnetoftax": -2000000,
        "comprehensiveincomenetoftaxincludingportionattributabletononcontrollinginterest": 180000000,
        "comprehensiveincomenetoftaxattributabletononcontrollinginterest": 1000000,
        "comprehensiveincomenetoftax": 179000000,
        "weightedaveragenumberofsharesoutstandingbasic": 400000,
        "weightedaveragenumberofdilutedsharesoutstanding": 400000
    },
    {
        "date": "2019-03-30",
        "symbol": "AEE",
        "period": "Q1",
        "revenuefromcontractwithcustomerincludingassessedtax": 1182000000,
        "fuelcosts": 160000000,
        "utilitiesoperatingexpensepurchasedpower": 51000000,
        "utilitiesoperatingexpensegasandpetroleumpurchased": 27000000,
        "utilitiesoperatingexpensemaintenanceoperationsandothercostsandexpenses": 224000000,
        "costdepreciationamortizationanddepletion": 140000000,
        "taxesexcludingincomeandexcisetaxes": 77000000,
        "operatingexpenses": 679000000,
        "operatingincomeloss": 79000000,
        "othernonoperatingincomeexpense": 12000000,
        "interestexpense": 47000000,
        "incomelossfromcontinuingoperationsbeforeincometaxesminorityinterestandincomelossfromequitymethodinvestments": 44000000,
        "incometaxexpensebenefit": 4000000,
        "profitloss": 40000000,
        "netincomelossattributabletononcontrollinginterest": 2000000,
        "netincomelossavailabletocommonstockholdersbasic": 191000000,
        "preferredstockdividendsincomestatementimpact": 1000000,
        "netincomeloss": 39000000,
        "othercomprehensiveincomelosspensionandotherpostretirementbenefitplansadjustmentnetoftax": 1000000,
        "comprehensiveincomenetoftaxincludingportionattributabletononcontrollinginterest": 194000000,
        "comprehensiveincomenetoftaxattributabletononcontrollinginterest": 2000000,
        "comprehensiveincomenetoftax": 192000000,
        "earningspersharebasicanddiluted": 0.78,
        "weightedaveragenumberofsharesoutstandingbasic": 244900000,
        "weightedaveragenumberofdilutedsharesoutstanding": 246400000
    },
    {
        "date": "2018-12-30",
        "symbol": "AEE",
        "period": "Q4",
        "fuelcosts": 179000000,
        "utilitiesoperatingexpensemaintenanceoperationsandothercostsandexpenses": 265000000,
        "taxesexcludingincomeandexcisetaxes": 71000000,
        "operatingexpenses": -2123000000,
        "operatingincomeloss": -753000000,
        "othernonoperatingincomeexpense": -57000000,
        "interestexpense": 48000000,
        "incomelossfromcontinuingoperationsbeforeincometaxesminorityinterestandincomelossfromequitymethodinvestments": -30000000,
        "incometaxexpensebenefit": -8000000,
        "profitloss": -22000000,
        "netincomelossattributabletononcontrollinginterest": 1000000,
        "netincomelossavailabletocommonstockholdersbasic": 68000000,
        "othercomprehensiveincomelosspensionandotherpostretirementbenefitplansadjustmentnetoftax": -3000000,
        "comprehensiveincomenetoftaxincludingportionattributabletononcontrollinginterest": 64000000,
        "comprehensiveincomenetoftaxattributabletononcontrollinginterest": 1000000,
        "comprehensiveincomenetoftax": 63000000,
        "preferredstockdividendsincomestatementimpact": 0,
        "weightedaveragenumberofsharesoutstandingbasic": -486900000,
        "netincomeloss": 151000000
    },
    {
        "date": "2018-09-29",
        "symbol": "AEE",
        "period": "Q3",
        "revenuefromcontractwithcustomerincludingassessedtax": -26000000,
        "fuelcosts": 216000000,
        "utilitiesoperatingexpensepurchasedpower": 49000000,
        "utilitiesoperatingexpensegasandpetroleumpurchased": 5000000,
        "utilitiesoperatingexpensemaintenanceoperationsandothercostsandexpenses": 234000000,
        "costdepreciationamortizationanddepletion": 137000000,
        "taxesexcludingincomeandexcisetaxes": 94000000,
        "operatingexpenses": 735000000,
        "operatingincomeloss": 394000000,
        "othernonoperatingincomeexpense": 16000000,
        "interestexpense": 50000000,
        "incomelossfromcontinuingoperationsbeforeincometaxesminorityinterestandincomelossfromequitymethodinvestments": 360000000,
        "incometaxexpensebenefit": 65000000,
        "profitloss": 295000000,
        "netincomelossattributabletononcontrollinginterest": 2000000,
        "netincomelossavailabletocommonstockholdersbasic": 357000000,
        "preferredstockdividendsincomestatementimpact": 1000000,
        "netincomeloss": 294000000,
        "othercomprehensiveincomelosspensionandotherpostretirementbenefitplansadjustmentnetoftax": -2000000,
        "comprehensiveincomenetoftaxincludingportionattributabletononcontrollinginterest": 361000000,
        "comprehensiveincomenetoftaxattributabletononcontrollinginterest": 2000000,
        "comprehensiveincomenetoftax": 359000000,
        "earningspersharebasic": 1.46,
        "earningspersharediluted": 1.45,
        "commonstockdividendspersharecashpaid": 0.4575,
        "weightedaveragenumberofsharesoutstandingbasic": 244100000,
        "weightedaveragenumberofdilutedsharesoutstanding": 246300000
    },
    {
        "date": "2018-06-29",
        "symbol": "AEE",
        "period": "Q2",
        "revenuefromcontractwithcustomerincludingassessedtax": -24000000,
        "fuelcosts": 186000000,
        "utilitiesoperatingexpensepurchasedpower": 40000000,
        "utilitiesoperatingexpensegasandpetroleumpurchased": 8000000,
        "utilitiesoperatingexpensemaintenanceoperationsandothercostsandexpenses": 241000000,
        "costdepreciationamortizationanddepletion": 138000000,
        "taxesexcludingincomeandexcisetaxes": 84000000,
        "operatingexpenses": 697000000,
        "operatingincomeloss": 258000000,
        "othernonoperatingincomeexpense": 16000000,
        "interestexpense": 51000000,
        "incomelossfromcontinuingoperationsbeforeincometaxesminorityinterestandincomelossfromequitymethodinvestments": 223000000,
        "incometaxexpensebenefit": 54000000,
        "profitloss": 169000000,
        "netincomelossattributabletononcontrollinginterest": 1000000,
        "netincomelossavailabletocommonstockholdersbasic": 239000000,
        "preferredstockdividendsincomestatementimpact": 1000000,
        "netincomeloss": -5000000,
        "othercomprehensiveincomelosspensionandotherpostretirementbenefitplansadjustmentnetoftax": 2000000,
        "comprehensiveincomenetoftaxincludingportionattributabletononcontrollinginterest": 238000000,
        "comprehensiveincomenetoftaxattributabletononcontrollinginterest": 1000000,
        "comprehensiveincomenetoftax": 237000000,
        "earningspersharebasic": 0.98,
        "earningspersharediluted": 0.97,
        "commonstockdividendspersharecashpaid": 0.4575,
        "weightedaveragenumberofsharesoutstandingbasic": 243700000,
        "weightedaveragenumberofdilutedsharesoutstanding": 245800000
    },
    {
        "date": "2018-03-30",
        "symbol": "AEE",
        "period": "Q1",
        "electricutilityrevenue": 5000000,
        "gasdomesticregulatedrevenue": 51000000,
        "revenues": 784000000,
        "fuelcosts": 188000000,
        "costofpurchasedpower": 42000000,
        "costofnaturalgaspurchases": 24000000,
        "utilitiesoperatingexpensemaintenanceoperationsandothercostsandexpenses": 232000000,
        "costofgoodssolddepreciationdepletionandamortization": 136000000,
        "taxesexcludingincomeandexcisetaxes": 80000000,
        "operatingexpenses": 702000000,
        "operatingincomeloss": 90000000,
        "othernonoperatingincomeexpense": 13000000,
        "interestexpense": 51000000,
        "incomelossfromcontinuingoperationsbeforeincometaxesminorityinterestandincomelossfromequitymethodinvestments": 52000000,
        "incometaxexpensebenefit": 13000000,
        "profitloss": 39000000,
        "netincomelossattributabletononcontrollinginterest": 2000000,
        "preferredstockdividendsincomestatementimpact": 1000000,
        "netincomelossavailabletocommonstockholdersbasic": 151000000,
        "netincomeloss": 38000000,
        "othercomprehensiveincomelosspensionandotherpostretirementbenefitplansadjustmentnetoftax": -1000000,
        "comprehensiveincomenetoftaxincludingportionattributabletononcontrollinginterest": 154000000,
        "comprehensiveincomenetoftaxattributabletononcontrollinginterest": 2000000,
        "comprehensiveincomenetoftax": 152000000,
        "earningspersharebasicanddiluted": 0.62,
        "commonstockdividendspersharecashpaid": 0.4575,
        "weightedaveragenumberofsharesoutstandingbasic": 242900000
    },
    {
        "date": "2017-12-30",
        "symbol": "AEE",
        "period": "Q4",
        "comprehensiveincomenetoftax": 166000000,
        "electricutilityrevenue": 656000000,
        "gasdomesticregulatedrevenue": 43000000,
        "revenues": 691000000,
        "fuelcosts": 143000000,
        "costofpurchasedpower": 44000000,
        "costofnaturalgaspurchases": 18000000,
        "utilitiesoperatingexpensemaintenanceoperationsandothercostsandexpenses": 247000000,
        "costofgoodssolddepreciationdepletionandamortization": 134000000,
        "taxesexcludingincomeandexcisetaxes": 73000000,
        "operatingexpenses": -2120000000,
        "operatingincomeloss": -720000000,
        "othernonoperatingincome": 12000000,
        "othernonoperatingexpense": 2000000,
        "othernonoperatingincomeexpense": 10000000,
        "interestexpense": 50000000,
        "incomelossfromcontinuingoperationsbeforeincometaxesminorityinterestandincomelossfromequitymethodinvestments": 0,
        "incometaxexpensebenefit": 36000000,
        "profitloss": -36000000,
        "netincomeloss": -60000000,
        "preferredstockdividendsincomestatementimpact": 0,
        "netincomelossavailabletocommonstockholdersbasic": -36000000,
        "commonstockdividendspersharecashpaid": 0.4579999999999999,
        "weightedaveragenumberofsharesoutstandingbasic": 0
    },
    {
        "date": "2017-09-29",
        "symbol": "AEE",
        "period": "Q3",
        "profitloss": 235000000,
        "comprehensiveincomenetoftaxincludingportionattributabletononcontrollinginterest": 290000000,
        "comprehensiveincomenetoftaxattributabletononcontrollinginterest": 2000000,
        "comprehensiveincomenetoftax": 235000000,
        "electricutilityrevenue": 1098000000,
        "gasdomesticregulatedrevenue": 17000000,
        "revenues": 1104000000,
        "fuelcosts": 199000000,
        "costofpurchasedpower": 42000000,
        "costofnaturalgaspurchases": 4000000,
        "utilitiesoperatingexpensemaintenanceoperationsandothercostsandexpenses": 224000000,
        "costofgoodssolddepreciationdepletionandamortization": 134000000,
        "taxesexcludingincomeandexcisetaxes": 95000000,
        "operatingexpenses": 698000000,
        "operatingincomeloss": 417000000,
        "othernonoperatingincome": 13000000,
        "othernonoperatingexpense": 2000000,
        "othernonoperatingincomeexpense": 11000000,
        "interestexpense": 50000000,
        "incomelossfromcontinuingoperationsbeforeincometaxesminorityinterestandincomelossfromequitymethodinvestments": 378000000,
        "incometaxexpensebenefit": 143000000,
        "netincomelossattributabletononcontrollinginterest": 2000000,
        "netincomeloss": 288000000,
        "commonstockdividendspersharecashpaid": 0.4400000000000001,
        "weightedaveragenumberofsharesoutstandingbasic": -242600000,
        "preferredstockdividendsincomestatementimpact": 1000000,
        "netincomelossavailabletocommonstockholdersbasic": 234000000
    },
    {
        "date": "2017-06-29",
        "symbol": "AEE",
        "period": "Q2",
        "profitloss": 121000000,
        "othercomprehensiveincomelosspensionandotherpostretirementbenefitplansadjustmentnetoftax": -2000000,
        "comprehensiveincomenetoftaxincludingportionattributabletononcontrollinginterest": 196000000,
        "comprehensiveincomenetoftaxattributabletononcontrollinginterest": 1000000,
        "comprehensiveincomenetoftax": 121000000,
        "othercomprehensiveincomelosspensionandotherpostretirementbenefitplanstax": 1000000,
        "electricutilityrevenue": 913000000,
        "gasdomesticregulatedrevenue": 22000000,
        "othersalesrevenuenet": 1000000,
        "revenues": 923000000,
        "fuelcosts": 189000000,
        "costofpurchasedpower": 68000000,
        "costofnaturalgaspurchases": 5000000,
        "utilitiesoperatingexpensemaintenanceoperationsandothercostsandexpenses": 219000000,
        "costofgoodssolddepreciationdepletionandamortization": 132000000,
        "taxesexcludingincomeandexcisetaxes": 85000000,
        "operatingexpenses": 698000000,
        "operatingincomeloss": 237000000,
        "othernonoperatingincome": 11000000,
        "othernonoperatingexpense": 2000000,
        "othernonoperatingincomeexpense": 9000000,
        "interestexpense": 53000000,
        "incomelossfromcontinuingoperationsbeforeincometaxesminorityinterestandincomelossfromequitymethodinvestments": 193000000,
        "incometaxexpensebenefit": 72000000,
        "netincomelossattributabletononcontrollinginterest": 1000000,
        "netincomeloss": 193000000,
        "earningspersharebasicanddiluted": 0.79,
        "commonstockdividendspersharecashpaid": 0.44,
        "weightedaveragenumberofsharesoutstandingbasic": 242600000,
        "preferredstockdividendsincomestatementimpact": 1000000,
        "netincomelossavailabletocommonstockholdersbasic": 120000000
    },
    {
        "date": "2017-03-30",
        "symbol": "AEE",
        "period": "Q1",
        "profitloss": 6000000,
        "comprehensiveincomenetoftaxincludingportionattributabletononcontrollinginterest": 104000000,
        "comprehensiveincomenetoftaxattributabletononcontrollinginterest": 2000000,
        "comprehensiveincomenetoftax": 6000000,
        "electricutilityrevenue": 746000000,
        "gasdomesticregulatedrevenue": 44000000,
        "revenues": 772000000,
        "fuelcosts": 206000000,
        "costofpurchasedpower": 91000000,
        "costofnaturalgaspurchases": 20000000,
        "utilitiesoperatingexpensemaintenanceoperationsandothercostsandexpenses": 212000000,
        "costofgoodssolddepreciationdepletionandamortization": 133000000,
        "taxesexcludingincomeandexcisetaxes": 75000000,
        "operatingexpenses": 737000000,
        "operatingincomeloss": 53000000,
        "othernonoperatingincome": 12000000,
        "othernonoperatingexpense": 2000000,
        "othernonoperatingincomeexpense": 10000000,
        "interestexpense": 54000000,
        "incomelossfromcontinuingoperationsbeforeincometaxesminorityinterestandincomelossfromequitymethodinvestments": 9000000,
        "incometaxexpensebenefit": 3000000,
        "netincomelossattributabletononcontrollinginterest": 2000000,
        "netincomeloss": 102000000,
        "earningspersharebasicanddiluted": 0.42,
        "preferredstockdividendsincomestatementimpact": 1000000,
        "netincomelossavailabletocommonstockholdersbasic": 5000000,
        "commonstockdividendspersharecashpaid": 0.44,
        "weightedaveragenumberofsharesoutstandingbasic": 242600000
    },
    {
        "date": "2016-12-30",
        "symbol": "AEE",
        "period": "Q4",
        "incomelossfromcontinuingoperationsincludingportionattributabletononcontrollinginterest": 33000000,
        "othercomprehensiveincomelosspensionandotherpostretirementbenefitplansadjustmentnetoftax": -23000000,
        "comprehensiveincomelossfromcontinuingoperationsnetoftaxincludingportionattributabletononcontrollinginterest": 12000000,
        "comprehensiveincomelossfromcontinuingoperationsnetoftaxattributabletononcontrollinginterest": 1000000,
        "comprehensiveincomenetoftax": 283000000,
        "othercomprehensiveincomelosspensionandotherpostretirementbenefitplanstax": -8000000,
        "electricutilityrevenue": 1837000000,
        "gasdomesticregulatedrevenue": 38000000,
        "revenues": 2049000000,
        "fuelcosts": 171000000,
        "costofpurchasedpower": 83000000,
        "costofnaturalgaspurchases": 16000000,
        "utilitiesoperatingexpensemaintenanceoperationsandothercostsandexpenses": 223000000,
        "costofgoodssolddepreciationdepletionandamortization": 461000000,
        "taxesexcludingincomeandexcisetaxes": 73000000,
        "operatingexpenses": -2068000000,
        "operatingincomeloss": -705000000,
        "othernonoperatingincome": 14000000,
        "othernonoperatingexpense": 4000000,
        "othernonoperatingincomeexpense": -37000000,
        "interestexpense": 224000000,
        "incomelossfromcontinuingoperationsbeforeincometaxesminorityinterestandincomelossfromequitymethodinvestments": 11000000,
        "incometaxexpensebenefit": 167000000,
        "profitloss": 10000000,
        "incomelossfromcontinuingoperationsattributabletononcontrollingentity": 1000000,
        "incomelossfromcontinuingoperations": 32000000,
        "netincomeloss": 303000000,
        "preferredstockdividendsincomestatementimpact": 0,
        "netincomelossavailabletocommonstockholdersbasic": 10000000,
        "incomelossfromcontinuingoperationsperbasicshare": 0.12999999999999995,
        "earningspersharebasic": 0.12999999999999995,
        "commonstockdividendspersharecashpaid": 0.44,
        "weightedaveragenumberofsharesoutstandingbasic": -485200000
    },
    {
        "date": "2016-09-29",
        "symbol": "AEE",
        "period": "Q3",
        "incomelossfromcontinuingoperationsincludingportionattributabletononcontrollinginterest": 371000000,
        "othercomprehensiveincomelosspensionandotherpostretirementbenefitplansadjustmentnetoftax": 1000000,
        "comprehensiveincomelossfromcontinuingoperationsnetoftaxincludingportionattributabletononcontrollinginterest": 370000000,
        "comprehensiveincomelossfromcontinuingoperationsnetoftaxattributabletononcontrollinginterest": 2000000,
        "comprehensiveincomelossfromcontinuingoperationsnetoftaxportionattributabletoparent": 368000000,
        "comprehensiveincomenetoftax": 242000000,
        "othercomprehensiveincomelosspensionandotherpostretirementbenefitplanstax": -1000000,
        "electricutilityrevenue": 19000000,
        "gasdomesticregulatedrevenue": 20000000,
        "othersalesrevenuenet": 1000000,
        "revenues": 1859000000,
        "fuelcosts": 205000000,
        "costofpurchasedpower": 77000000,
        "costofnaturalgaspurchases": 6000000,
        "utilitiesoperatingexpensemaintenanceoperationsandothercostsandexpenses": 220000000,
        "costofgoodssolddepreciationdepletionandamortization": 130000000,
        "taxesexcludingincomeandexcisetaxes": 96000000,
        "operatingexpenses": 734000000,
        "operatingincomeloss": 431000000,
        "othernonoperatingincome": 14000000,
        "othernonoperatingexpense": 2000000,
        "othernonoperatingincomeexpense": 12000000,
        "interestexpense": 53000000,
        "incomelossfromcontinuingoperationsbeforeincometaxesminorityinterestandincomelossfromequitymethodinvestments": 390000000,
        "incometaxexpensebenefit": 148000000,
        "profitloss": 242000000,
        "incomelossfromcontinuingoperationsattributabletononcontrollingentity": 2000000,
        "incomelossfromcontinuingoperations": 369000000,
        "netincomeloss": 242000000,
        "incomelossfromcontinuingoperationsperbasicshare": 1.52,
        "earningspersharebasic": 1.52,
        "incomelossfromcontinuingoperationsperdilutedshare": 1.52,
        "earningspersharediluted": 1.52,
        "preferredstockdividendsincomestatementimpact": 1000000,
        "netincomelossavailabletocommonstockholdersbasic": 241000000,
        "commonstockdividendspersharecashpaid": 0.425,
        "weightedaveragenumberofsharesoutstandingbasic": 242600000,
        "weightedaveragenumberofdilutedsharesoutstanding": 242900000
    },
    {
        "date": "2016-06-29",
        "symbol": "AEE",
        "period": "Q2",
        "incomelossfromcontinuingoperationsincludingportionattributabletononcontrollinginterest": 148000000,
        "othercomprehensiveincomelosspensionandotherpostretirementbenefitplansadjustmentnetoftax": 1000000,
        "comprehensiveincomelossfromcontinuingoperationsnetoftaxincludingportionattributabletononcontrollinginterest": 152000000,
        "comprehensiveincomelossfromcontinuingoperationsnetoftaxattributabletononcontrollinginterest": 1000000,
        "comprehensiveincomelossfromcontinuingoperationsnetoftaxportionattributabletoparent": 151000000,
        "comprehensiveincomenetoftax": 93000000,
        "othercomprehensiveincomelosspensionandotherpostretirementbenefitplanstax": 3000000,
        "electricutilityrevenue": 844000000,
        "gasdomesticregulatedrevenue": 23000000,
        "revenues": 1427000000,
        "fuelcosts": 166000000,
        "costofpurchasedpower": 50000000,
        "costofnaturalgaspurchases": 6000000,
        "utilitiesoperatingexpensemaintenanceoperationsandothercostsandexpenses": 238000000,
        "costofgoodssolddepreciationdepletionandamortization": 127000000,
        "taxesexcludingincomeandexcisetaxes": 83000000,
        "operatingexpenses": 670000000,
        "operatingincomeloss": 197000000,
        "othernonoperatingincome": 9000000,
        "othernonoperatingexpense": 2000000,
        "othernonoperatingincomeexpense": 7000000,
        "interestexpense": 53000000,
        "incomelossfromcontinuingoperationsbeforeincometaxesminorityinterestandincomelossfromequitymethodinvestments": 151000000,
        "incometaxexpensebenefit": 58000000,
        "profitloss": 93000000,
        "incomelossfromcontinuingoperationsattributabletononcontrollingentity": 1000000,
        "incomelossfromcontinuingoperations": 147000000,
        "netincomeloss": 93000000,
        "incomelossfromcontinuingoperationsperbasicshare": 0.61,
        "earningspersharebasic": 0.61,
        "commonstockdividendspersharecashpaid": 0.425,
        "weightedaveragenumberofsharesoutstandingbasic": 242600000,
        "preferredstockdividendsincomestatementimpact": 1000000,
        "netincomelossavailabletocommonstockholdersbasic": 92000000
    },
    {
        "date": "2016-03-30",
        "symbol": "AEE",
        "period": "Q1",
        "incomelossfromcontinuingoperationsincludingportionattributabletononcontrollinginterest": 107000000,
        "othercomprehensiveincomelosspensionandotherpostretirementbenefitplansadjustmentnetoftax": 1000000,
        "comprehensiveincomelossfromcontinuingoperationsnetoftaxincludingportionattributabletononcontrollinginterest": 105000000,
        "comprehensiveincomelossfromcontinuingoperationsnetoftaxattributabletononcontrollinginterest": 2000000,
        "comprehensiveincomenetoftax": 15000000,
        "othercomprehensiveincomelosspensionandotherpostretirementbenefitplanstax": -1000000,
        "electricutilityrevenue": 694000000,
        "gasdomesticregulatedrevenue": 47000000,
        "revenues": 741000000,
        "fuelcosts": 203000000,
        "costofpurchasedpower": 42000000,
        "costofnaturalgaspurchases": 21000000,
        "utilitiesoperatingexpensemaintenanceoperationsandothercostsandexpenses": 212000000,
        "costofgoodssolddepreciationdepletionandamortization": 127000000,
        "taxesexcludingincomeandexcisetaxes": 73000000,
        "operatingexpenses": 678000000,
        "operatingincomeloss": 63000000,
        "othernonoperatingincome": 15000000,
        "othernonoperatingexpense": 2000000,
        "othernonoperatingincomeexpense": 13000000,
        "interestexpense": 52000000,
        "incomelossfromcontinuingoperationsbeforeincometaxesminorityinterestandincomelossfromequitymethodinvestments": 24000000,
        "incometaxexpensebenefit": 9000000,
        "profitloss": 15000000,
        "incomelossfromcontinuingoperationsattributabletononcontrollingentity": 2000000,
        "incomelossfromcontinuingoperations": 105000000,
        "netincomeloss": 15000000,
        "incomelossfromcontinuingoperationsperbasicshare": 0.43,
        "earningspersharebasic": 0.43,
        "commonstockdividendspersharecashpaid": 0.425,
        "weightedaveragenumberofsharesoutstandingbasic": 242600000,
        "preferredstockdividendsincomestatementimpact": 1000000,
        "netincomelossavailabletocommonstockholdersbasic": 14000000
    },
    {
        "date": "2015-12-30",
        "symbol": "AEE",
        "period": "Q4",
        "incomelossfromcontinuingoperationsincludingportionattributabletononcontrollinginterest": 31000000,
        "comprehensiveincomelossfromcontinuingoperationsnetoftaxincludingportionattributabletononcontrollinginterest": 33000000,
        "comprehensiveincomelossfromcontinuingoperationsnetoftaxattributabletononcontrollinginterest": 1000000,
        "comprehensiveincomelossfromcontinuingoperationsnetoftaxportionattributabletoparent": 32000000,
        "comprehensiveincomenetoftax": 292000000,
        "othercomprehensiveincomelosspensionandotherpostretirementbenefitplanstax": 5000000,
        "electricutilityrevenue": 718000000,
        "gasdomesticregulatedrevenue": 36000000,
        "revenues": 1308000000,
        "fuelcosts": 208000000,
        "costofpurchasedpower": 24000000,
        "costofnaturalgaspurchases": 14000000,
        "utilitiesoperatingexpensemaintenanceoperationsandothercostsandexpenses": 252000000,
        "costofgoodssolddepreciationdepletionandamortization": 429000000,
        "taxesexcludingincomeandexcisetaxes": 73000000,
        "operatingexpenses": -2157000000,
        "operatingincomeloss": -698000000,
        "othernonoperatingincome": 15000000,
        "othernonoperatingexpense": 3000000,
        "othernonoperatingincomeexpense": -34000000,
        "interestexpense": 191000000,
        "incomelossfromcontinuingoperationsbeforeincometaxesminorityinterestandincomelossfromequitymethodinvestments": 15000000,
        "incometaxexpensebenefit": 158000000,
        "profitloss": 11000000,
        "incomelossfromcontinuingoperationsattributabletononcontrollingentity": 1000000,
        "incomelossfromcontinuingoperations": 30000000,
        "netincomeloss": 286000000,
        "preferredstockdividendsincomestatementimpact": 0,
        "netincomelossavailabletocommonstockholdersbasic": 11000000,
        "incomelossfromcontinuingoperationsperbasicshare": 0.11999999999999994,
        "earningspersharebasic": 0.11999999999999994,
        "commonstockdividendspersharecashpaid": 0.425,
        "weightedaveragenumberofsharesoutstandingbasic": 0
    },
    {
        "date": "2015-09-29",
        "symbol": "AEE",
        "period": "Q3",
        "incomelossfromcontinuingoperationsincludingportionattributabletononcontrollinginterest": 345000000,
        "othercomprehensiveincomelosspensionandotherpostretirementbenefitplansadjustmentnetoftax": 0,
        "comprehensiveincomelossfromcontinuingoperationsnetoftaxincludingportionattributabletononcontrollinginterest": 345000000,
        "comprehensiveincomelossfromcontinuingoperationsnetoftaxattributabletononcontrollinginterest": 2000000,
        "comprehensiveincomelossfromcontinuingoperationsnetoftaxportionattributabletoparent": 343000000,
        "comprehensiveincomenetoftax": 240000000,
        "othercomprehensiveincomelosspensionandotherpostretirementbenefitplanstax": -5000000,
        "electricutilityrevenue": 1151000000,
        "gasdomesticregulatedrevenue": 19000000,
        "revenues": 2589000000,
        "fuelcosts": 259000000,
        "costofpurchasedpower": 29000000,
        "costofnaturalgaspurchases": 5000000,
        "utilitiesoperatingexpensemaintenanceoperationsandothercostsandexpenses": 233000000,
        "costofgoodssolddepreciationdepletionandamortization": 125000000,
        "taxesexcludingincomeandexcisetaxes": 97000000,
        "operatingexpenses": 748000000,
        "operatingincomeloss": 423000000,
        "othernonoperatingincome": 14000000,
        "othernonoperatingexpense": 3000000,
        "othernonoperatingincomeexpense": 11000000,
        "interestexpense": 54000000,
        "incomelossfromcontinuingoperationsbeforeincometaxesminorityinterestandincomelossfromequitymethodinvestments": 380000000,
        "incometaxexpensebenefit": 140000000,
        "profitloss": 240000000,
        "incomelossfromcontinuingoperationsattributabletononcontrollingentity": 2000000,
        "incomelossfromcontinuingoperations": 343000000,
        "netincomeloss": 240000000,
        "incomelossfromcontinuingoperationsperbasicshare": 1.4200000000000002,
        "earningspersharebasic": 1.4200000000000002,
        "commonstockdividendspersharecashpaid": 0.4100000000000001,
        "weightedaveragenumberofsharesoutstandingbasic": -242600000,
        "preferredstockdividendsincomestatementimpact": 1000000,
        "netincomelossavailabletocommonstockholdersbasic": 239000000
    },
    {
        "date": "2015-06-29",
        "symbol": "AEE",
        "period": "Q2",
        "incomelossfromcontinuingoperationsincludingportionattributabletononcontrollinginterest": 99000000,
        "othercomprehensiveincomelosspensionandotherpostretirementbenefitplansadjustmentnetoftax": 1000000,
        "comprehensiveincomelossfromcontinuingoperationsnetoftaxincludingportionattributabletononcontrollinginterest": 103000000,
        "comprehensiveincomelossfromcontinuingoperationsnetoftaxattributabletononcontrollinginterest": 1000000,
        "comprehensiveincomelossfromcontinuingoperationsnetoftaxportionattributabletoparent": 102000000,
        "incomelossfromdiscontinuedoperationsnetoftax": 52000000,
        "comprehensiveincomelossfromdiscontinuedoperationsnetoftaxportionattributabletoparent": 52000000,
        "comprehensiveincomenetoftax": 62000000,
        "othercomprehensiveincomelosspensionandotherpostretirementbenefitplanstax": 4000000,
        "electricutilityrevenue": 859000000,
        "gasdomesticregulatedrevenue": 24000000,
        "othersalesrevenuenet": 1000000,
        "revenues": 1401000000,
        "fuelcosts": 205000000,
        "costofpurchasedpower": 19000000,
        "costofnaturalgaspurchases": 7000000,
        "utilitiesoperatingexpensemaintenanceoperationsandothercostsandexpenses": 229000000,
        "assetimpairmentcharges": 69000000,
        "costofgoodssolddepreciationdepletionandamortization": 124000000,
        "taxesexcludingincomeandexcisetaxes": 85000000,
        "operatingexpenses": 738000000,
        "operatingincomeloss": 146000000,
        "othernonoperatingincome": 12000000,
        "othernonoperatingexpense": 2000000,
        "othernonoperatingincomeexpense": 10000000,
        "interestexpense": 55000000,
        "incomelossfromcontinuingoperationsbeforeincometaxesminorityinterestandincomelossfromequitymethodinvestments": 101000000,
        "incometaxexpensebenefit": 39000000,
        "profitloss": 62000000,
        "incomelossfromcontinuingoperationsattributabletononcontrollingentity": 1000000,
        "incomelossfromcontinuingoperations": 98000000,
        "incomelossfromdiscontinuedoperationsnetoftaxattributabletoreportingentity": 52000000,
        "netincomeloss": 62000000,
        "incomelossfromcontinuingoperationsperbasicshare": 0.4,
        "incomelossfromdiscontinuedoperationsnetoftaxperbasicshare": 0.21,
        "earningspersharebasic": 0.61,
        "commonstockdividendspersharecashpaid": 0.41,
        "weightedaveragenumberofsharesoutstandingbasic": 242600000,
        "preferredstockdividendsincomestatementimpact": 1000000,
        "netincomelossavailabletocommonstockholdersbasic": 61000000
    },
    {
        "date": "2015-03-30",
        "symbol": "AEE",
        "period": "Q1",
        "incomelossfromcontinuingoperationsincludingportionattributabletononcontrollinginterest": 110000000,
        "othercomprehensiveincomelosspensionandotherpostretirementbenefitplansadjustmentnetoftax": 1000000,
        "comprehensiveincomelossfromcontinuingoperationsnetoftaxincludingportionattributabletononcontrollinginterest": 110000000,
        "comprehensiveincomelossfromcontinuingoperationsnetoftaxattributabletononcontrollinginterest": 2000000,
        "comprehensiveincomelossfromcontinuingoperationsnetoftaxportionattributabletoparent": 108000000,
        "comprehensiveincomenetoftax": 42000000,
        "othercomprehensiveincomelosspensionandotherpostretirementbenefitplanstax": -1000000,
        "electricutilityrevenue": 742000000,
        "gasdomesticregulatedrevenue": 58000000,
        "revenues": 800000000,
        "fuelcosts": 206000000,
        "costofpurchasedpower": 39000000,
        "costofnaturalgaspurchases": 31000000,
        "utilitiesoperatingexpensemaintenanceoperationsandothercostsandexpenses": 211000000,
        "costofgoodssolddepreciationdepletionandamortization": 118000000,
        "taxesexcludingincomeandexcisetaxes": 80000000,
        "operatingexpenses": 685000000,
        "operatingincomeloss": 115000000,
        "othernonoperatingincome": 11000000,
        "othernonoperatingexpense": 3000000,
        "othernonoperatingincomeexpense": 8000000,
        "interestexpense": 55000000,
        "incomelossfromcontinuingoperationsbeforeincometaxesminorityinterestandincomelossfromequitymethodinvestments": 68000000,
        "incometaxexpensebenefit": 26000000,
        "profitloss": 42000000,
        "incomelossfromcontinuingoperationsattributabletononcontrollingentity": 2000000,
        "incomelossfromcontinuingoperations": 108000000,
        "netincomeloss": 42000000,
        "incomelossfromcontinuingoperationsperbasicshare": 0.45,
        "earningspersharebasic": 0.45,
        "commonstockdividendspersharecashpaid": 0.41,
        "weightedaveragenumberofsharesoutstandingbasic": 242600000,
        "preferredstockdividendsincomestatementimpact": 1000000,
        "netincomelossavailabletocommonstockholdersbasic": 41000000
    },
    {
        "date": "2014-12-30",
        "symbol": "AEE",
        "period": "Q4",
        "incomelossfromcontinuingoperationsincludingportionattributabletononcontrollinginterest": 47000000,
        "comprehensiveincomelossfromcontinuingoperationsnetoftaxincludingportionattributabletononcontrollinginterest": 32000000,
        "comprehensiveincomelossfromcontinuingoperationsnetoftaxattributabletononcontrollinginterest": 1000000,
        "comprehensiveincomelossfromcontinuingoperationsnetoftaxportionattributabletoparent": 31000000,
        "incomelossfromdiscontinuedoperationsnetoftax": 2000000,
        "comprehensiveincomelossfromdiscontinuedoperationsnetoftaxportionattributabletoparent": 2000000,
        "comprehensiveincomenetoftax": 418000000,
        "othercomprehensiveincomelosspensionandotherpostretirementbenefitplanstax": -5000000,
        "electricutilityrevenue": 2226000000,
        "gasdomesticregulatedrevenue": -539000000,
        "revenues": 4189000000,
        "fuelcosts": 188000000,
        "costofpurchasedpower": -137000000,
        "costofnaturalgaspurchases": -292000000,
        "utilitiesoperatingexpensemaintenanceoperationsandothercostsandexpenses": 366000000,
        "costofgoodssolddepreciationdepletionandamortization": 552000000,
        "taxesexcludingincomeandexcisetaxes": 213000000,
        "operatingexpenses": -1501000000,
        "operatingincomeloss": -364000000,
        "othernonoperatingincome": 48000000,
        "othernonoperatingexpense": 5000000,
        "othernonoperatingincomeexpense": -3000000,
        "interestexpense": 251000000,
        "incomelossfromcontinuingoperationsbeforeincometaxesminorityinterestandincomelossfromequitymethodinvestments": 354000000,
        "incometaxexpensebenefit": 267000000,
        "profitloss": 235000000,
        "incomelossfromcontinuingoperationsattributabletononcontrollingentity": 1000000,
        "incomelossfromcontinuingoperations": 192000000,
        "incomelossfromdiscontinuedoperationsnetoftaxattributabletoreportingentity": 2000000,
        "netincomeloss": 428000000,
        "netincomelossavailabletocommonstockholdersbasic": 234000000,
        "incomelossfromcontinuingoperationsperbasicshare": 0.18999999999999995,
        "earningspersharebasic": 0.1999999999999995,
        "commonstockdividendspersharecashpaid": 0.41000000000000014,
        "weightedaveragenumberofsharesoutstandingbasic": 0
    },
    {
        "date": "2014-09-29",
        "symbol": "AEE",
        "period": "Q3",
        "incomelossfromcontinuingoperationsincludingportionattributabletononcontrollinginterest": 296000000,
        "othercomprehensiveincomelosspensionandotherpostretirementbenefitplansadjustmentnetoftax": 0,
        "comprehensiveincomelossfromcontinuingoperationsnetoftaxincludingportionattributabletononcontrollinginterest": 296000000,
        "comprehensiveincomelossfromcontinuingoperationsnetoftaxattributabletononcontrollinginterest": 2000000,
        "comprehensiveincomelossfromcontinuingoperationsnetoftaxportionattributabletoparent": 294000000,
        "incomelossfromdiscontinuedoperationsnetoftax": -1000000,
        "comprehensiveincomelossfromdiscontinuedoperationsnetoftaxportionattributabletoparent": -1000000,
        "comprehensiveincomenetoftax": 75000000,
        "othercomprehensiveincomelosspensionandotherpostretirementbenefitplanstax": -4000000,
        "electricutilityrevenue": 445000000,
        "gasdomesticregulatedrevenue": 127000000,
        "revenues": 1082000000,
        "fuelcosts": 236000000,
        "costofpurchasedpower": 89000000,
        "costofnaturalgaspurchases": 43000000,
        "utilitiesoperatingexpensemaintenanceoperationsandothercostsandexpenses": 185000000,
        "costofgoodssolddepreciationdepletionandamortization": 66000000,
        "taxesexcludingincomeandexcisetaxes": 31000000,
        "operatingexpenses": 414000000,
        "operatingincomeloss": 158000000,
        "othernonoperatingincome": 4000000,
        "othernonoperatingexpense": 2000000,
        "othernonoperatingincomeexpense": 2000000,
        "interestexpense": 31000000,
        "incomelossfromcontinuingoperationsbeforeincometaxesminorityinterestandincomelossfromequitymethodinvestments": 129000000,
        "incometaxexpensebenefit": 54000000,
        "profitloss": 75000000,
        "incomelossfromcontinuingoperationsattributabletononcontrollingentity": 2000000,
        "incomelossfromcontinuingoperations": 314000000,
        "incomelossfromdiscontinuedoperationsnetoftaxattributabletoreportingentity": -1000000,
        "netincomeloss": 75000000,
        "incomelossfromcontinuingoperationsperbasicshare": 1.21,
        "earningspersharebasic": 1.2100000000000004,
        "commonstockdividendspersharecashpaid": 0.3999999999999999,
        "weightedaveragenumberofsharesoutstandingbasic": -242600000,
        "preferredstockdividendsincomestatementimpact": 0,
        "netincomelossavailabletocommonstockholdersbasic": 75000000
    },
    {
        "date": "2014-06-29",
        "symbol": "AEE",
        "period": "Q2",
        "incomelossfromcontinuingoperationsincludingportionattributabletononcontrollinginterest": 151000000,
        "othercomprehensiveincomelosspensionandotherpostretirementbenefitplansadjustmentnetoftax": 1000000,
        "comprehensiveincomelossfromcontinuingoperationsnetoftaxincludingportionattributabletononcontrollinginterest": 154000000,
        "comprehensiveincomelossfromcontinuingoperationsnetoftaxattributabletononcontrollinginterest": 1000000,
        "comprehensiveincomelossfromcontinuingoperationsnetoftaxportionattributabletoparent": 153000000,
        "incomelossfromdiscontinuedoperationsnetoftax": -1000000,
        "comprehensiveincomelossfromdiscontinuedoperationsnetoftaxportionattributabletoparent": -1000000,
        "comprehensiveincomenetoftax": 28000000,
        "othercomprehensiveincomelosspensionandotherpostretirementbenefitplanstax": 3000000,
        "electricutilityrevenue": 364000000,
        "gasdomesticregulatedrevenue": 155000000,
        "othersalesrevenuenet": 1000000,
        "revenues": 8000000,
        "fuelcosts": 198000000,
        "costofpurchasedpower": 86000000,
        "costofnaturalgaspurchases": 67000000,
        "utilitiesoperatingexpensemaintenanceoperationsandothercostsandexpenses": 195000000,
        "costofgoodssolddepreciationdepletionandamortization": 64000000,
        "taxesexcludingincomeandexcisetaxes": 32000000,
        "operatingexpenses": 444000000,
        "operatingincomeloss": 75000000,
        "othernonoperatingincome": 5000000,
        "othernonoperatingexpense": 1000000,
        "othernonoperatingincomeexpense": 4000000,
        "interestexpense": 29000000,
        "incomelossfromcontinuingoperationsbeforeincometaxesminorityinterestandincomelossfromequitymethodinvestments": 50000000,
        "incometaxexpensebenefit": 21000000,
        "profitloss": 29000000,
        "incomelossfromcontinuingoperationsattributabletononcontrollingentity": 1000000,
        "incomelossfromcontinuingoperations": 28000000,
        "incomelossfromdiscontinuedoperationsnetoftaxattributabletoreportingentity": -1000000,
        "netincomeloss": 29000000,
        "incomelossfromcontinuingoperationsperbasicshare": 0.62,
        "incomelossfromdiscontinuedoperationsnetoftaxperbasicshare": -0.01,
        "earningspersharebasic": 0.61,
        "commonstockdividendspersharecashpaid": 0.4,
        "weightedaveragenumberofsharesoutstandingbasic": 242600000,
        "preferredstockdividendsincomestatementimpact": 1000000,
        "netincomelossavailabletocommonstockholdersbasic": 28000000
    },
    {
        "date": "2014-03-30",
        "symbol": "AEE",
        "period": "Q1",
        "incomelossfromcontinuingoperationsincludingportionattributabletononcontrollinginterest": 99000000,
        "comprehensiveincomelossfromcontinuingoperationsnetoftaxincludingportionattributabletononcontrollinginterest": 99000000,
        "comprehensiveincomelossfromcontinuingoperationsnetoftaxattributabletononcontrollinginterest": 2000000,
        "comprehensiveincomelossfromcontinuingoperationsnetoftaxportionattributabletoparent": 97000000,
        "incomelossfromdiscontinuedoperationsnetoftax": -1000000,
        "comprehensiveincomelossfromdiscontinuedoperationsnetoftaxportionattributabletoparent": -1000000,
        "comprehensiveincomenetoftax": 53000000,
        "electricutilityrevenue": 353000000,
        "gasdomesticregulatedrevenue": 421000000,
        "revenues": 774000000,
        "fuelcosts": 204000000,
        "costofpurchasedpower": 81000000,
        "costofnaturalgaspurchases": 264000000,
        "utilitiesoperatingexpensemaintenanceoperationsandothercostsandexpenses": 200000000,
        "costofgoodssolddepreciationdepletionandamortization": 63000000,
        "taxesexcludingincomeandexcisetaxes": 46000000,
        "operatingexpenses": 654000000,
        "operatingincomeloss": 120000000,
        "othernonoperatingincome": 3000000,
        "othernonoperatingexpense": 4000000,
        "othernonoperatingincomeexpense": -1000000,
        "interestexpense": 30000000,
        "incomelossfromcontinuingoperationsbeforeincometaxesminorityinterestandincomelossfromequitymethodinvestments": 89000000,
        "incometaxexpensebenefit": 35000000,
        "profitloss": 54000000,
        "othercomprehensiveincomelosspensionandotherpostretirementbenefitplansadjustmentnetoftax": 1000000,
        "incomelossfromcontinuingoperationsattributabletononcontrollingentity": 2000000,
        "incomelossfromcontinuingoperations": 53000000,
        "incomelossfromdiscontinuedoperationsnetoftaxattributabletoreportingentity": -1000000,
        "netincomeloss": 54000000,
        "incomelossfromcontinuingoperationsperbasicshare": 0.4,
        "earningspersharebasic": 0.4,
        "commonstockdividendspersharecashpaid": 0.4,
        "weightedaveragenumberofsharesoutstandingbasic": 242600000,
        "preferredstockdividendsincomestatementimpact": 1000000,
        "netincomelossavailabletocommonstockholdersbasic": 53000000,
        "othercomprehensiveincomelosspensionandotherpostretirementbenefitplanstax": -1000000
    },
    {
        "date": "2013-12-30",
        "symbol": "AEE",
        "period": "Q4",
        "incomelossfromcontinuingoperationsincludingportionattributabletononcontrollinginterest": 49000000,
        "othercomprehensiveincomelosspensionandotherpostretirementbenefitplansadjustmentnetoftax": -37000000,
        "comprehensiveincomelossfromcontinuingoperationsnetoftaxincludingportionattributabletononcontrollinginterest": 74000000,
        "comprehensiveincomelossfromcontinuingoperationsnetoftaxattributabletononcontrollinginterest": 1000000,
        "comprehensiveincomelossfromcontinuingoperationsnetoftaxportionattributabletoparent": 73000000,
        "incomelossfromdiscontinuedoperationsnetoftax": -11000000,
        "othercomprehensiveincomelossfromdiscontinuedoperationsnetoftaxincludingportionattributabletononcontrollinginterest": -3000000,
        "comprehensiveincomelossfromdiscontinuedoperationsnetoftaxincludingportionattributabletononcontrollinginterest": -13000000,
        "comprehensiveincomelossfromdiscontinuedoperationsnetoftaxportionattributabletoparent": -14000000,
        "comprehensiveincomenetoftax": 161000000,
        "othercomprehensiveincomelosspensionandotherpostretirementbenefitplanstax": 10000000,
        "electricutilityrevenue": 301000000,
        "gasdomesticregulatedrevenue": 262000000,
        "revenues": -2478000000,
        "fuelcosts": 197000000,
        "costofpurchasedpower": 77000000,
        "costofnaturalgaspurchases": 156000000,
        "utilitiesoperatingexpensemaintenanceoperationsandothercostsandexpenses": 155000000,
        "costofgoodssolddepreciationdepletionandamortization": 272000000,
        "taxesexcludingincomeandexcisetaxes": 30000000,
        "operatingexpenses": -1391000000,
        "operatingincomeloss": -356000000,
        "othernonoperatingincome": 3000000,
        "othernonoperatingexpense": -2000000,
        "othernonoperatingincomeexpense": 1000000,
        "interestexpense": -21000000,
        "incomelossfromcontinuingoperationsbeforeincometaxesminorityinterestandincomelossfromequitymethodinvestments": 39000000,
        "incometaxexpensebenefit": -129000000,
        "profitloss": 22000000,
        "incomelossfromcontinuingoperationsattributabletononcontrollingentity": 1000000,
        "incomelossfromcontinuingoperations": 478000000,
        "incomelossfromdiscontinuedoperationsnetoftaxattributabletoreportingentity": -11000000,
        "netincomeloss": 148000000,
        "preferredstockdividendsincomestatementimpact": 0,
        "netincomelossavailabletocommonstockholdersbasic": 21000000,
        "commonstockdividendspersharecashpaid": 0.40000000000000013,
        "weightedaveragenumberofsharesoutstandingbasic": -485200000
    },
    {
        "date": "2013-09-29",
        "symbol": "AEE",
        "period": "Q3",
        "incomelossfromcontinuingoperationsincludingportionattributabletononcontrollinginterest": 307000000,
        "othercomprehensiveincomelosspensionandotherpostretirementbenefitplansadjustmentnetoftax": 5000000,
        "othercomprehensiveincomelossfromcontinuingoperationsnetoftaxincludingportionattributabletononcontrollinginterest": -5000000,
        "comprehensiveincomelossfromcontinuingoperationsnetoftaxincludingportionattributabletononcontrollinginterest": 302000000,
        "comprehensiveincomelossfromcontinuingoperationsnetoftaxattributabletononcontrollinginterest": 2000000,
        "comprehensiveincomelossfromcontinuingoperationsnetoftaxportionattributabletoparent": 300000000,
        "incomelossfromdiscontinuedoperationsnetoftax": -3000000,
        "othercomprehensiveincomelossfromdiscontinuedoperationsnetoftaxincludingportionattributabletononcontrollinginterest": -5000000,
        "comprehensiveincomelossfromdiscontinuedoperationsnetoftaxincludingportionattributabletononcontrollinginterest": -8000000,
        "comprehensiveincomelossfromdiscontinuedoperationsnetoftaxportionattributabletoparent": -8000000,
        "comprehensiveincomenetoftax": 77000000,
        "electricutilityrevenue": 432000000,
        "gasdomesticregulatedrevenue": 115000000,
        "revenuefromrelatedparties": 1000000,
        "revenues": 1088000000,
        "fuelcosts": 222000000,
        "costofpurchasedpower": 96000000,
        "costofnaturalgaspurchases": 38000000,
        "utilitiesoperatingexpensemaintenanceoperationsandothercostsandexpenses": 166000000,
        "costofgoodssolddepreciationdepletionandamortization": 59000000,
        "taxesexcludingincomeandexcisetaxes": 30000000,
        "operatingexpenses": 389000000,
        "operatingincomeloss": 158000000,
        "othernonoperatingincome": 4000000,
        "othernonoperatingexpense": 3000000,
        "othernonoperatingincomeexpense": 1000000,
        "interestexpense": 31000000,
        "incomelossfromcontinuingoperationsbeforeincometaxesminorityinterestandincomelossfromequitymethodinvestments": 128000000,
        "incometaxexpensebenefit": 51000000,
        "profitloss": 77000000,
        "incomelossfromcontinuingoperationsattributabletononcontrollingentity": 2000000,
        "incomelossfromcontinuingoperations": -10000000,
        "incomelossfromdiscontinuedoperationsnetoftaxattributabletoreportingentity": -3000000,
        "netincomeloss": 77000000,
        "incomelossfromcontinuingoperationsperbasicshare": 1.26,
        "incomelossfromdiscontinuedoperationsnetoftaxperbasicshare": -0.01,
        "earningspersharebasic": 1.25,
        "incomelossfromcontinuingoperationsperdilutedshare": 1.25,
        "incomelossfromdiscontinuedoperationsnetoftaxperdilutedshare": -0.01,
        "earningspersharediluted": 1.24,
        "commonstockdividendspersharecashpaid": 0.4,
        "weightedaveragenumberofsharesoutstandingbasic": 242600000,
        "weightedaveragenumberofdilutedsharesoutstanding": 245100000,
        "preferredstockdividendsincomestatementimpact": 1000000,
        "netincomelossavailabletocommonstockholdersbasic": 77000000,
        "othercomprehensiveincomelosspensionandotherpostretirementbenefitplanstax": -1000000
    },
    {
        "date": "2013-06-29",
        "symbol": "AEE",
        "period": "Q2",
        "incomelossfromcontinuingoperationsincludingportionattributabletononcontrollinginterest": 106000000,
        "othercomprehensiveincomelosspensionandotherpostretirementbenefitplansadjustmentnetoftax": 1000000,
        "othercomprehensiveincomelosspensionandotherpostretirementbenefitplanstax": 8000000,
        "othercomprehensiveincomelossfromcontinuingoperationsnetoftaxincludingportionattributabletononcontrollinginterest": 10000000,
        "comprehensiveincomelossfromcontinuingoperationsnetoftaxincludingportionattributabletononcontrollinginterest": 116000000,
        "comprehensiveincomelossfromcontinuingoperationsnetoftaxattributabletononcontrollinginterest": 1000000,
        "comprehensiveincomelossfromcontinuingoperationsnetoftaxportionattributabletoparent": 115000000,
        "incomelossfromdiscontinuedoperationsnetoftax": -10000000,
        "othercomprehensiveincomelossfromdiscontinuedoperationsnetoftaxincludingportionattributabletononcontrollinginterest": -4000000,
        "comprehensiveincomelossfromdiscontinuedoperationsnetoftaxincludingportionattributabletononcontrollinginterest": -14000000,
        "comprehensiveincomelossfromdiscontinuedoperationsnetoftaxportionattributabletoparent": -14000000,
        "comprehensiveincomenetoftax": 31000000,
        "electricutilityrevenue": 368000000,
        "gasdomesticregulatedrevenue": 146000000,
        "revenuefromrelatedparties": 1000000,
        "revenues": 1403000000,
        "fuelcosts": 213000000,
        "costofpurchasedpower": 80000000,
        "costofnaturalgaspurchases": 61000000,
        "utilitiesoperatingexpensemaintenanceoperationsandothercostsandexpenses": 196000000,
        "costofgoodssolddepreciationdepletionandamortization": 62000000,
        "taxesexcludingincomeandexcisetaxes": 30000000,
        "operatingexpenses": 429000000,
        "operatingincomeloss": 87000000,
        "othernonoperatingincome": 2000000,
        "othernonoperatingexpense": 1000000,
        "othernonoperatingincomeexpense": 1000000,
        "interestexpense": 1000000,
        "incomelossfromcontinuingoperationsbeforeincometaxesminorityinterestandincomelossfromequitymethodinvestments": 54000000,
        "incometaxexpensebenefit": 22000000,
        "profitloss": 32000000,
        "incomelossfromcontinuingoperationsattributabletononcontrollingentity": 1000000,
        "incomelossfromcontinuingoperations": -10000000,
        "incomelossfromdiscontinuedoperationsnetoftaxattributabletoreportingentity": -10000000,
        "netincomeloss": 32000000,
        "incomelossfromcontinuingoperationsperbasicanddilutedshare": 0.44,
        "incomelossfromdiscontinuedoperationsnetoftaxperbasicanddilutedshare": -0.05,
        "earningspersharebasicanddiluted": 0.39,
        "commonstockdividendspersharecashpaid": 0.4,
        "weightedaveragenumberofsharesoutstandingbasic": 242600000,
        "preferredstockdividendsincomestatementimpact": 1000000,
        "netincomelossavailabletocommonstockholdersbasic": 31000000
    },
    {
        "date": "2013-03-30",
        "symbol": "AEE",
        "period": "Q1",
        "incomelossfromcontinuingoperationsincludingportionattributabletononcontrollinginterest": 56000000,
        "comprehensiveincomelossfromcontinuingoperationsnetoftaxincludingportionattributabletononcontrollinginterest": 56000000,
        "comprehensiveincomelossfromcontinuingoperationsnetoftaxattributabletononcontrollinginterest": 2000000,
        "comprehensiveincomelossfromcontinuingoperationsnetoftaxportionattributabletoparent": 54000000,
        "incomelossfromdiscontinuedoperationsnetoftax": -199000000,
        "othercomprehensiveincomelossfromdiscontinuedoperationsnetoftaxincludingportionattributabletononcontrollinginterest": -7000000,
        "comprehensiveincomelossfromdiscontinuedoperationsnetoftaxincludingportionattributabletononcontrollinginterest": -206000000,
        "comprehensiveincomelossfromdiscontinuedoperationsnetoftaxportionattributabletoparent": -206000000,
        "comprehensiveincomenetoftax": 31000000,
        "electricutilityrevenue": 360000000,
        "gasdomesticregulatedrevenue": 324000000,
        "revenues": 2000000,
        "fuelcosts": 213000000,
        "costofpurchasedpower": 127000000,
        "costofnaturalgaspurchases": 193000000,
        "utilitiesoperatingexpensemaintenanceoperationsandothercostsandexpenses": 176000000,
        "costofgoodssolddepreciationdepletionandamortization": 61000000,
        "taxesexcludingincomeandexcisetaxes": 42000000,
        "operatingexpenses": 599000000,
        "operatingincomeloss": 85000000,
        "othernonoperatingincome": 1000000,
        "othernonoperatingexpense": 3000000,
        "othernonoperatingincomeexpense": -2000000,
        "interestexpense": 31000000,
        "incomelossfromcontinuingoperationsbeforeincometaxesminorityinterestandincomelossfromequitymethodinvestments": 52000000,
        "incometaxexpensebenefit": 20000000,
        "profitloss": 32000000,
        "othercomprehensiveincomelosspensionandotherpostretirementbenefitplansadjustmentnetoftax": 1000000,
        "incomelossfromcontinuingoperationsattributabletononcontrollingentity": 2000000,
        "incomelossfromcontinuingoperations": 54000000,
        "incomelossfromdiscontinuedoperationsnetoftaxattributabletoreportingentity": -199000000,
        "netincomeloss": 32000000,
        "incomelossfromcontinuingoperationsperbasicanddilutedshare": 0.22,
        "incomelossfromdiscontinuedoperationsnetoftaxperbasicanddilutedshare": -0.82,
        "earningspersharebasicanddiluted": -0.6,
        "commonstockdividendspersharecashpaid": 0.4,
        "weightedaveragenumberofsharesoutstandingbasic": 242600000,
        "preferredstockdividendsincomestatementimpact": 1000000,
        "netincomelossavailabletocommonstockholdersbasic": 31000000,
        "othercomprehensiveincomelosspensionandotherpostretirementbenefitplanstax": -1000000
    },
    {
        "date": "2012-03-30",
        "symbol": "AEE",
        "period": "Q1",
        "electricutilityrevenue": 636000000,
        "gasdomesticregulatedrevenue": 55000000,
        "revenues": 1000000,
        "fuelcosts": 180000000,
        "costofpurchasedpower": 20000000,
        "costofnaturalgaspurchases": 32000000,
        "utilitiesoperatingexpensemaintenanceoperationsandothercostsandexpenses": 202000000,
        "assetimpairmentcharges": 628000000,
        "costofgoodssolddepreciationdepletionandamortization": 108000000,
        "taxesexcludingincomeandexcisetaxes": 71000000,
        "operatingexpenses": 613000000,
        "operatingincomeloss": 78000000,
        "othernonoperatingincome": 17000000,
        "othernonoperatingexpense": 15000000,
        "othernonoperatingincomeexpense": 12000000,
        "interestexpense": 56000000,
        "incomelossfromcontinuingoperationsbeforeincometaxesminorityinterestandincomelossfromequitymethodinvestments": 34000000,
        "incometaxexpensebenefit": 12000000,
        "profitloss": 22000000,
        "netincomelossattributabletononcontrollinginterest": -2000000,
        "netincomeloss": -88000000,
        "preferredstockdividendsincomestatementimpact": 1000000,
        "netincomelossavailabletocommonstockholdersbasic": 21000000,
        "earningspersharebasicanddiluted": -1.66,
        "commonstockdividendspersharecashpaid": 0.4,
        "weightedaveragenumberofsharesoutstandingbasic": 242600000,
        "othercomprehensiveincomeunrealizedgainlossonderivativesarisingduringperiodnetoftax": 12000000,
        "othercomprehensiveincomereclassificationadjustmentonderivativesincludedinnetincomenetoftax": 2000000,
        "othercomprehensiveincomedefinedbenefitplansadjustmentnetoftaxperiodincreasedecrease": -1000000,
        "othercomprehensiveincomelossnetoftaxperiodincreasedecrease": 1000000,
        "comprehensiveincomenetoftaxincludingportionattributabletononcontrollinginterest": -2000000,
        "comprehensiveincomenetoftax": 22000000,
        "othercomprehensiveincomeunrealizedgainlossonderivativesarisingduringperiodtax": 7000000,
        "othercomprehensiveincomereclassificationadjustmentonderivativesincludedinnetincometax": -1000000
    },
    {
        "date": "2011-06-29",
        "symbol": "AEE",
        "period": "Q2",
        "electricutilityrevenue": 791000000,
        "gasdomesticregulatedrevenue": 28000000,
        "revenuefromrelatedparties": 3000000,
        "revenues": 1000000,
        "fuelcosts": 204000000,
        "costofpurchasedpower": 26000000,
        "costofnaturalgaspurchases": 11000000,
        "utilitiesoperatingexpensemaintenanceoperationsandothercostsandexpenses": 231000000,
        "costofgoodssolddepreciationdepletionandamortization": 98000000,
        "taxesexcludingincomeandexcisetaxes": 76000000,
        "operatingexpenses": 646000000,
        "operatingincomeloss": 176000000,
        "othernonoperatingincome": 17000000,
        "othernonoperatingexpense": 5000000,
        "othernonoperatingincomeexpense": 13000000,
        "interestexpense": 45000000,
        "incomelossfromcontinuingoperationsbeforeincometaxesminorityinterestandincomelossfromequitymethodinvestments": 144000000,
        "incometaxexpensebenefit": 53000000,
        "incomelossfromcontinuingoperations": 38000000,
        "profitloss": 139000000,
        "netincomelossattributabletononcontrollinginterest": 1000000,
        "netincomeloss": -4000000,
        "preferredstockdividendsincomestatementimpact": 1000000,
        "netincomelossavailabletocommonstockholdersbasic": 90000000,
        "earningspersharebasicanddiluted": 0.57,
        "commonstockdividendspersharecashpaid": 0.385,
        "weightedaveragenumberofsharesoutstandingbasic": 241200000
    },
    {
        "date": "2011-03-30",
        "symbol": "AEE",
        "period": "Q1",
        "electricutilityrevenue": 1470000000,
        "gasdomesticregulatedrevenue": 434000000,
        "revenues": 1904000000,
        "fuelcosts": 379000000,
        "costofpurchasedpower": 227000000,
        "costofpurchasedoilandgas": 288000000,
        "utilitiesoperatingexpensemaintenanceandoperations": 463000000,
        "costofgoodssolddepreciationdepletionandamortization": 195000000,
        "taxesexcludingincomeandexcisetaxes": 125000000,
        "operatingexpenses": 1677000000,
        "operatingincomeloss": 227000000,
        "othernonoperatingincome": 16000000,
        "othernonoperatingexpense": 5000000,
        "othernonoperatingincomeexpense": 11000000,
        "interestexpense": 119000000,
        "incomelossfromcontinuingoperationsbeforeincometaxesminorityinterestandincomelossfromequitymethodinvestments": 119000000,
        "incometaxexpensebenefit": 45000000,
        "profitloss": 74000000,
        "netincomelossattributabletononcontrollinginterest": 3000000,
        "netincomeloss": 71000000,
        "earningspersharebasicanddiluted": 0.29,
        "commonstockdividendspersharecashpaid": 0.385,
        "weightedaveragenumberofsharesoutstandingbasic": 240600000
    },
    {
        "date": "2010-09-29",
        "symbol": "AEE",
        "period": "Q3",
        "electricutilityrevenue": 2122000000,
        "gasdomesticregulatedrevenue": 132000000,
        "revenues": 2254000000,
        "fuelcosts": 394000000,
        "costofpurchasedpower": 376000000,
        "costofpurchasedoilandgas": 51000000,
        "utilitiesoperatingexpensemaintenanceandoperations": 444000000,
        "assetimpairmentcharges": 589000000,
        "costofgoodssolddepreciationdepletionandamortization": 194000000,
        "taxesexcludingincomeandexcisetaxes": 117000000,
        "operatingexpenses": 2165000000,
        "operatingincomeloss": 89000000,
        "othernonoperatingincome": 24000000,
        "othernonoperatingexpense": 10000000,
        "othernonoperatingincomeexpense": 14000000,
        "interestexpense": 130000000,
        "incomelossfromcontinuingoperationsbeforeincometaxesminorityinterestandincomelossfromequitymethodinvestments": -27000000,
        "incometaxexpensebenefit": 137000000,
        "profitloss": -164000000,
        "netincomelossattributabletononcontrollinginterest": 3000000,
        "netincomeloss": -167000000,
        "earningspersharebasicanddiluted": -0.7,
        "commonstockdividendspersharecashpaid": 0.385,
        "weightedaveragenumberofsharesoutstandingbasic": 239300000
    },
    {
        "date": "2010-06-29",
        "symbol": "AEE",
        "period": "Q2",
        "electricutilityrevenue": 1533000000,
        "gasdomesticregulatedrevenue": 171000000,
        "revenues": 1704000000,
        "fuelcosts": 286000000,
        "costofpurchasedpower": 268000000,
        "costofpurchasedoilandgas": 83000000,
        "utilitiesoperatingexpensemaintenanceandoperations": 446000000,
        "costofgoodssolddepreciationdepletionandamortization": 190000000,
        "taxesexcludingincomeandexcisetaxes": 100000000,
        "operatingexpenses": 1373000000,
        "operatingincomeloss": 331000000,
        "othernonoperatingincome": 24000000,
        "othernonoperatingexpense": 2000000,
        "othernonoperatingincomeexpense": 22000000,
        "interestexpense": 115000000,
        "incomelossfromcontinuingoperationsbeforeincometaxesminorityinterestandincomelossfromequitymethodinvestments": 238000000,
        "incometaxexpensebenefit": 83000000,
        "profitloss": 155000000,
        "netincomelossattributabletononcontrollinginterest": 3000000,
        "netincomeloss": 152000000,
        "earningspersharebasicanddiluted": 0.64,
        "commonstockdividendspersharecashpaid": 0.385,
        "weightedaveragenumberofsharesoutstandingbasic": 238400000
    },
    {
        "date": "2010-03-30",
        "symbol": "AEE",
        "period": "Q1",
        "electricutilityrevenue": 1440000000,
        "gasdomesticregulatedrevenue": 476000000,
        "revenues": 1916000000,
        "fuelcosts": 293000000,
        "costofpurchasedpower": 271000000,
        "costofpurchasedoilandgas": 333000000,
        "utilitiesoperatingexpensemaintenanceandoperations": 416000000,
        "costofgoodssolddepreciationdepletionandamortization": 187000000,
        "taxesexcludingincomeandexcisetaxes": 118000000,
        "operatingexpenses": 1618000000,
        "operatingincomeloss": 298000000,
        "othernonoperatingincome": 22000000,
        "othernonoperatingexpense": 7000000,
        "othernonoperatingincomeexpense": 15000000,
        "interestexpense": 132000000,
        "incomelossfromcontinuingoperationsbeforeincometaxesminorityinterestandincomelossfromequitymethodinvestments": 181000000,
        "incometaxexpensebenefit": 75000000,
        "profitloss": 106000000,
        "netincomelossattributabletononcontrollinginterest": 4000000,
        "netincomeloss": 102000000,
        "earningspersharebasicanddiluted": 0.43,
        "commonstockdividendspersharecashpaid": 0.385,
        "weightedaveragenumberofsharesoutstandingbasic": 237600000
    },
    {
        "date": "2009-09-29",
        "symbol": "AEE",
        "period": "Q3",
        "electricutilityrevenue": 1679000000,
        "gasdomesticregulatedrevenue": 136000000,
        "revenues": 1815000000,
        "fuelcosts": 306000000,
        "costofpurchasedpower": 256000000,
        "costofpurchasedoilandgas": 57000000,
        "utilitiesoperatingexpensemaintenanceandoperations": 422000000,
        "costofgoodssolddepreciationdepletionandamortization": 185000000,
        "taxesexcludingincomeandexcisetaxes": 104000000,
        "operatingexpenses": 1330000000,
        "operatingincomeloss": 485000000,
        "othernonoperatingincome": 16000000,
        "othernonoperatingexpense": 3000000,
        "othernonoperatingincomeexpense": 13000000,
        "interestexpense": 134000000,
        "incomelossfromcontinuingoperationsbeforeincometaxesminorityinterestandincomelossfromequitymethodinvestments": 364000000,
        "incometaxexpensebenefit": 135000000,
        "profitloss": 229000000,
        "netincomelossattributabletononcontrollinginterest": 2000000,
        "netincomeloss": 227000000,
        "earningspersharebasicanddiluted": 1.04,
        "commonstockdividendspersharecashpaid": 0.385,
        "weightedaveragenumberofsharesoutstandingbasic": 218200000
    },
    {
        "date": "2009-06-29",
        "symbol": "AEE",
        "period": "Q2",
        "electricutilityrevenue": 1515000000,
        "gasdomesticregulatedrevenue": 169000000,
        "revenues": 1684000000,
        "fuelcosts": 287000000,
        "costofpurchasedpower": 219000000,
        "utilitiesoperatingexpensegasandpetroleumpurchased": 83000000,
        "utilitiesoperatingexpensemaintenanceandoperations": 451000000,
        "costofgoodssolddepreciationdepletionandamortization": 182000000,
        "taxesotherthanincomeexciseproductionandpropertytaxes": 97000000,
        "operatingexpenses": 1319000000,
        "operatingincomeloss": 365000000,
        "othernonoperatingincome": 17000000,
        "othernonoperatingexpense": 7000000,
        "othernonoperatingincomeexpense": 10000000,
        "interestexpense": 124000000,
        "incomelossfromcontinuingoperationsbeforeincometaxesminorityinterestandincomelossfromequitymethodinvestments": 251000000,
        "incometaxexpensebenefit": 83000000,
        "profitloss": 168000000,
        "netincomelossattributabletononcontrollinginterest": 3000000,
        "netincomeloss": 165000000,
        "basicdilutedearningspersharenetincome": 0.77,
        "commonstockdividendspersharecashpaid": 0.385,
        "weightedaveragenumberofsharesoutstandingbasic": 213600000
    }
]