[
    {
        "date": "2024-09-29",
        "symbol": "EBAY",
        "period": "Q3",
        "revenuefromcontractwithcustomerexcludingassessedtax": 2576000000,
        "costofrevenue": 1000000,
        "grossprofit": 1849000000,
        "sellingandmarketingexpense": 592000000,
        "researchanddevelopmentexpense": 374000000,
        "generalandadministrativeexpense": 194000000,
        "provisionfortransactionlosses": 89000000,
        "amortizationofacquiredintangibleassets1": 5000000,
        "operatingexpenses": 1254000000,
        "operatingincomeloss": 595000000,
        "gainlossonequityinvestmentsandwarrant": 199000000,
        "interestexpensenonoperating": 63000000,
        "interestandothernet": 2000000,
        "incomelossfromcontinuingoperationsbeforeincometaxesextraordinaryitemsnoncontrollinginterest": -10000000,
        "incometaxexpensebenefit": -3000000,
        "incomelossfromcontinuingoperations": 636000000,
        "incomelossfromdiscontinuedoperationsnetoftaxattributabletoreportingentity": -2000000,
        "netincomeloss": -7000000,
        "incomelossfromcontinuingoperationsperbasicshare": 1.31,
        "earningspersharebasic": 1.31,
        "incomelossfromcontinuingoperationsperdilutedshare": 1.29,
        "earningspersharediluted": 1.29,
        "weightedaveragenumberofsharesoutstandingbasic": 487000000,
        "weightedaveragenumberofdilutedsharesoutstanding": 494000000,
        "othercomprehensiveincomeforeigncurrencytransactionandtranslationadjustmentbeforetaxportionattributabletoparent": 66000000,
        "othercomprehensiveincomeunrealizedholdinggainlossonsecuritiesarisingduringperiodbeforetax": 31000000,
        "othercomprehensiveincomeunrealizedholdinggainlossonsecuritiesarisingduringperiodtax": 7000000,
        "othercomprehensiveincomelosscashflowhedgegainlossbeforereclassificationandtax": -29000000,
        "othercomprehensiveincomelosscashflowhedgegainlossbeforereclassificationtax": -6000000,
        "othercomprehensiveincomelossnetoftaxportionattributabletoparent": 67000000,
        "comprehensiveincomenetoftax": 701000000
    },
    {
        "date": "2024-06-29",
        "symbol": "EBAY",
        "period": "Q2",
        "revenuefromcontractwithcustomerexcludingassessedtax": 2572000000,
        "costofrevenue": 735000000,
        "grossprofit": 1837000000,
        "sellingandmarketingexpense": 577000000,
        "researchanddevelopmentexpense": 379000000,
        "generalandadministrativeexpense": 241000000,
        "provisionfortransactionlosses": 86000000,
        "amortizationofacquiredintangibleassets1": 5000000,
        "operatingexpenses": 1288000000,
        "operatingincomeloss": 549000000,
        "gainlossonequityinvestmentsandwarrant": -222000000,
        "interestandothernet": 66000000,
        "incomelossfromcontinuingoperationsbeforeincometaxesextraordinaryitemsnoncontrollinginterest": 328000000,
        "incometaxexpensebenefit": 102000000,
        "incomelossfromcontinuingoperations": 226000000,
        "incomelossfromdiscontinuedoperationsnetoftaxattributabletoreportingentity": -2000000,
        "netincomeloss": 224000000,
        "incomelossfromcontinuingoperationsperbasicshare": 0.4600000000000001,
        "earningspersharebasic": 0.45000000000000007,
        "incomelossfromcontinuingoperationsperdilutedshare": 0.45000000000000007,
        "earningspersharediluted": 0.44000000000000006,
        "weightedaveragenumberofsharesoutstandingbasic": 509000000,
        "weightedaveragenumberofdilutedsharesoutstanding": 513000000,
        "othercomprehensiveincomeforeigncurrencytransactionandtranslationadjustmentbeforetaxportionattributabletoparent": -16000000,
        "othercomprehensiveincomeunrealizedholdinggainlossonsecuritiesarisingduringperiodbeforetax": 6000000,
        "othercomprehensiveincomeunrealizedholdinggainlossonsecuritiesarisingduringperiodtax": 1000000,
        "othercomprehensiveincomelosscashflowhedgegainlossbeforereclassificationandtax": 7000000,
        "othercomprehensiveincomelosscashflowhedgegainlossbeforereclassificationtax": 2000000,
        "othercomprehensiveincomelossnetoftaxportionattributabletoparent": -6000000,
        "comprehensiveincomenetoftax": 218000000
    },
    {
        "date": "2024-03-30",
        "symbol": "EBAY",
        "period": "Q1",
        "revenuefromcontractwithcustomerexcludingassessedtax": 2556000000,
        "costofrevenue": 700000000,
        "grossprofit": 1856000000,
        "sellingandmarketingexpense": 541000000,
        "researchanddevelopmentexpense": 351000000,
        "generalandadministrativeexpense": 238000000,
        "provisionfortransactionlosses": 91000000,
        "amortizationofacquiredintangibleassets1": 4000000,
        "operatingexpenses": 1225000000,
        "operatingincomeloss": 631000000,
        "gainlossonequityinvestmentsandwarrant": -97000000,
        "interestexpense": 66000000,
        "interestandothernet": 68000000,
        "incomelossfromcontinuingoperationsbeforeincometaxesextraordinaryitemsnoncontrollinginterest": 536000000,
        "incometaxexpensebenefit": 97000000,
        "incomelossfromcontinuingoperations": 439000000,
        "incomelossfromdiscontinuedoperationsnetoftaxattributabletoreportingentity": -1000000,
        "netincomeloss": 438000000,
        "incomelossfromcontinuingoperationsperbasicshare": 0.85,
        "earningspersharebasic": 0.85,
        "incomelossfromcontinuingoperationsperdilutedshare": 0.85,
        "earningspersharediluted": 0.85,
        "weightedaveragenumberofsharesoutstandingbasic": 516000000,
        "weightedaveragenumberofdilutedsharesoutstanding": 519000000,
        "othercomprehensiveincomeforeigncurrencytransactionandtranslationadjustmentbeforetaxportionattributabletoparent": -37000000,
        "othercomprehensiveincomeunrealizedholdinggainlossonsecuritiesarisingduringperiodbeforetax": 8000000,
        "othercomprehensiveincomeunrealizedholdinggainlossonsecuritiesarisingduringperiodtax": 3000000,
        "othercomprehensiveincomelosscashflowhedgegainlossbeforereclassificationandtax": 22000000,
        "othercomprehensiveincomelosscashflowhedgegainlossbeforereclassificationtax": 4000000,
        "othercomprehensiveincomelossnetoftaxportionattributabletoparent": -14000000,
        "comprehensiveincomenetoftax": 424000000
    },
    {
        "date": "2023-06-29",
        "symbol": "EBAY",
        "period": "Q2",
        "revenuefromcontractwithcustomerexcludingassessedtax": 118000000,
        "costofrevenue": 0,
        "grossprofit": 1822000000,
        "sellingandmarketingexpense": 566000000,
        "researchanddevelopmentexpense": 392000000,
        "generalandadministrativeexpense": 251000000,
        "provisionfortransactionlosses": 90000000,
        "amortizationofacquiredintangibleassets1": 5000000,
        "operatingexpenses": 1304000000,
        "operatingincomeloss": 518000000,
        "gainlossonequityinvestmentsandwarrant": -214000000,
        "interestandothernet": 3000000,
        "incomelossfromcontinuingoperationsbeforeincometaxesextraordinaryitemsnoncontrollinginterest": 17000000,
        "incometaxexpensebenefit": 4000000,
        "incomelossfromcontinuingoperations": 172000000,
        "incomelossfromdiscontinuedoperationsnetoftaxattributabletoreportingentity": -1000000,
        "netincomeloss": 13000000,
        "incomelossfromcontinuingoperationsperbasicshare": 0.31999999999999984,
        "earningspersharebasic": 0.31000000000000005,
        "incomelossfromcontinuingoperationsperdilutedshare": 0.32000000000000006,
        "earningspersharediluted": 0.31000000000000005,
        "weightedaveragenumberofsharesoutstandingbasic": -1000000,
        "weightedaveragenumberofdilutedsharesoutstanding": -2000000,
        "othercomprehensiveincomeforeigncurrencytransactionandtranslationadjustmentbeforetaxportionattributabletoparent": -37000000,
        "othercomprehensiveincomeunrealizedholdinggainlossonsecuritiesarisingduringperiodbeforetax": 0,
        "othercomprehensiveincomeunrealizedholdinggainlossonsecuritiesarisingduringperiodtax": -2000000,
        "othercomprehensiveincomelosscashflowhedgegainlossbeforereclassificationandtax": -37000000,
        "othercomprehensiveincomelosscashflowhedgegainlossbeforereclassificationtax": -8000000,
        "othercomprehensiveincomelossnetoftaxportionattributabletoparent": -64000000,
        "comprehensiveincomenetoftax": 107000000
    },
    {
        "date": "2023-03-30",
        "symbol": "EBAY",
        "period": "Q1",
        "revenuefromcontractwithcustomerexcludingassessedtax": 616000000,
        "costofrevenue": 1000000,
        "grossprofit": 1810000000,
        "sellingandmarketingexpense": 511000000,
        "researchanddevelopmentexpense": 352000000,
        "generalandadministrativeexpense": 297000000,
        "provisionfortransactionlosses": 84000000,
        "amortizationofacquiredintangibleassets1": 8000000,
        "operatingexpenses": 1252000000,
        "operatingincomeloss": 558000000,
        "gainlossonequityinvestmentsandwarrant": 198000000,
        "interestandothernet": 4000000,
        "incomelossfromcontinuingoperationsbeforeincometaxesextraordinaryitemsnoncontrollinginterest": 32000000,
        "incometaxexpensebenefit": 7000000,
        "incomelossfromcontinuingoperations": 569000000,
        "incomelossfromdiscontinuedoperationsnetoftaxattributabletoreportingentity": -2000000,
        "netincomeloss": 25000000,
        "incomelossfromcontinuingoperationsperbasicshare": 1.06,
        "earningspersharebasic": 1.06,
        "incomelossfromcontinuingoperationsperdilutedshare": 1.05,
        "earningspersharediluted": 1.05,
        "weightedaveragenumberofsharesoutstandingbasic": 537000000,
        "weightedaveragenumberofdilutedsharesoutstanding": 541000000,
        "othercomprehensiveincomeforeigncurrencytransactionandtranslationadjustmentbeforetaxportionattributabletoparent": 1000000,
        "othercomprehensiveincomeunrealizedholdinggainlossonsecuritiesarisingduringperiodbeforetax": 19000000,
        "othercomprehensiveincomeunrealizedholdinggainlossonsecuritiesarisingduringperiodtax": 6000000,
        "othercomprehensiveincomelosscashflowhedgegainlossbeforereclassificationandtax": -53000000,
        "othercomprehensiveincomelosscashflowhedgegainlossbeforereclassificationtax": -11000000,
        "othercomprehensiveincomelossnetoftaxportionattributabletoparent": -28000000,
        "comprehensiveincomenetoftax": 539000000
    },
    {
        "date": "2022-12-30",
        "symbol": "EBAY",
        "period": "Q4",
        "revenuefromcontractwithcustomerexcludingassessedtax": 8100000000,
        "costofrevenue": 2679000000,
        "grossprofit": 1829000000,
        "sellingandmarketingexpense": 554000000,
        "researchanddevelopmentexpense": 340000000,
        "generalandadministrativeexpense": 288000000,
        "provisionfortransactionlosses": 81000000,
        "amortizationofacquiredintangibleassets1": 1000000,
        "operatingexpenses": 1264000000,
        "operatingincomeloss": 565000000,
        "gainlossonequityinvestmentsandwarrant": 319000000,
        "incomelossfromcontinuingoperationsbeforeincometaxesextraordinaryitemsnoncontrollinginterest": -1650000000,
        "incometaxexpensebenefit": -324000000,
        "incomelossfromcontinuingoperations": 671000000,
        "incomelossfromdiscontinuedoperationsnetoftaxattributabletoreportingentity": 1000000,
        "netincomeloss": -1321000000,
        "incomelossfromcontinuingoperationsperbasicshare": 1.1700000000000004,
        "earningspersharebasic": 1.1700000000000002,
        "incomelossfromcontinuingoperationsperdilutedshare": 1.1700000000000004,
        "earningspersharediluted": 1.1700000000000002,
        "weightedaveragenumberofsharesoutstandingbasic": -5000000,
        "weightedaveragenumberofdilutedsharesoutstanding": -5000000,
        "othercomprehensiveincomeforeigncurrencytransactionandtranslationadjustmentbeforetaxportionattributabletoparent": 90000000,
        "othercomprehensiveincomeunrealizedholdinggainlossonsecuritiesarisingduringperiodbeforetax": 8000000,
        "othercomprehensiveincomeunrealizedholdinggainlossonsecuritiesarisingduringperiodtax": 2000000,
        "othercomprehensiveincomelosscashflowhedgegainlossbeforereclassificationandtax": -226000000,
        "othercomprehensiveincomelosscashflowhedgegainlossbeforereclassificationtax": -49000000,
        "othercomprehensiveincomelossnetoftaxportionattributabletoparent": -81000000,
        "comprehensiveincomenetoftax": 591000000
    },
    {
        "date": "2022-09-29",
        "symbol": "EBAY",
        "period": "Q3",
        "revenuefromcontractwithcustomerexcludingassessedtax": 575000000,
        "costofrevenue": -1351000000,
        "grossprofit": 1733000000,
        "sellingandmarketingexpense": 538000000,
        "researchanddevelopmentexpense": 345000000,
        "generalandadministrativeexpense": 212000000,
        "provisionfortransactionlosses": 69000000,
        "amortizationofacquiredintangibleassets1": 1000000,
        "operatingexpenses": 1165000000,
        "operatingincomeloss": 568000000,
        "gainlossonequityinvestmentsandwarrant": -593000000,
        "interestandothernet": 0,
        "incomelossfromcontinuingoperationsbeforeincometaxesextraordinaryitemsnoncontrollinginterest": 35000000,
        "incometaxexpensebenefit": -6000000,
        "incomelossfromcontinuingoperations": -70000000,
        "incomelossfromdiscontinuedoperationsnetoftaxattributabletoreportingentity": 1000000,
        "netincomeloss": 41000000,
        "incomelossfromcontinuingoperationsperbasicshare": -0.2100000000000004,
        "earningspersharebasic": -0.2100000000000004,
        "incomelossfromcontinuingoperationsperdilutedshare": -0.2100000000000004,
        "earningspersharediluted": -0.2100000000000004,
        "weightedaveragenumberofsharesoutstandingbasic": -580000000,
        "weightedaveragenumberofdilutedsharesoutstanding": -580000000,
        "othercomprehensiveincomeforeigncurrencytransactionandtranslationadjustmentbeforetaxportionattributabletoparent": -77000000,
        "othercomprehensiveincomeunrealizedholdinggainlossonsecuritiesarisingduringperiodbeforetax": -31000000,
        "othercomprehensiveincomeunrealizedholdinggainlossonsecuritiesarisingduringperiodtax": -7000000,
        "othercomprehensiveincomelosscashflowhedgegainlossbeforereclassificationandtax": 150000000,
        "othercomprehensiveincomelosscashflowhedgegainlossbeforereclassificationtax": 32000000,
        "othercomprehensiveincomelossnetoftaxportionattributabletoparent": 17000000,
        "comprehensiveincomenetoftax": -52000000
    },
    {
        "date": "2022-06-29",
        "symbol": "EBAY",
        "period": "Q2",
        "revenuefromcontractwithcustomerexcludingassessedtax": 554000000,
        "costofrevenue": 663000000,
        "grossprofit": 1759000000,
        "sellingandmarketingexpense": 566000000,
        "researchanddevelopmentexpense": 344000000,
        "generalandadministrativeexpense": 237000000,
        "provisionfortransactionlosses": 86000000,
        "amortizationofacquiredintangibleassets1": 1000000,
        "operatingexpenses": 1234000000,
        "operatingincomeloss": 525000000,
        "gainlossonequityinvestmentsandwarrant": -1221000000,
        "interestandothernet": -2000000,
        "incomelossfromcontinuingoperationsbeforeincometaxesextraordinaryitemsnoncontrollinginterest": 7000000,
        "incometaxexpensebenefit": 2000000,
        "incomelossfromcontinuingoperations": -536000000,
        "incomelossfromdiscontinuedoperationsnetoftaxattributabletoreportingentity": 5000000,
        "netincomeloss": 5000000,
        "incomelossfromcontinuingoperationsperbasicshare": -0.96,
        "discontinuedoperationincomelossfromdiscontinuedoperationnetoftaxperbasicshare": 0.01,
        "earningspersharebasic": -0.95,
        "incomelossfromcontinuingoperationsperdilutedshare": -0.96,
        "discontinuedoperationincomelossfromdiscontinuedoperationnetoftaxperdilutedshare": 0.01,
        "earningspersharediluted": -0.95,
        "weightedaveragenumberofsharesoutstandingbasic": 556000000,
        "weightedaveragenumberofdilutedsharesoutstanding": 556000000,
        "othercomprehensiveincomeforeigncurrencytransactionandtranslationadjustmentbeforetaxportionattributabletoparent": -85000000,
        "othercomprehensiveincomeunrealizedholdinggainlossonsecuritiesarisingduringperiodbeforetax": -17000000,
        "othercomprehensiveincomeunrealizedholdinggainlossonsecuritiesarisingduringperiodtax": -2000000,
        "othercomprehensiveincomelosscashflowhedgegainlossbeforereclassificationandtax": 105000000,
        "othercomprehensiveincomelosscashflowhedgegainlossbeforereclassificationtax": 24000000,
        "othercomprehensiveincomelossnetoftaxportionattributabletoparent": -19000000,
        "comprehensiveincomenetoftax": -550000000
    },
    {
        "date": "2022-03-30",
        "symbol": "EBAY",
        "period": "Q1",
        "revenuefromcontractwithcustomerexcludingassessedtax": 566000000,
        "costofrevenue": 689000000,
        "grossprofit": 1794000000,
        "sellingandmarketingexpense": 478000000,
        "researchanddevelopmentexpense": 301000000,
        "generalandadministrativeexpense": 226000000,
        "provisionfortransactionlosses": 96000000,
        "amortizationofacquiredintangibleassets1": 1000000,
        "operatingexpenses": 1102000000,
        "operatingincomeloss": 692000000,
        "gainlossonequityinvestmentsandwarrant": -2291000000,
        "interestandothernet": 1000000,
        "incomelossfromcontinuingoperationsbeforeincometaxesextraordinaryitemsnoncontrollinginterest": 7000000,
        "incometaxexpensebenefit": 1000000,
        "incomelossfromcontinuingoperations": -1339000000,
        "incomelossfromdiscontinuedoperationsnetoftaxattributabletoreportingentity": -2000000,
        "netincomeloss": 6000000,
        "incomelossfromcontinuingoperationsperbasicshare": -2.28,
        "earningspersharebasic": -2.28,
        "incomelossfromcontinuingoperationsperdilutedshare": -2.28,
        "earningspersharediluted": -2.28,
        "weightedaveragenumberofsharesoutstandingbasic": 587000000,
        "weightedaveragenumberofdilutedsharesoutstanding": 587000000,
        "othercomprehensiveincomeforeigncurrencytransactionandtranslationadjustmentbeforetaxportionattributabletoparent": -34000000,
        "othercomprehensiveincomeunrealizedholdinggainlossonsecuritiesarisingduringperiodbeforetax": -51000000,
        "othercomprehensiveincomeunrealizedholdinggainlossonsecuritiesarisingduringperiodtax": -13000000,
        "othercomprehensiveincomelosscashflowhedgegainlossbeforereclassificationandtax": 20000000,
        "othercomprehensiveincomelosscashflowhedgegainlossbeforereclassificationtax": 4000000,
        "othercomprehensiveincomelossnetoftaxportionattributabletoparent": -56000000,
        "comprehensiveincomenetoftax": -1397000000
    },
    {
        "date": "2021-12-30",
        "symbol": "EBAY",
        "period": "Q4",
        "revenuefromcontractwithcustomerexcludingassessedtax": 8815000000,
        "costofrevenue": 2653000000,
        "grossprofit": 1919000000,
        "sellingandmarketingexpense": 569000000,
        "researchanddevelopmentexpense": 337000000,
        "generalandadministrativeexpense": 206000000,
        "provisionfortransactionlosses": 119000000,
        "operatingexpenses": 1231000000,
        "operatingincomeloss": 688000000,
        "interestandothernet": -161000000,
        "incomelossfromcontinuingoperationsbeforeincometaxesextraordinaryitemsnoncontrollinginterest": 397000000,
        "incometaxexpensebenefit": 160000000,
        "incomelossfromcontinuingoperations": -893000000,
        "incomelossfromdiscontinuedoperationsnetoftaxattributabletoreportingentity": 2862000000,
        "netincomeloss": 13654000000,
        "incomelossfromcontinuingoperationsperbasicshare": -1.33,
        "discontinuedoperationincomelossfromdiscontinuedoperationnetoftaxperbasicshare": 4.76,
        "earningspersharebasic": 3.4299999999999993,
        "incomelossfromcontinuingoperationsperdilutedshare": -1.31,
        "discontinuedoperationincomelossfromdiscontinuedoperationnetoftaxperdilutedshare": 4.6899999999999995,
        "earningspersharediluted": 3.380000000000001,
        "weightedaveragenumberofsharesoutstandingbasic": -15000000,
        "weightedaveragenumberofdilutedsharesoutstanding": -15000000,
        "othercomprehensiveincomeforeigncurrencytransactionandtranslationadjustmentbeforetaxportionattributabletoparent": -134000000,
        "othercomprehensiveincomelosscashflowhedgegainlossbeforereclassificationandtax": 20000000,
        "othercomprehensiveincomelosscashflowhedgegainlossbeforereclassificationtax": 4000000,
        "othercomprehensiveincomelossnetoftaxportionattributabletoparent": -124000000,
        "comprehensiveincomenetoftax": 1845000000
    },
    {
        "date": "2021-09-29",
        "symbol": "EBAY",
        "period": "Q3",
        "revenuefromcontractwithcustomerexcludingassessedtax": 585000000,
        "costofrevenue": -1000000,
        "grossprofit": 1655000000,
        "sellingandmarketingexpense": 355000000,
        "researchanddevelopmentexpense": 320000000,
        "generalandadministrativeexpense": 207000000,
        "provisionfortransactionlosses": 112000000,
        "amortizationofacquiredintangibleassets1": 0,
        "operatingexpenses": 994000000,
        "operatingincomeloss": 661000000,
        "interestandothernet": 1000000,
        "incomelossfromcontinuingoperationsbeforeincometaxesextraordinaryitemsnoncontrollinginterest": 45000000,
        "incometaxexpensebenefit": -4000000,
        "incomelossfromcontinuingoperations": 282000000,
        "incomelossfromdiscontinuedoperationsnetoftaxattributabletoreportingentity": -18000000,
        "netincomeloss": -12000000,
        "incomelossfromcontinuingoperationsperbasicshare": 0.44000000000000006,
        "discontinuedoperationincomelossfromdiscontinuedoperationnetoftaxperbasicshare": 0.1400000000000002,
        "earningspersharebasic": 0.5800000000000014,
        "incomelossfromcontinuingoperationsperdilutedshare": 0.44000000000000006,
        "discontinuedoperationincomelossfromdiscontinuedoperationnetoftaxperdilutedshare": 0.12000000000000063,
        "earningspersharediluted": 0.5600000000000004,
        "weightedaveragenumberofsharesoutstandingbasic": -688000000,
        "weightedaveragenumberofdilutedsharesoutstanding": -700000000,
        "othercomprehensiveincomeforeigncurrencytransactionandtranslationadjustmentbeforetaxportionattributabletoparent": -85000000,
        "othercomprehensiveincomeunrealizedholdinggainlossonsecuritiesarisingduringperiodbeforetax": 0,
        "othercomprehensiveincomelosscashflowhedgegainlossbeforereclassificationandtax": 60000000,
        "othercomprehensiveincomelosscashflowhedgegainlossbeforereclassificationtax": 13000000,
        "othercomprehensiveincomelossnetoftaxportionattributabletoparent": -38000000,
        "comprehensiveincomenetoftax": 226000000
    },
    {
        "date": "2021-06-29",
        "symbol": "EBAY",
        "period": "Q2",
        "revenuefromcontractwithcustomerexcludingassessedtax": 529000000,
        "costofrevenue": -1000000,
        "grossprofit": 1996000000,
        "sellingandmarketingexpense": 559000000,
        "researchanddevelopmentexpense": 350000000,
        "generalandadministrativeexpense": 250000000,
        "provisionfortransactionlosses": 103000000,
        "amortizationofacquiredintangibleassets1": 2000000,
        "operatingexpenses": 1264000000,
        "operatingincomeloss": 732000000,
        "interestandothernet": 1000000,
        "incomelossfromcontinuingoperationsbeforeincometaxesextraordinaryitemsnoncontrollinginterest": -16000000,
        "incometaxexpensebenefit": -4000000,
        "incomelossfromcontinuingoperations": 294000000,
        "incomelossfromdiscontinuedoperationsnetoftaxattributabletoreportingentity": 10440000000,
        "netincomeloss": -12000000,
        "incomelossfromcontinuingoperationsperbasicshare": 0.44,
        "discontinuedoperationincomelossfromdiscontinuedoperationnetoftaxperbasicshare": 15.48,
        "earningspersharebasic": 15.92,
        "incomelossfromcontinuingoperationsperdilutedshare": 0.43,
        "discontinuedoperationincomelossfromdiscontinuedoperationnetoftaxperdilutedshare": 15.25,
        "earningspersharediluted": 15.68,
        "weightedaveragenumberofsharesoutstandingbasic": 674000000,
        "weightedaveragenumberofdilutedsharesoutstanding": 685000000,
        "othercomprehensiveincomeforeigncurrencytransactionandtranslationadjustmentbeforetaxportionattributabletoparent": 10000000,
        "othercomprehensiveincomeunrealizedholdinggainlossonsecuritiesarisingduringperiodbeforetax": -1000000,
        "othercomprehensiveincomeunrealizedholdinggainlossonsecuritiesarisingduringperiodtax": -1000000,
        "othercomprehensiveincomelosscashflowhedgegainlossbeforereclassificationandtax": -4000000,
        "othercomprehensiveincomelosscashflowhedgegainlossbeforereclassificationtax": -1000000,
        "othercomprehensiveincomelossnetoftaxportionattributabletoparent": 7000000,
        "comprehensiveincomenetoftax": 10741000000
    },
    {
        "date": "2021-03-30",
        "symbol": "EBAY",
        "period": "Q1",
        "revenuefromcontractwithcustomerexcludingassessedtax": 491000000,
        "costofrevenue": -1000000,
        "grossprofit": 2200000000,
        "sellingandmarketingexpense": 687000000,
        "researchanddevelopmentexpense": 318000000,
        "generalandadministrativeexpense": 258000000,
        "provisionfortransactionlosses": 88000000,
        "amortizationofacquiredintangibleassets1": 7000000,
        "operatingexpenses": 1358000000,
        "operatingincomeloss": 842000000,
        "interestandothernet": -1000000,
        "incomelossfromcontinuingoperationsbeforeincometaxesextraordinaryitemsnoncontrollinginterest": -28000000,
        "incometaxexpensebenefit": -6000000,
        "incomelossfromcontinuingoperations": 569000000,
        "incomelossfromdiscontinuedoperationsnetoftaxattributabletoreportingentity": 72000000,
        "netincomeloss": -22000000,
        "incomelossfromcontinuingoperationsperbasicshare": 0.84,
        "discontinuedoperationincomelossfromdiscontinuedoperationnetoftaxperbasicshare": 0.1,
        "earningspersharebasic": 0.94,
        "incomelossfromcontinuingoperationsperdilutedshare": 0.82,
        "discontinuedoperationincomelossfromdiscontinuedoperationnetoftaxperdilutedshare": 0.1,
        "earningspersharediluted": 0.92,
        "weightedaveragenumberofsharesoutstandingbasic": 681000000,
        "weightedaveragenumberofdilutedsharesoutstanding": 693000000,
        "othercomprehensiveincomeforeigncurrencytransactionandtranslationadjustmentbeforetaxportionattributabletoparent": -117000000,
        "othercomprehensiveincomeunrealizedholdinggainlossonsecuritiesarisingduringperiodbeforetax": -3000000,
        "othercomprehensiveincomelosscashflowhedgegainlossbeforereclassificationandtax": 74000000,
        "othercomprehensiveincomelosscashflowhedgegainlossbeforereclassificationtax": 17000000,
        "othercomprehensiveincomelossnetoftaxportionattributabletoparent": -63000000,
        "comprehensiveincomenetoftax": 578000000
    },
    {
        "date": "2020-12-30",
        "symbol": "EBAY",
        "period": "Q4",
        "revenuefromcontractwithcustomerexcludingassessedtax": 2868000000,
        "costofrevenue": 742000000,
        "grossprofit": 2126000000,
        "sellingandmarketingexpense": 804000000,
        "researchanddevelopmentexpense": 299000000,
        "generalandadministrativeexpense": 253000000,
        "provisionfortransactionlosses": 86000000,
        "amortizationofacquiredintangibleassets1": 7000000,
        "operatingexpenses": 1449000000,
        "operatingincomeloss": 677000000,
        "interestandothernet": 432000000,
        "incomelossfromcontinuingoperationsbeforeincometaxesextraordinaryitemsnoncontrollinginterest": 1109000000,
        "incometaxexpensebenefit": 328000000,
        "incomelossfromcontinuingoperations": 781000000,
        "incomelossfromdiscontinuedoperationsnetoftaxattributabletoreportingentity": 64000000,
        "netincomeloss": 845000000,
        "incomelossfromcontinuingoperationsperbasicshare": 1.12,
        "discontinuedoperationincomelossfromdiscontinuedoperationnetoftaxperbasicshare": 0.140000000000001,
        "earningspersharebasic": 1.2600000000000007,
        "incomelossfromcontinuingoperationsperdilutedshare": 1.1099999999999999,
        "discontinuedoperationincomelossfromdiscontinuedoperationnetoftaxperdilutedshare": 0.1299999999999999,
        "earningspersharediluted": 1.2399999999999993,
        "weightedaveragenumberofsharesoutstandingbasic": -7000000,
        "weightedaveragenumberofdilutedsharesoutstanding": -7000000,
        "othercomprehensiveincomeforeigncurrencytransactionandtranslationadjustmentbeforetaxportionattributabletoparent": 234000000,
        "othercomprehensiveincomelosscashflowhedgegainlossbeforereclassificationandtax": -35000000,
        "othercomprehensiveincomelosscashflowhedgegainlossbeforereclassificationtax": -7000000,
        "othercomprehensiveincomelossnetoftaxportionattributabletoparent": 205000000,
        "comprehensiveincomenetoftax": 1050000000
    },
    {
        "date": "2020-09-29",
        "symbol": "EBAY",
        "period": "Q3",
        "revenuefromcontractwithcustomerexcludingassessedtax": 4003000000,
        "costofrevenue": 607000000,
        "grossprofit": 1557000000,
        "sellingandmarketingexpense": 512000000,
        "researchanddevelopmentexpense": 213000000,
        "generalandadministrativeexpense": 196000000,
        "provisionfortransactionlosses": 50000000,
        "amortizationofacquiredintangibleassets1": 2000000,
        "operatingexpenses": 973000000,
        "operatingincomeloss": 1428000000,
        "interestandothernet": 93000000,
        "incomelossfromcontinuingoperationsbeforeincometaxesextraordinaryitemsnoncontrollinginterest": 677000000,
        "incometaxexpensebenefit": 141000000,
        "incomelossfromcontinuingoperations": 536000000,
        "incomelossfromdiscontinuedoperationsnetoftaxattributabletoreportingentity": 128000000,
        "netincomeloss": 664000000,
        "incomelossfromcontinuingoperationsperbasicshare": 0.7699999999999999,
        "discontinuedoperationincomelossfromdiscontinuedoperationnetoftaxperbasicshare": 0.3599999999999999,
        "earningspersharebasic": 1.13,
        "incomelossfromcontinuingoperationsperdilutedshare": 0.7500000000000001,
        "discontinuedoperationincomelossfromdiscontinuedoperationnetoftaxperdilutedshare": 0.33999999999999986,
        "earningspersharediluted": 1.0900000000000007,
        "weightedaveragenumberofsharesoutstandingbasic": -739000000,
        "weightedaveragenumberofdilutedsharesoutstanding": -743000000,
        "othercomprehensiveincomeforeigncurrencytransactionandtranslationadjustmentbeforetaxportionattributabletoparent": 121000000,
        "othercomprehensiveincomeunrealizedholdinggainlossonsecuritiesarisingduringperiodbeforetax": 0,
        "othercomprehensiveincomelosscashflowhedgegainlossbeforereclassificationandtax": -41000000,
        "othercomprehensiveincomelosscashflowhedgegainlossbeforereclassificationtax": -10000000,
        "othercomprehensiveincomelossnetoftaxportionattributabletoparent": 90000000,
        "comprehensiveincomenetoftax": 754000000
    },
    {
        "date": "2020-06-29",
        "symbol": "EBAY",
        "period": "Q2",
        "revenuefromcontractwithcustomerexcludingassessedtax": 2865000000,
        "costofrevenue": 598000000,
        "grossprofit": 2267000000,
        "sellingandmarketingexpense": 716000000,
        "researchanddevelopmentexpense": 308000000,
        "generalandadministrativeexpense": 320000000,
        "provisionfortransactionlosses": 93000000,
        "amortizationofacquiredintangibleassets1": 9000000,
        "operatingexpenses": 1446000000,
        "operatingincomeloss": 821000000,
        "interestandothernet": 182000000,
        "incomelossfromcontinuingoperationsbeforeincometaxesextraordinaryitemsnoncontrollinginterest": 1003000000,
        "incometaxexpensebenefit": 263000000,
        "incomelossfromcontinuingoperations": 740000000,
        "incomelossfromdiscontinuedoperationsnetoftaxattributabletoreportingentity": 6000000,
        "netincomeloss": 746000000,
        "incomelossfromcontinuingoperationsperbasicshare": 1.05,
        "discontinuedoperationincomelossfromdiscontinuedoperationnetoftaxperbasicshare": 0.01,
        "earningspersharebasic": 1.06,
        "incomelossfromcontinuingoperationsperdilutedshare": 1.04,
        "discontinuedoperationincomelossfromdiscontinuedoperationnetoftaxperdilutedshare": 0.01,
        "earningspersharediluted": 1.05,
        "weightedaveragenumberofsharesoutstandingbasic": 703000000,
        "weightedaveragenumberofdilutedsharesoutstanding": 711000000,
        "othercomprehensiveincomeforeigncurrencytransactionandtranslationadjustmentbeforetaxportionattributabletoparent": 49000000,
        "othercomprehensiveincomeunrealizedholdinggainlossonsecuritiesarisingduringperiodbeforetax": 32000000,
        "othercomprehensiveincomeunrealizedholdinggainlossonsecuritiesarisingduringperiodtax": 8000000,
        "othercomprehensiveincomelosscashflowhedgegainlossbeforereclassificationandtax": -47000000,
        "othercomprehensiveincomelosscashflowhedgegainlossbeforereclassificationtax": -10000000,
        "othercomprehensiveincomelossnetoftaxportionattributabletoparent": 36000000,
        "comprehensiveincomenetoftax": 782000000
    },
    {
        "date": "2020-03-30",
        "symbol": "EBAY",
        "period": "Q1",
        "revenuefromcontractwithcustomerexcludingassessedtax": 535000000,
        "costofrevenue": 526000000,
        "grossprofit": 1848000000,
        "sellingandmarketingexpense": 607000000,
        "researchanddevelopmentexpense": 267000000,
        "generalandadministrativeexpense": 234000000,
        "provisionfortransactionlosses": 102000000,
        "amortizationofacquiredintangibleassets1": 9000000,
        "operatingexpenses": 1219000000,
        "operatingincomeloss": -215000000,
        "interestandothernet": 2000000,
        "incomelossfromcontinuingoperationsbeforeincometaxesextraordinaryitemsnoncontrollinginterest": 631000000,
        "incometaxexpensebenefit": 146000000,
        "incomelossfromcontinuingoperations": 485000000,
        "incomelossfromdiscontinuedoperationsnetoftaxattributabletoreportingentity": 2927000000,
        "netincomeloss": 3412000000,
        "incomelossfromcontinuingoperationsperbasicshare": 0.64,
        "discontinuedoperationincomelossfromdiscontinuedoperationnetoftaxperbasicshare": 3.89,
        "earningspersharebasic": 4.53,
        "incomelossfromcontinuingoperationsperdilutedshare": 0.64,
        "discontinuedoperationincomelossfromdiscontinuedoperationnetoftaxperdilutedshare": 3.87,
        "earningspersharediluted": 4.51,
        "weightedaveragenumberofsharesoutstandingbasic": 753000000,
        "weightedaveragenumberofdilutedsharesoutstanding": 757000000,
        "othercomprehensiveincomeforeigncurrencytransactionandtranslationadjustmentbeforetaxportionattributabletoparent": -113000000,
        "othercomprehensiveincomeunrealizedholdinggainlossonsecuritiesarisingduringperiodbeforetax": -31000000,
        "othercomprehensiveincomeunrealizedholdinggainlossonsecuritiesarisingduringperiodtax": -8000000,
        "othercomprehensiveincomelosscashflowhedgegainlossbeforereclassificationandtax": 47000000,
        "othercomprehensiveincomelosscashflowhedgegainlossbeforereclassificationtax": 10000000,
        "othercomprehensiveincomelossnetoftaxportionattributabletoparent": -99000000,
        "comprehensiveincomenetoftax": 3313000000
    },
    {
        "date": "2019-12-30",
        "symbol": "EBAY",
        "period": "Q4",
        "netincomeloss": 54000000,
        "othercomprehensiveincomeforeigncurrencytransactionandtranslationadjustmentbeforetaxportionattributabletoparent": 86000000,
        "othercomprehensiveincomeunrealizedholdinggainlossonsecuritiesarisingduringperiodbeforetax": -70000000,
        "othercomprehensiveincomelosscashflowhedgegainlossbeforereclassificationandtax": -82000000,
        "othercomprehensiveincomelosscashflowhedgegainlossbeforereclassificationtax": -18000000,
        "comprehensiveincomenetoftax": 579000000,
        "revenuefromcontractwithcustomerexcludingassessedtax": 725000000,
        "costofrevenue": 650000000,
        "grossprofit": 2171000000,
        "sellingandmarketingexpense": 829000000,
        "researchanddevelopmentexpense": 308000000,
        "generalandadministrativeexpense": 323000000,
        "provisionfortransactionlosses": 81000000,
        "amortizationofacquiredintangibleassets1": 11000000,
        "operatingexpenses": 1552000000,
        "operatingincomeloss": -271000000,
        "interestandothernet": 15000000,
        "incomelossfromcontinuingoperationsbeforeincometaxesextraordinaryitemsnoncontrollinginterest": -19000000,
        "incometaxexpensebenefit": -72000000,
        "incomelossfromcontinuingoperations": 558000000,
        "incomelossfromcontinuingoperationsperbasicshare": 0.6799999999999998,
        "earningspersharebasic": 0.67,
        "incomelossfromcontinuingoperationsperdilutedshare": 0.68,
        "earningspersharediluted": 0.6699999999999998,
        "weightedaveragenumberofsharesoutstandingbasic": -14000000,
        "weightedaveragenumberofdilutedsharesoutstanding": -14000000
    },
    {
        "date": "2019-09-29",
        "symbol": "EBAY",
        "period": "Q3",
        "netincomeloss": 310000000,
        "othercomprehensiveincomeforeigncurrencytransactionandtranslationadjustmentbeforetaxportionattributabletoparent": -133000000,
        "othercomprehensiveincomeunrealizedholdinggainlossonsecuritiesarisingduringperiodbeforetax": 3000000,
        "othercomprehensiveincomeunrealizedholdinggainlossonsecuritiesarisingduringperiodtax": 0,
        "othercomprehensiveincomelosscashflowhedgegainlossbeforereclassificationandtax": 35000000,
        "othercomprehensiveincomelosscashflowhedgegainlossbeforereclassificationtax": 8000000,
        "comprehensiveincomenetoftax": 207000000,
        "revenuefromcontractwithcustomerexcludingassessedtax": 2649000000,
        "costofrevenue": 627000000,
        "grossprofit": 2022000000,
        "sellingandmarketingexpense": 806000000,
        "researchanddevelopmentexpense": 313000000,
        "generalandadministrativeexpense": 283000000,
        "provisionfortransactionlosses": 76000000,
        "amortizationofacquiredintangibleassets1": 12000000,
        "operatingexpenses": 1490000000,
        "operatingincomeloss": 532000000,
        "interestandothernet": -142000000,
        "incomelossfromcontinuingoperationsbeforeincometaxesextraordinaryitemsnoncontrollinginterest": 390000000,
        "incometaxexpensebenefit": 80000000,
        "incomelossfromcontinuingoperations": 310000000,
        "incomelossfromdiscontinuedoperationsnetoftaxattributabletoreportingentity": 0,
        "incomelossfromcontinuingoperationsperbasicshare": 0.3799999999999999,
        "earningspersharebasic": 0.3799999999999999,
        "incomelossfromcontinuingoperationsperdilutedshare": 0.3799999999999999,
        "earningspersharediluted": 0.3799999999999999,
        "weightedaveragenumberofsharesoutstandingbasic": -17000000,
        "weightedaveragenumberofdilutedsharesoutstanding": -17000000
    },
    {
        "date": "2019-06-29",
        "symbol": "EBAY",
        "period": "Q2",
        "netincomeloss": 904000000,
        "othercomprehensiveincomeforeigncurrencytransactionandtranslationadjustmentbeforetaxportionattributabletoparent": -20000000,
        "othercomprehensiveincomeunrealizedholdinggainlossonsecuritiesarisingduringperiodbeforetax": 88000000,
        "othercomprehensiveincomeunrealizedholdinggainlossonsecuritiesarisingduringperiodtax": 5000000,
        "othercomprehensiveincomelosscashflowhedgegainlossbeforereclassificationandtax": 11000000,
        "othercomprehensiveincomelosscashflowhedgegainlossbeforereclassificationtax": 2000000,
        "othercomprehensiveincomelossnetoftaxportionattributabletoparent": 0,
        "comprehensiveincomenetoftax": 402000000,
        "revenuefromcontractwithcustomerexcludingassessedtax": 4783000000,
        "costofrevenue": 630000000,
        "grossprofit": 2057000000,
        "sellingandmarketingexpense": 817000000,
        "researchanddevelopmentexpense": 322000000,
        "generalandadministrativeexpense": 274000000,
        "provisionfortransactionlosses": 71000000,
        "amortizationofacquiredintangibleassets1": 12000000,
        "operatingexpenses": 1496000000,
        "operatingincomeloss": 1451000000,
        "interestandothernet": -51000000,
        "incomelossfromcontinuingoperationsbeforeincometaxesextraordinaryitemsnoncontrollinginterest": 1163000000,
        "incometaxexpensebenefit": 255000000,
        "incomelossfromcontinuingoperations": 403000000,
        "incomelossfromdiscontinuedoperationsnetoftaxattributabletoreportingentity": -1000000,
        "incomelossfromcontinuingoperationsperbasicshare": 0.4700000000000001,
        "earningspersharebasic": 0.4700000000000001,
        "incomelossfromcontinuingoperationsperdilutedshare": 0.4700000000000001,
        "earningspersharediluted": 0.4700000000000001,
        "weightedaveragenumberofsharesoutstandingbasic": -20000000,
        "weightedaveragenumberofdilutedsharesoutstanding": -21000000
    },
    {
        "date": "2019-03-30",
        "symbol": "EBAY",
        "period": "Q1",
        "netincomeloss": 518000000,
        "othercomprehensiveincomeforeigncurrencytransactionandtranslationadjustmentbeforetaxportionattributabletoparent": -32000000,
        "othercomprehensiveincomeunrealizedholdinggainlossonsecuritiesarisingduringperiodbeforetax": 40000000,
        "othercomprehensiveincomeunrealizedholdinggainlossonsecuritiesarisingduringperiodtax": 10000000,
        "othercomprehensiveincomelosscashflowhedgegainlossbeforereclassificationandtax": -41000000,
        "othercomprehensiveincomelosscashflowhedgegainlossbeforereclassificationtax": -9000000,
        "othercomprehensiveincomelossnetoftaxportionattributabletoparent": -34000000,
        "comprehensiveincomenetoftax": 484000000,
        "revenuefromcontractwithcustomerexcludingassessedtax": 2643000000,
        "costofrevenue": 601000000,
        "grossprofit": 2042000000,
        "sellingandmarketingexpense": 742000000,
        "researchanddevelopmentexpense": 297000000,
        "generalandadministrativeexpense": 309000000,
        "provisionfortransactionlosses": 72000000,
        "amortizationofacquiredintangibleassets1": 13000000,
        "operatingexpenses": 1433000000,
        "operatingincomeloss": 609000000,
        "interestandothernet": 64000000,
        "incomelossfromcontinuingoperationsbeforeincometaxesextraordinaryitemsnoncontrollinginterest": 673000000,
        "incometaxexpensebenefit": 152000000,
        "incomelossfromcontinuingoperations": 521000000,
        "incomelossfromdiscontinuedoperationsnetoftaxattributabletoreportingentity": -3000000,
        "incomelossfromcontinuingoperationsperbasicshare": 0.58,
        "earningspersharebasic": 0.58,
        "incomelossfromcontinuingoperationsperdilutedshare": 0.57,
        "earningspersharediluted": 0.57,
        "weightedaveragenumberofsharesoutstandingbasic": 900000000,
        "weightedaveragenumberofdilutedsharesoutstanding": 908000000
    },
    {
        "date": "2018-12-30",
        "symbol": "EBAY",
        "period": "Q4",
        "netincomeloss": 760000000,
        "othercomprehensiveincomeforeigncurrencytransactionandtranslationadjustmentbeforetaxportionattributabletoparent": -68000000,
        "othercomprehensiveincomelossnetoftaxportionattributabletoparent": -52000000,
        "comprehensiveincomenetoftax": 708000000,
        "costofrevenue": 618000000,
        "grossprofit": 2259000000,
        "sellingandmarketingexpense": 945000000,
        "researchanddevelopmentexpense": 292000000,
        "generalandadministrativeexpense": 245000000,
        "provisionfortransactionlosses": 83000000,
        "amortizationofacquiredintangibleassets1": 13000000,
        "operatingexpenses": 1578000000,
        "operatingincomeloss": 681000000,
        "interestandothernet": -165000000,
        "incomelossfromcontinuingoperationsbeforeincometaxesextraordinaryitemsnoncontrollinginterest": 516000000,
        "incometaxexpensebenefit": -247000000,
        "earningspersharebasic": 0.8000000000000002,
        "earningspersharediluted": 0.7899999999999999,
        "weightedaveragenumberofsharesoutstandingbasic": -995000000,
        "weightedaveragenumberofdilutedsharesoutstanding": -1008000000
    },
    {
        "date": "2018-09-29",
        "symbol": "EBAY",
        "period": "Q3",
        "netincomeloss": 721000000,
        "othercomprehensiveincomeforeigncurrencytransactionandtranslationadjustmentbeforetaxportionattributabletoparent": -25000000,
        "othercomprehensiveincomeunrealizedholdinggainlossonsecuritiesarisingduringperiodbeforetax": 8000000,
        "othercomprehensiveincomeunrealizedholdinggainlossonsecuritiesarisingduringperiodtax": 2000000,
        "othercomprehensiveincomelosscashflowhedgegainlossbeforereclassificationandtax": -16000000,
        "othercomprehensiveincomelosscashflowhedgegainlossbeforereclassificationtax": -4000000,
        "othercomprehensiveincomelossnetoftaxportionattributabletoparent": -31000000,
        "comprehensiveincomenetoftax": 690000000,
        "revenuefromcontractwithcustomerexcludingassessedtax": 2649000000,
        "costofrevenue": 608000000,
        "grossprofit": 2041000000,
        "sellingandmarketingexpense": 852000000,
        "researchanddevelopmentexpense": 307000000,
        "generalandadministrativeexpense": 248000000,
        "provisionfortransactionlosses": 65000000,
        "amortizationofacquiredintangibleassets1": 13000000,
        "operatingexpenses": 1485000000,
        "operatingincomeloss": 556000000,
        "interestandothernet": 392000000,
        "incomelossfromcontinuingoperationsbeforeincometaxesextraordinaryitemsnoncontrollinginterest": 948000000,
        "incometaxexpensebenefit": 228000000,
        "incomelossfromcontinuingoperations": 720000000,
        "incomelossfromdiscontinuedoperationsnetoftaxattributabletoreportingentity": 1000000,
        "incomelossfromcontinuingoperationsperbasicshare": 0.74,
        "earningspersharebasic": 0.74,
        "incomelossfromcontinuingoperationsperdilutedshare": 0.73,
        "earningspersharediluted": 0.73,
        "weightedaveragenumberofsharesoutstandingbasic": 974000000,
        "weightedaveragenumberofdilutedsharesoutstanding": 983000000
    },
    {
        "date": "2018-06-29",
        "symbol": "EBAY",
        "period": "Q2",
        "netincomeloss": 642000000,
        "othercomprehensiveincomeforeigncurrencytransactionandtranslationadjustmentbeforetaxportionattributabletoparent": -325000000,
        "othercomprehensiveincomelossavailableforsalesecuritiesadjustmentbeforetax": -2000000,
        "othercomprehensiveincomelossavailableforsalesecuritiestax": 0,
        "othercomprehensiveincomelossderivativesqualifyingashedgesbeforetax": 137000000,
        "othercomprehensiveincomelossderivativesqualifyingashedgestax": 29000000,
        "othercomprehensiveincomelossnetoftaxportionattributabletoparent": -219000000,
        "comprehensiveincomenetoftax": 423000000,
        "salesrevenuenet": 2640000000,
        "costofrevenue": 597000000,
        "grossprofit": 2043000000,
        "sellingandmarketingexpense": 838000000,
        "researchanddevelopmentexpense": 352000000,
        "generalandadministrativeexpense": 368000000,
        "provisionfortransactionlosses": 66000000,
        "amortizationofacquiredintangibleassets1": 13000000,
        "operatingexpenses": 1637000000,
        "operatingincomeloss": 406000000,
        "interestandothernet": 301000000,
        "incomelossfromcontinuingoperationsbeforeincometaxesextraordinaryitemsnoncontrollinginterest": 707000000,
        "incometaxexpensebenefit": 69000000,
        "earningspersharebasic": 0.64,
        "earningspersharediluted": 0.63,
        "weightedaveragenumberofsharesoutstandingbasic": -9000000,
        "weightedaveragenumberofdilutedsharesoutstanding": -13000000
    },
    {
        "date": "2018-03-30",
        "symbol": "EBAY",
        "period": "Q1",
        "netincomeloss": 407000000,
        "othercomprehensiveincomeforeigncurrencytransactionandtranslationadjustmentbeforetaxportionattributabletoparent": 132000000,
        "othercomprehensiveincomelossavailableforsalesecuritiesadjustmentbeforetax": -36000000,
        "othercomprehensiveincomelossavailableforsalesecuritiestax": -10000000,
        "othercomprehensiveincomelossderivativesqualifyingashedgesbeforetax": -29000000,
        "othercomprehensiveincomelossderivativesqualifyingashedgestax": -6000000,
        "othercomprehensiveincomelossnetoftaxportionattributabletoparent": 83000000,
        "comprehensiveincomenetoftax": 490000000,
        "salesrevenuenet": 2580000000,
        "costofrevenue": 559000000,
        "grossprofit": 2021000000,
        "sellingandmarketingexpense": 756000000,
        "researchanddevelopmentexpense": 334000000,
        "generalandadministrativeexpense": 270000000,
        "provisionfortransactionlosses": 72000000,
        "amortizationofacquiredintangibleassets1": 10000000,
        "operatingexpenses": 1442000000,
        "operatingincomeloss": 579000000,
        "interestandothernet": -32000000,
        "incomelossfromcontinuingoperationsbeforeincometaxesextraordinaryitemsnoncontrollinginterest": 547000000,
        "incometaxexpensebenefit": 140000000,
        "earningspersharebasic": 0.4,
        "earningspersharediluted": 0.4,
        "weightedaveragenumberofsharesoutstandingbasic": 1010000000,
        "weightedaveragenumberofdilutedsharesoutstanding": 1029000000
    },
    {
        "date": "2017-12-30",
        "symbol": "EBAY",
        "period": "Q4",
        "netincomeloss": -2579000000,
        "othercomprehensiveincomeforeigncurrencytransactionandtranslationadjustmentbeforetaxportionattributabletoparent": 187000000,
        "othercomprehensiveincomelossavailableforsalesecuritiesadjustmentbeforetax": -24000000,
        "othercomprehensiveincomelossavailableforsalesecuritiestax": -7000000,
        "othercomprehensiveincomelossderivativesqualifyingashedgesbeforetax": 11000000,
        "othercomprehensiveincomelossnetoftaxportionattributabletoparent": 179000000,
        "comprehensiveincomenetoftax": -2422000000,
        "salesrevenuenet": 2613000000,
        "costofrevenue": 1150000000,
        "grossprofit": 2023000000,
        "sellingandmarketingexpense": 689000000,
        "researchanddevelopmentexpense": 628000000,
        "generalandadministrativeexpense": 531000000,
        "provisionfortransactionlosses": 79000000,
        "amortizationofacquiredintangibleassets1": 10000000,
        "operatingexpenses": 1360000000,
        "operatingincomeloss": 663000000,
        "interestandothernet": -2000000,
        "incomelossfromcontinuingoperationsbeforeincometaxesextraordinaryitemsnoncontrollinginterest": 1717000000,
        "incometaxexpensebenefit": 3158000000,
        "earningspersharebasic": -2.4299999999999997,
        "earningspersharediluted": -2.3899999999999997,
        "weightedaveragenumberofsharesoutstandingbasic": -2157000000,
        "weightedaveragenumberofdilutedsharesoutstanding": -2207000000
    },
    {
        "date": "2017-09-29",
        "symbol": "EBAY",
        "period": "Q3",
        "netincomeloss": 523000000,
        "othercomprehensiveincomeforeigncurrencytransactionandtranslationadjustmentbeforetaxportionattributabletoparent": 115000000,
        "othercomprehensiveincomelossavailableforsalesecuritiesadjustmentbeforetax": 7000000,
        "othercomprehensiveincomelossavailableforsalesecuritiestax": 2000000,
        "othercomprehensiveincomelossderivativesqualifyingashedgesbeforetax": -24000000,
        "othercomprehensiveincomelossderivativesqualifyingashedgestax": -5000000,
        "othercomprehensiveincomelossnetoftaxportionattributabletoparent": 101000000,
        "comprehensiveincomenetoftax": 624000000,
        "salesrevenuenet": 2409000000,
        "costofrevenue": 556000000,
        "grossprofit": 1853000000,
        "sellingandmarketingexpense": 627000000,
        "researchanddevelopmentexpense": 316000000,
        "generalandadministrativeexpense": 254000000,
        "provisionfortransactionlosses": 68000000,
        "amortizationofacquiredintangibleassets1": 10000000,
        "operatingexpenses": 1275000000,
        "operatingincomeloss": 578000000,
        "interestandothernet": -4000000,
        "incomelossfromcontinuingoperationsbeforeincometaxesextraordinaryitemsnoncontrollinginterest": -4000000,
        "incometaxexpensebenefit": 174000000,
        "incomelossfromcontinuingoperations": 523000000,
        "incomelossfromcontinuingoperationsperbasicshare": 0.49,
        "earningspersharebasic": 0.49,
        "incomelossfromcontinuingoperationsperdilutedshare": 0.48,
        "earningspersharediluted": 0.48,
        "weightedaveragenumberofsharesoutstandingbasic": 1062000000,
        "weightedaveragenumberofdilutedsharesoutstanding": 1078000000
    },
    {
        "date": "2017-06-29",
        "symbol": "EBAY",
        "period": "Q2",
        "netincomeloss": 5000000,
        "othercomprehensiveincomeforeigncurrencytransactionandtranslationadjustmentbeforetaxportionattributabletoparent": 345000000,
        "othercomprehensiveincomelossavailableforsalesecuritiesadjustmentbeforetax": -29000000,
        "othercomprehensiveincomelossavailableforsalesecuritiestax": -6000000,
        "othercomprehensiveincomelossderivativesqualifyingashedgesbeforetax": -64000000,
        "othercomprehensiveincomelossderivativesqualifyingashedgestax": -14000000,
        "othercomprehensiveincomelossnetoftaxportionattributabletoparent": 272000000,
        "comprehensiveincomenetoftax": 299000000,
        "salesrevenuenet": 2328000000,
        "costofrevenue": 1000000,
        "grossprofit": 1767000000,
        "sellingandmarketingexpense": 637000000,
        "researchanddevelopmentexpense": 2000000,
        "generalandadministrativeexpense": 1000000,
        "provisionfortransactionlosses": 63000000,
        "amortizationofacquiredintangibleassets1": 9000000,
        "operatingexpenses": 1289000000,
        "operatingincomeloss": 478000000,
        "interestandothernet": 5000000,
        "incomelossfromcontinuingoperationsbeforeincometaxesextraordinaryitemsnoncontrollinginterest": 5000000,
        "incometaxexpensebenefit": 433000000,
        "incomelossfromcontinuingoperations": 27000000,
        "incomelossfromcontinuingoperationsperbasicshare": 0.03,
        "earningspersharebasic": 0.03,
        "incomelossfromcontinuingoperationsperdilutedshare": 0.02,
        "earningspersharediluted": 0.02,
        "weightedaveragenumberofsharesoutstandingbasic": 1076000000,
        "weightedaveragenumberofdilutedsharesoutstanding": 1091000000
    },
    {
        "date": "2017-03-30",
        "symbol": "EBAY",
        "period": "Q1",
        "netincomeloss": 1035000000,
        "othercomprehensiveincomeforeigncurrencytransactionandtranslationadjustmentbeforetaxportionattributabletoparent": 331000000,
        "othercomprehensiveincomelossavailableforsalesecuritiesadjustmentbeforetax": -20000000,
        "othercomprehensiveincomelossavailableforsalesecuritiestax": -12000000,
        "othercomprehensiveincomelossderivativesqualifyingashedgesbeforetax": -34000000,
        "othercomprehensiveincomelossnetoftaxportionattributabletoparent": 289000000,
        "comprehensiveincomenetoftax": 1324000000,
        "salesrevenuenet": 2217000000,
        "costofrevenue": 515000000,
        "grossprofit": 1702000000,
        "sellingandmarketingexpense": 562000000,
        "researchanddevelopmentexpense": 278000000,
        "generalandadministrativeexpense": 245000000,
        "provisionfortransactionlosses": 62000000,
        "amortizationofacquiredintangibleassets1": 9000000,
        "operatingexpenses": 1156000000,
        "operatingincomeloss": 546000000,
        "interestandothernet": 12000000,
        "incomelossfromcontinuingoperationsbeforeincometaxesextraordinaryitemsnoncontrollinginterest": 558000000,
        "incometaxexpensebenefit": -477000000,
        "earningspersharebasic": 0.96,
        "earningspersharediluted": 0.94,
        "weightedaveragenumberofsharesoutstandingbasic": 1083000000,
        "weightedaveragenumberofdilutedsharesoutstanding": 1102000000
    },
    {
        "date": "2016-09-29",
        "symbol": "EBAY",
        "period": "Q3",
        "netincomeloss": -3000000,
        "othercomprehensiveincomeforeigncurrencytransactionandtranslationadjustmentbeforetaxportionattributabletoparent": 150000000,
        "othercomprehensiveincomelossavailableforsalesecuritiesadjustmentbeforetax": 353000000,
        "othercomprehensiveincomelossavailableforsalesecuritiestax": 128000000,
        "othercomprehensiveincomelossderivativesqualifyingashedgesbeforetax": 0,
        "othercomprehensiveincomelossnetoftaxportionattributabletoparent": 375000000,
        "comprehensiveincomenetoftax": 788000000,
        "salesrevenuenet": 2217000000,
        "costofrevenue": 0,
        "grossprofit": 1719000000,
        "sellingandmarketingexpense": 600000000,
        "researchanddevelopmentexpense": -296000000,
        "generalandadministrativeexpense": -428000000,
        "provisionfortransactionlosses": 56000000,
        "amortizationofacquiredintangibleassets1": 9000000,
        "operatingexpenses": 1177000000,
        "operatingincomeloss": 542000000,
        "interestandothernet": -3000000,
        "incomelossfromcontinuingoperationsbeforeincometaxesextraordinaryitemsnoncontrollinginterest": -3000000,
        "incometaxexpensebenefit": 115000000,
        "incomelossfromcontinuingoperations": 27000000,
        "incomelossfromcontinuingoperationsperbasicshare": 0.36999999999999994,
        "earningspersharebasic": 0.35999999999999993,
        "incomelossfromcontinuingoperationsperdilutedshare": 0.36999999999999994,
        "earningspersharediluted": 0.35999999999999993,
        "weightedaveragenumberofsharesoutstandingbasic": -1160000000,
        "weightedaveragenumberofdilutedsharesoutstanding": -1166000000
    },
    {
        "date": "2016-06-29",
        "symbol": "EBAY",
        "period": "Q2",
        "netincomeloss": -28000000,
        "othercomprehensiveincomeforeigncurrencytransactionandtranslationadjustmentbeforetaxportionattributabletoparent": -87000000,
        "othercomprehensiveincomelossavailableforsalesecuritiesadjustmentbeforetax": 281000000,
        "othercomprehensiveincomelossavailableforsalesecuritiestax": 80000000,
        "othercomprehensiveincomelossderivativesqualifyingashedgesbeforetax": 30000000,
        "othercomprehensiveincomelossnetoftaxportionattributabletoparent": 144000000,
        "comprehensiveincomenetoftax": 579000000,
        "salesrevenuenet": 2230000000,
        "costofrevenue": 1000000,
        "grossprofit": 1737000000,
        "sellingandmarketingexpense": 622000000,
        "researchanddevelopmentexpense": 295000000,
        "generalandadministrativeexpense": 218000000,
        "provisionfortransactionlosses": 64000000,
        "amortizationofacquiredintangibleassets1": 7000000,
        "operatingexpenses": 1206000000,
        "operatingincomeloss": 531000000,
        "interestandothernet": -28000000,
        "incomelossfromcontinuingoperationsbeforeincometaxesextraordinaryitemsnoncontrollinginterest": -28000000,
        "incometaxexpensebenefit": 86000000,
        "incomelossfromcontinuingoperations": 20000000,
        "incomelossfromdiscontinuedoperationsnetoftaxattributabletoreportingentity": -2000000,
        "incomelossfromcontinuingoperationsperbasicshare": 0.38,
        "earningspersharebasic": 0.38,
        "incomelossfromcontinuingoperationsperdilutedshare": 0.38,
        "earningspersharediluted": 0.38,
        "weightedaveragenumberofsharesoutstandingbasic": 1144000000,
        "weightedaveragenumberofdilutedsharesoutstanding": 1149000000
    },
    {
        "date": "2016-03-30",
        "symbol": "EBAY",
        "period": "Q1",
        "netincomeloss": -5000000,
        "othercomprehensiveincomeforeigncurrencytransactionandtranslationadjustmentbeforetaxportionattributabletoparent": 154000000,
        "othercomprehensiveincomelossavailableforsalesecuritiesadjustmentbeforetax": 23000000,
        "othercomprehensiveincomelossavailableforsalesecuritiestax": 21000000,
        "othercomprehensiveincomelossderivativesqualifyingashedgesbeforetax": 3000000,
        "othercomprehensiveincomelossnetoftaxportionattributabletoparent": 159000000,
        "comprehensiveincomenetoftax": 641000000,
        "salesrevenuenet": 2137000000,
        "costofrevenue": -2000000,
        "grossprofit": 1660000000,
        "sellingandmarketingexpense": 538000000,
        "researchanddevelopmentexpense": -2000000,
        "generalandadministrativeexpense": 209000000,
        "provisionfortransactionlosses": 52000000,
        "amortizationofacquiredintangibleassets1": 8000000,
        "operatingexpenses": 1046000000,
        "operatingincomeloss": 614000000,
        "interestandothernet": -5000000,
        "incomelossfromcontinuingoperationsbeforeincometaxesextraordinaryitemsnoncontrollinginterest": -5000000,
        "incometaxexpensebenefit": 109000000,
        "incomelossfromcontinuingoperations": 16000000,
        "incomelossfromcontinuingoperationsperbasicshare": 0.42,
        "earningspersharebasic": 0.42,
        "incomelossfromcontinuingoperationsperdilutedshare": 0.41,
        "earningspersharediluted": 0.41,
        "weightedaveragenumberofsharesoutstandingbasic": 1159000000,
        "weightedaveragenumberofdilutedsharesoutstanding": 1170000000
    },
    {
        "date": "2015-09-29",
        "symbol": "EBAY",
        "period": "Q3",
        "netincomeloss": 623000000,
        "othercomprehensiveincomeforeigncurrencytransactionandtranslationadjustmentbeforetaxportionattributabletoparent": -182000000,
        "othercomprehensiveincomelossavailableforsalesecuritiesadjustmentbeforetax": -442000000,
        "othercomprehensiveincomeunrealizedholdinggainlossonsecuritiesarisingduringperiodtax": -155000000,
        "othercomprehensiveincomelossderivativesqualifyingashedgesbeforetax": -19000000,
        "othercomprehensiveincomeunrealizedgainlossonderivativesarisingduringperiodtax": -1000000,
        "othercomprehensiveincomelossnetoftaxportionattributabletoparent": -487000000,
        "comprehensiveincomenetoftax": 52000000,
        "salesrevenuenet": 1902000000,
        "costofrevenue": -1463000000,
        "grossprofit": -1037000000,
        "sellingandmarketingexpense": -797000000,
        "researchanddevelopmentexpense": -505000000,
        "generalandadministrativeexpense": -668000000,
        "amortizationofacquiredintangibleassets1": -52000000,
        "operatingexpenses": -1099000000,
        "operatingincomeloss": 1571000000,
        "interestandothernet": -6000000,
        "incometaxexpensebenefit": 33000000,
        "earningspersharebasic": 0.44999999999999996,
        "earningspersharediluted": 0.43999999999999995,
        "weightedaveragenumberofsharesoutstandingbasic": -1219000000,
        "weightedaveragenumberofdilutedsharesoutstanding": -1228000000
    },
    {
        "date": "2015-06-29",
        "symbol": "EBAY",
        "period": "Q2",
        "netincomeloss": -1000000,
        "othercomprehensiveincomeforeigncurrencytransactionandtranslationadjustmentbeforetaxportionattributabletoparent": 21000000,
        "othercomprehensiveincomelossavailableforsalesecuritiesadjustmentbeforetax": 144000000,
        "othercomprehensiveincomeunrealizedholdinggainlossonsecuritiesarisingduringperiodtax": 53000000,
        "othercomprehensiveincomelossderivativesqualifyingashedgesbeforetax": -152000000,
        "othercomprehensiveincomeunrealizedgainlossonderivativesarisingduringperiodtax": -2000000,
        "othercomprehensiveincomelossnetoftaxportionattributabletoparent": -38000000,
        "comprehensiveincomenetoftax": 45000000,
        "salesrevenuenet": 2260000000,
        "costofrevenue": -5000000,
        "grossprofit": 3031000000,
        "sellingandmarketingexpense": -1000000,
        "researchanddevelopmentexpense": -5000000,
        "generalandadministrativeexpense": -1000000,
        "provisionfortransactionandloanlosses": 262000000,
        "amortizationofacquiredintangibleassets1": 24000000,
        "operatingexpenses": 2290000000,
        "operatingincomeloss": 590000000,
        "interestandothernet": -1000000,
        "incomelossfromcontinuingoperationsbeforeincometaxesminorityinterestandincomelossfromequitymethodinvestments": 867000000,
        "incometaxexpensebenefit": 185000000,
        "incomelossfromcontinuingoperations": 682000000,
        "incomelossfromdiscontinuedoperationsnetoftaxattributabletoreportingentity": -599000000,
        "incomelossfromcontinuingoperationsperbasicshare": 0.56,
        "discontinuedoperationincomelossfromdiscontinuedoperationnetoftaxperbasicshare": -0.49,
        "earningspersharebasic": 0.07,
        "incomelossfromcontinuingoperationsperdilutedshare": 0.56,
        "discontinuedoperationincomelossfromdiscontinuedoperationnetoftaxperdilutedshare": -0.49,
        "earningspersharediluted": 0.07,
        "weightedaveragenumberofsharesoutstandingbasic": 1217000000,
        "weightedaveragenumberofdilutedsharesoutstanding": 1225000000
    },
    {
        "date": "2015-03-30",
        "symbol": "EBAY",
        "period": "Q1",
        "netincomeloss": 626000000,
        "othercomprehensiveincomeforeigncurrencytransactionandtranslationadjustmentbeforetaxportionattributabletoparent": -265000000,
        "othercomprehensiveincomelossavailableforsalesecuritiesadjustmentbeforetax": -22000000,
        "othercomprehensiveincomeunrealizedholdinggainlossonsecuritiesarisingduringperiodtax": -9000000,
        "othercomprehensiveincomelossderivativesqualifyingashedgesbeforetax": 89000000,
        "othercomprehensiveincomeunrealizedgainlossonderivativesarisingduringperiodtax": 2000000,
        "othercomprehensiveincomelossnetoftaxportionattributabletoparent": -191000000,
        "comprehensiveincomenetoftax": 435000000,
        "salesrevenuenet": 2108000000,
        "costofrevenue": 1450000000,
        "grossprofit": 2998000000,
        "sellingandmarketingexpense": 794000000,
        "researchanddevelopmentexpense": 485000000,
        "generalandadministrativeexpense": 665000000,
        "provisionfortransactionandloanlosses": 264000000,
        "amortizationofacquiredintangibleassets1": 58000000,
        "operatingexpenses": 2266000000,
        "operatingincomeloss": -626000000,
        "interestandothernet": 8000000,
        "incomelossfromcontinuingoperationsbeforeincometaxesminorityinterestandincomelossfromequitymethodinvestments": 740000000,
        "incometaxexpensebenefit": 114000000,
        "earningspersharebasic": 0.51,
        "earningspersharediluted": 0.51,
        "weightedaveragenumberofsharesoutstandingbasic": 1216000000,
        "weightedaveragenumberofdilutedsharesoutstanding": 1229000000
    },
    {
        "date": "2014-09-29",
        "symbol": "EBAY",
        "period": "Q3",
        "netincomeloss": -16000000,
        "othercomprehensiveincomeforeigncurrencytransactionandtranslationadjustmentbeforetaxportionattributabletoparent": -214000000,
        "othercomprehensiveincomelossavailableforsalesecuritiesadjustmentbeforetax": 67000000,
        "othercomprehensiveincomeunrealizedholdinggainlossonsecuritiesarisingduringperiodtax": 33000000,
        "othercomprehensiveincomelossderivativesqualifyingashedgesbeforetax": 174000000,
        "othercomprehensiveincomeunrealizedgainlossonderivativesarisingduringperiodtax": 2000000,
        "othercomprehensiveincomelossnetoftaxportionattributabletoparent": -8000000,
        "comprehensiveincomenetoftax": 665000000,
        "salesrevenuenet": 4353000000,
        "costofrevenue": 1389000000,
        "grossprofit": 2964000000,
        "sellingandmarketingexpense": 923000000,
        "researchanddevelopmentexpense": 511000000,
        "generalandadministrativeexpense": 442000000,
        "provisionfortransactionandloanlosses": 249000000,
        "acquiredintangibleassetsamortizationexpense": 58000000,
        "operatingexpenses": 2183000000,
        "operatingincomeloss": 775000000,
        "interestandothernet": 21000000,
        "incomelossfromcontinuingoperationsbeforeincometaxesminorityinterestandincomelossfromequitymethodinvestments": 801000000,
        "incometaxexpensebenefit": 128000000,
        "earningspersharebasic": 0.54,
        "earningspersharediluted": 0.54,
        "weightedaveragenumberofsharesoutstandingbasic": 1242000000,
        "weightedaveragenumberofdilutedsharesoutstanding": 1251000000
    },
    {
        "date": "2014-06-29",
        "symbol": "EBAY",
        "period": "Q2",
        "netincomeloss": 7000000,
        "othercomprehensiveincomeforeigncurrencytransactionandtranslationadjustmentbeforetaxportionattributabletoparent": 120000000,
        "othercomprehensiveincomelossavailableforsalesecuritiesadjustmentbeforetax": 16000000,
        "othercomprehensiveincomeunrealizedholdinggainlossonsecuritiesarisingduringperiodtax": 10000000,
        "othercomprehensiveincomelossderivativesqualifyingashedgesbeforetax": 22000000,
        "othercomprehensiveincomeunrealizedgainlossonderivativesarisingduringperiodtax": 1000000,
        "othercomprehensiveincomelossnetoftaxportionattributabletoparent": 147000000,
        "comprehensiveincomenetoftax": 823000000,
        "salesrevenuenet": 4366000000,
        "costofrevenue": 1000000,
        "grossprofit": 2974000000,
        "sellingandmarketingexpense": 914000000,
        "researchanddevelopmentexpense": 2000000,
        "generalandadministrativeexpense": 1000000,
        "provisionfortransactionandloanlosses": 232000000,
        "acquiredintangibleassetsamortizationexpense": 73000000,
        "operatingexpenses": 2180000000,
        "operatingincomeloss": 478000000,
        "interestandothernet": 7000000,
        "incomelossfromcontinuingoperationsbeforeincometaxesminorityinterestandincomelossfromequitymethodinvestments": 803000000,
        "incometaxexpensebenefit": 127000000,
        "earningspersharebasic": 0.54,
        "earningspersharediluted": 0.53,
        "weightedaveragenumberofsharesoutstandingbasic": 1258000000,
        "weightedaveragenumberofdilutedsharesoutstanding": 1267000000
    },
    {
        "date": "2014-03-30",
        "symbol": "EBAY",
        "period": "Q1",
        "netincomeloss": 7000000,
        "othercomprehensiveincomeforeigncurrencytransactionandtranslationadjustmentbeforetaxportionattributabletoparent": -29000000,
        "othercomprehensiveincomelossavailableforsalesecuritiesadjustmentbeforetax": -97000000,
        "othercomprehensiveincomeunrealizedholdinggainlossonsecuritiesarisingduringperiodtax": -42000000,
        "othercomprehensiveincomelossderivativesqualifyingashedgesbeforetax": 15000000,
        "othercomprehensiveincomeunrealizedgainlossonderivativesarisingduringperiodtax": 3000000,
        "othercomprehensiveincomelossnetoftaxportionattributabletoparent": -72000000,
        "comprehensiveincomenetoftax": -2398000000,
        "salesrevenuenet": 4262000000,
        "costofrevenue": 1000000,
        "grossprofit": 2911000000,
        "sellingandmarketingexpense": 805000000,
        "researchanddevelopmentexpense": 2000000,
        "generalandadministrativeexpense": 1000000,
        "provisionfortransactionandloanlosses": 204000000,
        "acquiredintangibleassetsamortizationexpense": 79000000,
        "operatingexpenses": 2033000000,
        "operatingincomeloss": -466000000,
        "interestandothernet": 7000000,
        "incomelossfromcontinuingoperationsbeforeincometaxesminorityinterestandincomelossfromequitymethodinvestments": 873000000,
        "incometaxexpensebenefit": 3199000000,
        "earningspersharebasic": -1.82,
        "earningspersharediluted": -1.82,
        "weightedaveragenumberofsharesoutstandingbasic": 1276000000,
        "weightedaveragenumberofdilutedsharesoutstanding": 1276000000
    },
    {
        "date": "2013-09-29",
        "symbol": "EBAY",
        "period": "Q3",
        "netincomeloss": 4000000,
        "othercomprehensiveincomeforeigncurrencytransactionandtranslationadjustmentbeforetaxportionattributabletoparent": 353000000,
        "othercomprehensiveincomelossavailableforsalesecuritiesadjustmentbeforetax": 243000000,
        "othercomprehensiveincomeunrealizedholdinggainlossonsecuritiesarisingduringperiodtax": 86000000,
        "othercomprehensiveincomelossderivativesqualifyingashedgesbeforetax": -135000000,
        "othercomprehensiveincomeunrealizedgainlossonderivativesarisingduringperiodtax": -4000000,
        "othercomprehensiveincomelossnetoftaxportionattributabletoparent": 379000000,
        "comprehensiveincomenetoftax": 1068000000,
        "salesrevenuenet": 3892000000,
        "costofrevenue": 1000000,
        "grossprofit": 2668000000,
        "sellingandmarketingexpense": 755000000,
        "researchanddevelopmentexpense": 1000000,
        "generalandadministrativeexpense": 415000000,
        "provisionfortransactionandloanlosses": 185000000,
        "acquiredintangibleassetsamortizationexpense": 81000000,
        "operatingexpenses": 1869000000,
        "operatingincomeloss": 368000000,
        "interestandothernet": 74000000,
        "incomelossfromcontinuingoperationsbeforeincometaxesminorityinterestandincomelossfromequitymethodinvestments": 873000000,
        "incometaxexpensebenefit": 184000000,
        "earningspersharebasic": 0.53,
        "earningspersharediluted": 0.53,
        "weightedaveragenumberofsharesoutstandingbasic": 1295000000,
        "weightedaveragenumberofdilutedsharesoutstanding": 1310000000
    },
    {
        "date": "2013-06-29",
        "symbol": "EBAY",
        "period": "Q2",
        "netincomeloss": -5000000,
        "othercomprehensiveincomeforeigncurrencytransactionandtranslationadjustmentbeforetaxportionattributabletoparent": 36000000,
        "othercomprehensiveincomelossavailableforsalesecuritiesadjustmentbeforetax": 76000000,
        "othercomprehensiveincomeunrealizedholdinggainlossonsecuritiesarisingduringperiodtax": 35000000,
        "othercomprehensiveincomelossderivativesqualifyingashedgesbeforetax": 25000000,
        "othercomprehensiveincomeunrealizedgainlossonderivativesarisingduringperiodtax": 0,
        "othercomprehensiveincomelossnetoftaxportionattributabletoparent": 102000000,
        "comprehensiveincomenetoftax": 742000000,
        "salesrevenuenet": 3877000000,
        "costofrevenue": -1151000000,
        "grossprofit": 2666000000,
        "sellingandmarketingexpense": 0,
        "researchanddevelopmentexpense": 2000000,
        "generalandadministrativeexpense": 0,
        "provisionfortransactionandloanlosses": 193000000,
        "operatingexpenses": 1916000000,
        "operatingincomeloss": -806000000,
        "interestandothernet": 3000000,
        "incomelossfromcontinuingoperationsbeforeincometaxesminorityinterestandincomelossfromequitymethodinvestments": 756000000,
        "incometaxexpensebenefit": 116000000,
        "earningspersharebasic": 0.5,
        "earningspersharediluted": 0.49,
        "weightedaveragenumberofsharesoutstandingbasic": 1000000,
        "weightedaveragenumberofdilutedsharesoutstanding": -3000000
    },
    {
        "date": "2013-03-30",
        "symbol": "EBAY",
        "period": "Q1",
        "netincomeloss": 1000000,
        "othercomprehensiveincomeforeigncurrencytransactionandtranslationadjustmentbeforetaxportionattributabletoparent": -301000000,
        "othercomprehensiveincomelossavailableforsalesecuritiesadjustmentbeforetax": 140000000,
        "othercomprehensiveincomeunrealizedholdinggainlossonsecuritiesarisingduringperiodtax": 54000000,
        "othercomprehensiveincomelossderivativesqualifyingashedgesbeforetax": 86000000,
        "othercomprehensiveincomeunrealizedgainlossonderivativesarisingduringperiodtax": 3000000,
        "othercomprehensiveincomelossnetoftaxportionattributabletoparent": -132000000,
        "comprehensiveincomenetoftax": 545000000,
        "salesrevenuenet": 3748000000,
        "costofrevenue": 1152000000,
        "grossprofit": 2596000000,
        "sellingandmarketingexpense": 1000000,
        "researchanddevelopmentexpense": 2000000,
        "generalandadministrativeexpense": 1000000,
        "provisionfortransactionandloanlosses": 175000000,
        "amortizationofacquiredintangibleassets": 82000000,
        "operatingexpenses": 1796000000,
        "operatingincomeloss": 823000000,
        "interestandothernet": 1000000,
        "incomelossfromcontinuingoperationsbeforeincometaxesminorityinterestandincomelossfromequitymethodinvestments": 809000000,
        "incometaxexpensebenefit": 132000000,
        "earningspersharebasic": 0.52,
        "earningspersharediluted": 0.51,
        "weightedaveragenumberofsharesoutstandingbasic": 1295000000,
        "weightedaveragenumberofdilutedsharesoutstanding": 1319000000
    },
    {
        "date": "2012-09-29",
        "symbol": "EBAY",
        "period": "Q3",
        "netincomeloss": 597000000,
        "othercomprehensiveincomeunrealizedholdinggainlossonsecuritiesarisingduringperiodbeforetax": 89000000,
        "othercomprehensiveincomeunrealizedgainlossonderivativesarisingduringperiodbeforetax": -73000000,
        "othercomprehensiveincomelossnetoftaxportionattributabletoparent": 185000000,
        "comprehensiveincomenetoftax": 782000000,
        "salesrevenuenet": 3404000000,
        "costofrevenue": 1022000000,
        "grossprofit": 2382000000,
        "sellingandmarketingexpense": 726000000,
        "researchanddevelopmentexpense": 389000000,
        "generalandadministrativeexpense": 369000000,
        "provisionfortransactionandloanlosses": 148000000,
        "operatingexpenses": 1715000000,
        "operatingincomeloss": -1502000000,
        "interestandothernet": 5000000,
        "incomelossfromcontinuingoperationsbeforeincometaxesminorityinterestandincomelossfromequitymethodinvestments": 672000000,
        "incometaxexpensebenefit": 75000000,
        "earningspersharebasic": 0.4599999999999999,
        "earningspersharediluted": 0.4499999999999999,
        "weightedaveragenumberofsharesoutstandingbasic": -1288000000,
        "weightedaveragenumberofdilutedsharesoutstanding": -1306000000
    },
    {
        "date": "2012-06-29",
        "symbol": "EBAY",
        "period": "Q2",
        "netincomeloss": 692000000,
        "othercomprehensiveincomelossforeigncurrencytransactionandtranslationadjustmentbeforetax": -328000000,
        "othercomprehensiveincomeunrealizedholdinggainlossonsecuritiesarisingduringperiodbeforetax": -180000000,
        "othercomprehensiveincomeunrealizedgainlossonderivativesarisingduringperiodbeforetax": 42000000,
        "othercomprehensiveincomelossbeforetax": -466000000,
        "othercomprehensiveincomelosstaxportionattributabletoparent1": -66000000,
        "othercomprehensiveincomelossnetoftaxportionattributabletoparent": -400000000,
        "comprehensiveincomenetoftax": 292000000,
        "salesrevenuenet": 3398000000,
        "costofrevenue": 987000000,
        "grossprofit": 2411000000,
        "sellingandmarketingexpense": 717000000,
        "researchanddevelopmentexpense": 394000000,
        "generalandadministrativeexpense": 390000000,
        "provisionfortransactionandloanlosses": 131000000,
        "amortizationofacquiredintangibleassets": 84000000,
        "operatingexpenses": 1716000000,
        "operatingincomeloss": 350000000,
        "interestandothernet": 38000000,
        "gainlossondivestitures": 118000000,
        "incomelossfromcontinuingoperationsbeforeincometaxesminorityinterestandincomelossfromequitymethodinvestments": 851000000,
        "incometaxexpensebenefit": 159000000,
        "earningspersharebasic": 0.54,
        "earningspersharediluted": 0.53,
        "weightedaveragenumberofsharesoutstandingbasic": 1291000000,
        "weightedaveragenumberofdilutedsharesoutstanding": 1309000000
    },
    {
        "date": "2012-03-30",
        "symbol": "EBAY",
        "period": "Q1",
        "netincomeloss": 570000000,
        "othercomprehensiveincomeforeigncurrencytransactionandtranslationadjustmentbeforetaxperiodincreasedecrease": 217000000,
        "othercomprehensiveincomeunrealizedholdinggainlossonsecuritiesarisingduringperiodbeforetax": 217000000,
        "othercomprehensiveincomeunrealizedgainlossonderivativesarisingduringperiodbeforetax": -59000000,
        "othercomprehensiveincomelossbeforetaxperiodincreasedecrease": 375000000,
        "othercomprehensiveincomelosstaxportionattributabletoparent": 60000000,
        "othercomprehensiveincomelossnetoftaxportionattributabletoparent": 315000000,
        "comprehensiveincomenetoftax": 885000000,
        "salesrevenuenet": 3277000000,
        "costofrevenue": 983000000,
        "grossprofit": 2294000000,
        "sellingandmarketingexpense": 677000000,
        "researchanddevelopmentexpense": 374000000,
        "generalandadministrativeexpense": 372000000,
        "provisionfortransactionandloanlosses": 134000000,
        "amortizationofintangibleassets": 84000000,
        "operatingexpenses": 1641000000,
        "operatingincomeloss": 23000000,
        "interestandothernet": 31000000,
        "incomelossfromcontinuingoperationsbeforeincometaxesminorityinterestandincomelossfromequitymethodinvestments": 684000000,
        "incometaxexpensebenefit": 114000000,
        "earningspersharebasic": 0.44,
        "earningspersharediluted": 0.44,
        "weightedaveragenumberofsharesoutstandingbasic": 1288000000,
        "weightedaveragenumberofdilutedsharesoutstanding": 1308000000
    },
    {
        "date": "2011-09-29",
        "symbol": "EBAY",
        "period": "Q3",
        "netincomeloss": 490503000,
        "othercomprehensiveincomeforeigncurrencytransactionandtranslationadjustmentnetoftaxperiodincreasedecrease": -512355000,
        "othercomprehensiveincomeunrealizedholdinggainlossonsecuritiesarisingduringperiodbeforetax": -253000000,
        "othercomprehensiveincomeunrealizedgainlossonderivativesarisingduringperiodbeforetax": 64943000,
        "othercomprehensiveincomelosstax": -82701000,
        "othercomprehensiveincomelossnetoftaxperiodincreasedecrease": -617711000,
        "comprehensiveincomenetoftax": -127208000,
        "salesrevenuenet": 2965761000,
        "costofrevenue": 923312000,
        "grossprofit": 2042449000,
        "sellingandmarketingexpense": 622593000,
        "researchanddevelopmentexpense": 319104000,
        "generalandadministrativeexpense": 333505000,
        "provisionfortransactionandloanlosses": 146053000,
        "amortizationofintangibleassets": 84606000,
        "operatingexpenses": 1505628000,
        "operatingincomeloss": 827365000,
        "interestincomeexpenseandother": 78704000,
        "incomelossfromcontinuingoperationsbeforeincometaxesminorityinterestandincomelossfromequitymethodinvestments": 615525000,
        "incometaxexpensebenefit": 125022000,
        "earningspersharebasic": 0.38,
        "earningspersharediluted": 0.37,
        "weightedaveragenumberofsharesoutstandingbasic": -1302894000,
        "weightedaveragenumberofdilutedsharesoutstanding": -1323696000
    },
    {
        "date": "2011-06-29",
        "symbol": "EBAY",
        "period": "Q2",
        "netincomeloss": 283407000,
        "othercomprehensiveincomeforeigncurrencytransactionandtranslationadjustmentnetoftaxperiodincreasedecrease": 163390000,
        "othercomprehensiveincomeunrealizedholdinggainlossonsecuritiesarisingduringperiodbeforetax": -18808000,
        "othercomprehensiveincomeunrealizedgainlossonderivativesarisingduringperiodbeforetax": 1283000,
        "othercomprehensiveincomelosstax": -6666000,
        "othercomprehensiveincomelossnetoftaxperiodincreasedecrease": 152531000,
        "comprehensiveincomenetoftax": 435938000,
        "salesrevenuenet": 2760274000,
        "costofrevenue": 773462000,
        "grossprofit": 1986812000,
        "sellingandmarketingexpense": 607954000,
        "researchanddevelopmentexpense": 297035000,
        "generalandadministrativeexpense": 391251000,
        "provisionfortransactionandloanlosses": 118497000,
        "amortizationofintangibleassets": 53276000,
        "restructuringandrelatedcostincurredcost": -100000,
        "operatingexpenses": 1467913000,
        "operatingincomeloss": 518899000,
        "businessacquisitionlossondisposaloflineofbusinessdivested": 256501000,
        "interestincomeexpenseandother": 28576000,
        "incomelossfromcontinuingoperationsbeforeincometaxesminorityinterestandincomelossfromequitymethodinvestments": 290974000,
        "incometaxexpensebenefit": 7567000,
        "earningspersharebasic": 0.22,
        "earningspersharediluted": 0.22,
        "weightedaveragenumberofsharesoutstandingbasic": 1296537000,
        "weightedaveragenumberofdilutedsharesoutstanding": 1314718000
    },
    {
        "date": "2011-03-30",
        "symbol": "EBAY",
        "period": "Q1",
        "netincomeloss": 475865000,
        "othercomprehensiveincomeforeigncurrencytransactionandtranslationadjustmentnetoftaxperiodincreasedecrease": 354021000,
        "othercomprehensiveincomeunrealizedholdinggainlossonsecuritiesarisingduringperiodbeforetax": 121874000,
        "othercomprehensiveincomeunrealizedgainlossonderivativesarisingduringperiodbeforetax": -43537000,
        "othercomprehensiveincomelosstax": 45102000,
        "othercomprehensiveincomelossnetoftaxperiodincreasedecrease": 387256000,
        "comprehensiveincomenetoftax": 863121000,
        "salesrevenuenet": 2545609000,
        "costofrevenue": 728978000,
        "grossprofit": 1816631000,
        "sellingandmarketingexpense": 532679000,
        "researchanddevelopmentexpense": 274782000,
        "generalandadministrativeexpense": 293478000,
        "provisionfortransactionandloanlosses": 107091000,
        "amortizationofintangibleassets": 44096000,
        "restructuringandrelatedcostreportablesegmentincurredcost": -149000,
        "operatingexpenses": 1251977000,
        "operatingincomeloss": 564654000,
        "interestincomeexpenseandother": 3692000,
        "incomelossfromcontinuingoperationsbeforeincometaxesminorityinterestandincomelossfromequitymethodinvestments": 568346000,
        "incometaxexpensebenefit": 92481000,
        "earningspersharebasic": 0.37,
        "earningspersharediluted": 0.36,
        "weightedaveragenumberofsharesoutstandingbasic": 1297278000,
        "weightedaveragenumberofdilutedsharesoutstanding": 1320151000
    },
    {
        "date": "2010-09-29",
        "symbol": "EBAY",
        "period": "Q3",
        "netincomeloss": 431929000,
        "othercomprehensiveincomeforeigncurrencytransactionandtranslationadjustmentbeforetaxperiodincreasedecrease": 624370000,
        "othercomprehensiveincomeunrealizedholdinggainlossonsecuritiesarisingduringperiodbeforetax": 167473000,
        "othercomprehensiveincomeunrealizedgainlossonderivativesarisingduringperiodbeforetax": -31912000,
        "othercomprehensiveincomelosstax": -62990000,
        "othercomprehensiveincomelossnetoftaxperiodincreasedecrease": 696941000,
        "comprehensiveincomenetoftax": 1128870000,
        "salesrevenuenet": 2249488000,
        "costofrevenue": 640268000,
        "grossprofit": 1609220000,
        "sellingandmarketingexpense": 483653000,
        "researchanddevelopmentexpense": 226803000,
        "generalandadministrativeexpense": 261662000,
        "provisionfortransactionandloanlosses": 97964000,
        "amortizationofintangibleassets": 45957000,
        "restructuringandrelatedcostreportablesegmentincurredcost": 2977000,
        "operatingexpenses": 1119044000,
        "operatingincomeloss": 490176000,
        "interestincomeexpenseandother": 26825000,
        "incomelossfromcontinuingoperationsbeforeincometaxesminorityinterestandincomelossfromequitymethodinvestments": 517001000,
        "incometaxexpensebenefit": 85072000,
        "earningspersharebasic": 0.33,
        "earningspersharediluted": 0.33,
        "weightedaveragenumberofsharesoutstandingbasic": 1308888000,
        "weightedaveragenumberofdilutedsharesoutstanding": 1328415000
    },
    {
        "date": "2010-06-29",
        "symbol": "EBAY",
        "period": "Q2",
        "salesrevenueservicesnet": 817045000,
        "costofrevenue": 615371000,
        "grossprofit": 1600008000,
        "sellingandmarketingexpense": 478236000,
        "researchanddevelopmentexpense": 225317000,
        "generalandadministrativeexpense": 262100000,
        "provisionfortransactionandloanloss": 92032000,
        "amortizationofintangibleassets": 48895000,
        "restructuringcharges": 8863000,
        "operatingexpenses": 1115443000,
        "operatingincomeloss": 484565000,
        "interestincomeandother": 14821000,
        "incomelossfromcontinuingoperationsbeforeincometaxes": 499386000,
        "incometaxexpensebenefit": 87194000,
        "netincomeloss": 412192000,
        "earningspersharebasic": 0.31,
        "earningspersharediluted": 0.31,
        "weightedaveragenumberofsharesoutstandingbasic": 1310042000,
        "weightedaveragenumberofdilutedsharesoutstanding": 1329618000,
        "othercomprehensiveincomeforeigncurrencytransactionandtranslationadjustmentbeforetaxperiodincreasedecrease": -536686000,
        "othercomprehensiveincomeunrealizedholdinggainlossonsecuritiesarisingduringperiodbeforetax": 30019000,
        "othercomprehensiveincomederivativesqualifyingashedgesbeforetaxperiodincreasedecrease": 7746000,
        "othercomprehensiveincomelosstax": 14436000,
        "othercomprehensiveincomelossnetoftaxperiodincreasedecrease": -513357000,
        "comprehensiveincomenetoftax": -101165000
    },
    {
        "date": "2010-03-30",
        "symbol": "EBAY",
        "period": "Q1",
        "salesrevenueservicesnet": 2196057000,
        "costofrevenue": 606555000,
        "grossprofit": 1589502000,
        "sellingandmarketingexpense": 446161000,
        "researchanddevelopmentexpense": 210139000,
        "generalandadministrativeexpense": 276743000,
        "provisionfortransactionandloanloss": 106029000,
        "amortizationofintangibleassets": 53252000,
        "restructuringcharges": 8569000,
        "operatingexpenses": 1100893000,
        "operatingincomeloss": 488609000,
        "interestincomeandother": 6046000,
        "incomelossfromcontinuingoperationsbeforeincometaxes": 494655000,
        "incometaxexpensebenefit": 97002000,
        "netincomeloss": 397653000,
        "earningspersharebasic": 0.31,
        "earningspersharediluted": 0.3,
        "weightedaveragenumberofsharesoutstandingbasic": 1301248000,
        "weightedaveragenumberofdilutedsharesoutstanding": 1326021000,
        "othercomprehensiveincomeforeigncurrencytransactionandtranslationadjustmentbeforetaxperiodincreasedecrease": -154715000,
        "othercomprehensiveincomeunrealizedholdinggainlossonsecuritiesarisingduringperiodbeforetax": -27887000,
        "othercomprehensiveincomederivativesqualifyingashedgesbeforetaxperiodincreasedecrease": 28123000,
        "othercomprehensiveincomelosstax": -10875000,
        "othercomprehensiveincomelossnetoftaxperiodincreasedecrease": -143604000,
        "comprehensiveincomenetoftax": 254049000
    },
    {
        "date": "2009-09-29",
        "symbol": "EBAY",
        "period": "Q3",
        "salesrevenueservicesnet": 2237852000,
        "costofrevenue": 643908000,
        "grossprofit": 1593944000,
        "sellingandmarketingexpense": 491461000,
        "researchanddevelopmentexpense": 205207000,
        "generalandadministrativeexpense": 272177000,
        "provisionfortransactionandloanloss": 96682000,
        "amortizationofintangibleassets": 72803000,
        "restructuringcharges": 12673000,
        "operatingexpenses": 1151003000,
        "operatingincomeloss": 442941000,
        "interestincomeandother": -4606000,
        "incomelossfromcontinuingoperationsbeforeincometaxesminorityinterestandincomelossfromequitymethodinvestments": 438335000,
        "incometaxexpensebenefit": 88599000,
        "netincomeloss": 349736000,
        "earningspersharebasic": 0.27,
        "earningspersharediluted": 0.27,
        "weightedaveragenumberofsharesoutstandingbasic": 1293511000,
        "weightedaveragenumberofdilutedsharesoutstanding": 1311274000,
        "othercomprehensiveincomeforeigncurrencytransactionandtranslationadjustmentbeforetaxperiodincreasedecrease": 329745000,
        "othercomprehensiveincomeunrealizedholdinggainlossonsecuritiesarisingduringperiodbeforetax": 94724000,
        "othercomprehensiveincomeunrealizedgainlossonderivativesarisingduringperiodbeforetax": -359000,
        "othercomprehensiveincomelosstax": 36534000,
        "othercomprehensiveincomelossnetoftaxperiodincreasedecrease": 387576000,
        "comprehensiveincomenetoftax": 737312000
    },
    {
        "date": "2009-06-29",
        "symbol": "EBAY",
        "period": "Q2",
        "salesrevenueservicesnet": 2097992000,
        "costofrevenue": 591773000,
        "grossprofit": 1506219000,
        "sellingandmarketingexpense": 464500000,
        "researchanddevelopmentexpense": 198403000,
        "generalandadministrativeexpense": 257498000,
        "provisionfortransactionandloanloss": 92681000,
        "amortizationofintangibleassets": 63795000,
        "restructuringcharges": 17653000,
        "operatingexpenses": 1094530000,
        "operatingincomeloss": 411689000,
        "interestandotherincomenet": -4529000,
        "incomelossfromcontinuingoperationsbeforeincometaxesminorityinterestandincomelossfromequitymethodinvestments": 407160000,
        "incometaxexpensebenefit": 79818000,
        "netincomeloss": 327342000,
        "earningspersharebasic": 0.25,
        "earningspersharediluted": 0.25,
        "weightedaveragenumberofsharesoutstandingbasic": 1288815000,
        "weightedaveragenumberofdilutedsharesoutstanding": 1300434000,
        "othercomprehensiveincomeforeigncurrencytransactionandtranslationadjustmentbeforetaxperiodincreasedecrease": 351233000,
        "othercomprehensiveincomeunrealizedholdinggainlossonsecuritiesarisingduringperiodbeforetax": 67631000,
        "othercomprehensiveincomeunrealizedgainlossonderivativesarisingduringperiodbeforetax": -47035000,
        "othercomprehensiveincomelosstax": 25414000,
        "othercomprehensiveincomelossnetoftaxperiodincreasedecrease": 346415000,
        "comprehensiveincomenetoftax": 673757000
    }
]