[
    {
        "date": "2024-09-29",
        "symbol": "MAS",
        "period": "Q3",
        "revenuefromcontractwithcustomerexcludingassessedtax": 1983000000,
        "costofgoodsandservicessold": 1258000000,
        "grossprofit": 725000000,
        "sellinggeneralandadministrativeexpense": 368000000,
        "operatingincomeloss": 357000000,
        "interestexpensenonoperating": 25000000,
        "othernonoperatingincomeexpense": -85000000,
        "nonoperatingincomeexpense": -109000000,
        "incomelossfromcontinuingoperationsbeforeincometaxesextraordinaryitemsnoncontrollinginterest": 248000000,
        "incometaxexpensebenefit": 68000000,
        "incomelossfromcontinuingoperationsincludingportionattributabletononcontrollinginterest": 180000000,
        "netincomelossattributabletononcontrollinginterest": 13000000,
        "netincomeloss": 167000000,
        "earningspersharebasic": 0.77,
        "earningspersharediluted": 0.77,
        "profitloss": 180000000,
        "othercomprehensiveincomelossforeigncurrencytransactionandtranslationadjustmentnetoftax": 33000000,
        "othercomprehensiveincomelossnetoftax": 33000000,
        "othercomprehensiveincomelossnetoftaxportionattributabletononcontrollinginterest": 9000000,
        "othercomprehensiveincomelossnetoftaxportionattributabletoparent": 24000000,
        "comprehensiveincomenetoftaxincludingportionattributabletononcontrollinginterest": 22000000,
        "comprehensiveincomenetoftaxattributabletononcontrollinginterest": 22000000,
        "comprehensiveincomenetoftax": 192000000
    },
    {
        "date": "2023-12-30",
        "symbol": "MAS",
        "period": "Q4",
        "revenuefromcontractwithcustomerexcludingassessedtax": 5155000000,
        "costofgoodsandservicessold": 1228000000,
        "grossprofit": 654000000,
        "sellinggeneralandadministrativeexpense": 392000000,
        "operatingincomeloss": 827000000,
        "interestexpense": 24000000,
        "othernonoperatingincomeexpense": 10000000,
        "nonoperatingincomeexpense": -14000000,
        "incomelossfromcontinuingoperationsbeforeincometaxesextraordinaryitemsnoncontrollinginterest": 233000000,
        "incometaxexpensebenefit": 32000000,
        "incomelossfromcontinuingoperationsincludingportionattributabletononcontrollinginterest": 201000000,
        "netincomelossattributabletononcontrollinginterest": 10000000,
        "netincomeloss": 191000000,
        "earningspersharebasic": 0.84,
        "earningspersharediluted": 0.8599999999999995,
        "profitloss": 201000000,
        "othercomprehensiveincomelossforeigncurrencytransactionandtranslationadjustmentnetoftax": 45000000,
        "othercomprehensiveincomelossnetoftax": 36000000,
        "othercomprehensiveincomelossnetoftaxportionattributabletononcontrollinginterest": 9000000,
        "othercomprehensiveincomelossnetoftaxportionattributabletoparent": 27000000,
        "comprehensiveincomenetoftaxincludingportionattributabletononcontrollinginterest": 459000000,
        "comprehensiveincomenetoftaxattributabletononcontrollinginterest": 19000000,
        "comprehensiveincomenetoftax": 218000000
    },
    {
        "date": "2023-09-29",
        "symbol": "MAS",
        "period": "Q3",
        "revenuefromcontractwithcustomerexcludingassessedtax": 1979000000,
        "costofgoodsandservicessold": 1235000000,
        "grossprofit": 744000000,
        "sellinggeneralandadministrativeexpense": 361000000,
        "operatingincomeloss": 383000000,
        "interestexpense": 26000000,
        "othernonoperatingincomeexpense": -11000000,
        "nonoperatingincomeexpense": -37000000,
        "incomelossfromcontinuingoperationsbeforeincometaxesextraordinaryitemsnoncontrollinginterest": 346000000,
        "incometaxexpensebenefit": 86000000,
        "incomelossfromcontinuingoperationsincludingportionattributabletononcontrollinginterest": 260000000,
        "netincomelossattributabletononcontrollinginterest": 11000000,
        "netincomeloss": 249000000,
        "earningspersharebasic": 1.11,
        "earningspersharediluted": 1.1,
        "profitloss": 260000000,
        "othercomprehensiveincomelossforeigncurrencytransactionandtranslationadjustmentnetoftax": -25000000,
        "othercomprehensiveincomelosspensionandotherpostretirementbenefitplansadjustmentnetoftax": -1000000,
        "othercomprehensiveincomelossnetoftax": -24000000,
        "othercomprehensiveincomelossnetoftaxportionattributabletononcontrollinginterest": -6000000,
        "othercomprehensiveincomelossnetoftaxportionattributabletoparent": -18000000,
        "comprehensiveincomenetoftaxincludingportionattributabletononcontrollinginterest": 236000000,
        "comprehensiveincomenetoftaxattributabletononcontrollinginterest": 5000000,
        "comprehensiveincomenetoftax": 231000000
    },
    {
        "date": "2023-06-29",
        "symbol": "MAS",
        "period": "Q2",
        "revenuefromcontractwithcustomerexcludingassessedtax": 409000000,
        "costofgoodsandservicessold": 1358000000,
        "grossprofit": 769000000,
        "sellinggeneralandadministrativeexpense": 366000000,
        "operatingincomeloss": 66000000,
        "interestexpense": 28000000,
        "othernonoperatingincomeexpense": -1000000,
        "nonoperatingincomeexpense": -29000000,
        "incomelossfromcontinuingoperationsbeforeincometaxesextraordinaryitemsnoncontrollinginterest": 374000000,
        "incometaxexpensebenefit": 96000000,
        "incomelossfromcontinuingoperationsincludingportionattributabletononcontrollinginterest": 278000000,
        "netincomelossattributabletononcontrollinginterest": 15000000,
        "netincomeloss": 263000000,
        "earningspersharebasic": 1.17,
        "earningspersharediluted": 1.16,
        "profitloss": 278000000,
        "othercomprehensiveincomelossforeigncurrencytransactionandtranslationadjustmentnetoftax": -7000000,
        "othercomprehensiveincomelossnetoftax": -7000000,
        "othercomprehensiveincomelossnetoftaxportionattributabletononcontrollinginterest": -5000000,
        "othercomprehensiveincomelossnetoftaxportionattributabletoparent": -2000000,
        "comprehensiveincomenetoftaxincludingportionattributabletononcontrollinginterest": 271000000,
        "comprehensiveincomenetoftaxattributabletononcontrollinginterest": 10000000,
        "comprehensiveincomenetoftax": 261000000
    },
    {
        "date": "2023-03-30",
        "symbol": "MAS",
        "period": "Q1",
        "revenuefromcontractwithcustomerexcludingassessedtax": 424000000,
        "costofgoodsandservicessold": 1310000000,
        "grossprofit": 669000000,
        "sellinggeneralandadministrativeexpense": 354000000,
        "operatingincomeloss": 72000000,
        "interestexpense": 28000000,
        "othernonoperatingincomeexpense": -2000000,
        "nonoperatingincomeexpense": -30000000,
        "incomelossfromcontinuingoperationsbeforeincometaxesextraordinaryitemsnoncontrollinginterest": 285000000,
        "incometaxexpensebenefit": 64000000,
        "incomelossfromcontinuingoperationsincludingportionattributabletononcontrollinginterest": 221000000,
        "profitloss": 221000000,
        "netincomelossattributabletononcontrollinginterest": 16000000,
        "netincomeloss": 205000000,
        "earningspersharebasic": 0.91,
        "earningspersharediluted": 0.9,
        "othercomprehensiveincomelossforeigncurrencytransactionandtranslationadjustmentnetoftax": 22000000,
        "othercomprehensiveincomelossnetoftax": 22000000,
        "othercomprehensiveincomelossnetoftaxportionattributabletononcontrollinginterest": 5000000,
        "othercomprehensiveincomelossnetoftaxportionattributabletoparent": 17000000,
        "comprehensiveincomenetoftaxincludingportionattributabletononcontrollinginterest": 21000000,
        "comprehensiveincomenetoftaxattributabletononcontrollinginterest": 21000000,
        "comprehensiveincomenetoftax": 222000000
    },
    {
        "date": "2022-12-30",
        "symbol": "MAS",
        "period": "Q4",
        "revenuefromcontractwithcustomerexcludingassessedtax": -1000000,
        "costofgoodsandservicessold": 1378000000,
        "grossprofit": 545000000,
        "sellinggeneralandadministrativeexpense": 334000000,
        "operatingincomeloss": -916000000,
        "interestexpense": 26000000,
        "othernonoperatingincomeexpense": 0,
        "nonoperatingincomeexpense": -26000000,
        "incomelossfromcontinuingoperationsbeforeincometaxesextraordinaryitemsnoncontrollinginterest": 159000000,
        "incometaxexpensebenefit": -181000000,
        "profitloss": -1000000,
        "netincomelossattributabletononcontrollinginterest": 11000000,
        "netincomeloss": 115000000,
        "earningspersharebasic": 0.5099999999999998,
        "earningspersharediluted": 0.5100000000000002,
        "othercomprehensiveincomelossforeigncurrencytransactionandtranslationadjustmentnetoftax": 60000000,
        "othercomprehensiveincomelosspensionandotherpostretirementbenefitplansadjustmentnetoftax": -51000000,
        "othercomprehensiveincomelossnetoftax": 111000000,
        "othercomprehensiveincomelossnetoftaxportionattributabletoparent": 85000000,
        "comprehensiveincomenetoftaxincludingportionattributabletononcontrollinginterest": 696000000,
        "comprehensiveincomenetoftaxattributabletononcontrollinginterest": 37000000,
        "comprehensiveincomenetoftax": 200000000
    },
    {
        "date": "2022-09-29",
        "symbol": "MAS",
        "period": "Q3",
        "revenuefromcontractwithcustomerexcludingassessedtax": 2204000000,
        "costofgoodsandservicessold": 1509000000,
        "grossprofit": 695000000,
        "sellinggeneralandadministrativeexpense": 344000000,
        "operatingincomeloss": 351000000,
        "interestexpense": 29000000,
        "othernonoperatingincomeexpense": -12000000,
        "nonoperatingincomeexpense": -41000000,
        "incomelossfromcontinuingoperationsbeforeincometaxesextraordinaryitemsnoncontrollinginterest": 310000000,
        "incometaxexpensebenefit": 77000000,
        "profitloss": 233000000,
        "netincomelossattributabletononcontrollinginterest": 15000000,
        "netincomeloss": 218000000,
        "earningspersharebasic": 0.97,
        "earningspersharediluted": 0.97,
        "othercomprehensiveincomelossforeigncurrencytransactionandtranslationadjustmentnetoftax": -54000000,
        "othercomprehensiveincomelosspensionandotherpostretirementbenefitplansadjustmentnetoftax": -1000000,
        "othercomprehensiveincomelossnetoftax": -53000000,
        "othercomprehensiveincomelossnetoftaxportionattributabletononcontrollinginterest": -14000000,
        "othercomprehensiveincomelossnetoftaxportionattributabletoparent": -39000000,
        "comprehensiveincomenetoftaxincludingportionattributabletononcontrollinginterest": 180000000,
        "comprehensiveincomenetoftaxattributabletononcontrollinginterest": 1000000,
        "comprehensiveincomenetoftax": 179000000
    },
    {
        "date": "2022-06-29",
        "symbol": "MAS",
        "period": "Q2",
        "revenuefromcontractwithcustomerexcludingassessedtax": 2352000000,
        "costofgoodsandservicessold": 1583000000,
        "grossprofit": 769000000,
        "sellinggeneralandadministrativeexpense": 361000000,
        "operatingincomeloss": 408000000,
        "interestexpense": 28000000,
        "othernonoperatingincomeexpense": 17000000,
        "nonoperatingincomeexpense": -11000000,
        "incomelossfromcontinuingoperationsbeforeincometaxesextraordinaryitemsnoncontrollinginterest": 397000000,
        "incometaxexpensebenefit": 103000000,
        "profitloss": 294000000,
        "netincomelossattributabletononcontrollinginterest": 16000000,
        "netincomeloss": 278000000,
        "earningspersharebasic": 1.19,
        "earningspersharediluted": 1.18,
        "othercomprehensiveincomelossforeigncurrencytransactionandtranslationadjustmentnetoftax": -55000000,
        "othercomprehensiveincomelosspensionandotherpostretirementbenefitplansadjustmentnetoftax": -1000000,
        "othercomprehensiveincomelossnetoftax": -54000000,
        "othercomprehensiveincomelossnetoftaxportionattributabletononcontrollinginterest": -8000000,
        "othercomprehensiveincomelossnetoftaxportionattributabletoparent": -46000000,
        "comprehensiveincomenetoftaxincludingportionattributabletononcontrollinginterest": 240000000,
        "comprehensiveincomenetoftaxattributabletononcontrollinginterest": 8000000,
        "comprehensiveincomenetoftax": 232000000
    },
    {
        "date": "2022-03-30",
        "symbol": "MAS",
        "period": "Q1",
        "revenuefromcontractwithcustomerexcludingassessedtax": 2201000000,
        "costofgoodsandservicessold": 1497000000,
        "grossprofit": 704000000,
        "sellinggeneralandadministrativeexpense": 351000000,
        "operatingincomeloss": 353000000,
        "interestexpense": 25000000,
        "othernonoperatingincomeexpense": -1000000,
        "nonoperatingincomeexpense": -26000000,
        "incomelossfromcontinuingoperationsbeforeincometaxesextraordinaryitemsnoncontrollinginterest": 327000000,
        "incometaxexpensebenefit": 75000000,
        "profitloss": 252000000,
        "netincomelossattributabletononcontrollinginterest": 19000000,
        "netincomeloss": 233000000,
        "earningspersharebasic": 0.98,
        "earningspersharediluted": 0.97,
        "othercomprehensiveincomelossforeigncurrencytransactionandtranslationadjustmentnetoftax": -11000000,
        "othercomprehensiveincomelosspensionandotherpostretirementbenefitplansadjustmentnetoftax": -1000000,
        "othercomprehensiveincomelossnetoftax": -10000000,
        "othercomprehensiveincomelossnetoftaxportionattributabletononcontrollinginterest": -4000000,
        "othercomprehensiveincomelossnetoftaxportionattributabletoparent": -6000000,
        "comprehensiveincomenetoftaxincludingportionattributabletononcontrollinginterest": 242000000,
        "comprehensiveincomenetoftaxattributabletononcontrollinginterest": 15000000,
        "comprehensiveincomenetoftax": 227000000
    },
    {
        "date": "2021-12-30",
        "symbol": "MAS",
        "period": "Q4",
        "revenuefromcontractwithcustomerexcludingassessedtax": 34000000,
        "costofgoodsandservicessold": 1403000000,
        "grossprofit": 619000000,
        "sellinggeneralandadministrativeexpense": 356000000,
        "operatingincomeloss": -973000000,
        "othernonoperatingincomeexpense": -1000000,
        "nonoperatingincomeexpense": 0,
        "incomelossfromcontinuingoperationsbeforeincometaxesextraordinaryitemsnoncontrollinginterest": 192000000,
        "incomelossfromcontinuingoperationsincludingportionattributabletononcontrollinginterest": 140000000,
        "netincomelossattributabletononcontrollinginterest": 8000000,
        "netincomeloss": 132000000,
        "incomelossfromcontinuingoperationsperbasicshare": 0.5499999999999998,
        "earningspersharebasic": 0.5499999999999998,
        "incomelossfromcontinuingoperationsperdilutedshare": 0.5500000000000003,
        "earningspersharediluted": 0.5500000000000003,
        "incomelossfromcontinuingoperations": 132000000,
        "othercomprehensiveincomelossforeigncurrencytransactionandtranslationadjustmentnetoftax": -13000000,
        "othercomprehensiveincomelosspensionandotherpostretirementbenefitplansadjustmentnetoftax": -19000000,
        "othercomprehensiveincomelossnetoftax": 6000000,
        "othercomprehensiveincomelossnetoftaxportionattributabletononcontrollinginterest": 0,
        "othercomprehensiveincomelossnetoftaxportionattributabletoparent": 6000000,
        "comprehensiveincomenetoftaxincludingportionattributabletononcontrollinginterest": 146000000,
        "comprehensiveincomenetoftaxattributabletononcontrollinginterest": 8000000,
        "comprehensiveincomenetoftax": 138000000
    },
    {
        "date": "2021-09-29",
        "symbol": "MAS",
        "period": "Q3",
        "revenuefromcontractwithcustomerexcludingassessedtax": 2204000000,
        "costofgoodsandservicessold": 1451000000,
        "grossprofit": 753000000,
        "sellinggeneralandadministrativeexpense": 368000000,
        "operatingincomeloss": 385000000,
        "interestexpense": 26000000,
        "othernonoperatingincomeexpense": -17000000,
        "nonoperatingincomeexpense": -43000000,
        "incomelossfromcontinuingoperationsbeforeincometaxesextraordinaryitemsnoncontrollinginterest": 342000000,
        "incometaxexpensebenefit": 103000000,
        "incomelossfromcontinuingoperationsincludingportionattributabletononcontrollinginterest": 239000000,
        "profitloss": 239000000,
        "netincomelossattributabletononcontrollinginterest": 19000000,
        "netincomeloss": 220000000,
        "incomelossfromcontinuingoperationsperbasicshare": 0.8700000000000001,
        "earningspersharebasic": 0.8700000000000001,
        "incomelossfromcontinuingoperationsperdilutedshare": 0.8699999999999999,
        "earningspersharediluted": 0.8699999999999999,
        "incomelossfromcontinuingoperations": 220000000,
        "othercomprehensiveincomelossforeigncurrencytransactionandtranslationadjustmentnetoftax": -20000000,
        "othercomprehensiveincomelosspensionandotherpostretirementbenefitplansadjustmentnetoftax": -2000000,
        "othercomprehensiveincomelossnetoftax": -18000000,
        "othercomprehensiveincomelossnetoftaxportionattributabletononcontrollinginterest": -5000000,
        "othercomprehensiveincomelossnetoftaxportionattributabletoparent": -13000000,
        "comprehensiveincomenetoftaxincludingportionattributabletononcontrollinginterest": 221000000,
        "comprehensiveincomenetoftaxattributabletononcontrollinginterest": 14000000,
        "comprehensiveincomenetoftax": 207000000
    },
    {
        "date": "2021-06-29",
        "symbol": "MAS",
        "period": "Q2",
        "revenuefromcontractwithcustomerexcludingassessedtax": 2179000000,
        "costofgoodsandservicessold": 1388000000,
        "grossprofit": 791000000,
        "sellinggeneralandadministrativeexpense": 354000000,
        "operatingincomeloss": 437000000,
        "interestexpense": 25000000,
        "othernonoperatingincomeexpense": -415000000,
        "nonoperatingincomeexpense": -440000000,
        "incomelossfromcontinuingoperationsbeforeincometaxesextraordinaryitemsnoncontrollinginterest": -3000000,
        "incometaxexpensebenefit": 12000000,
        "incomelossfromcontinuingoperationsincludingportionattributabletononcontrollinginterest": -15000000,
        "profitloss": -15000000,
        "netincomelossattributabletononcontrollinginterest": 21000000,
        "netincomeloss": -36000000,
        "incomelossfromcontinuingoperationsperbasicshare": -0.13000000000000003,
        "earningspersharebasic": -0.13000000000000003,
        "incomelossfromcontinuingoperationsperdilutedshare": -0.14,
        "earningspersharediluted": -0.14,
        "incomelossfromcontinuingoperations": -36000000,
        "othercomprehensiveincomelossforeigncurrencytransactionandtranslationadjustmentnetoftax": 37000000,
        "othercomprehensiveincomelosscashflowhedgegainlossafterreclassificationandtax": 0,
        "othercomprehensiveincomelosspensionandotherpostretirementbenefitplansadjustmentnetoftax": -358000000,
        "othercomprehensiveincomelossnetoftax": 395000000,
        "othercomprehensiveincomelossnetoftaxportionattributabletononcontrollinginterest": 2000000,
        "othercomprehensiveincomelossnetoftaxportionattributabletoparent": 393000000,
        "comprehensiveincomenetoftaxincludingportionattributabletononcontrollinginterest": 380000000,
        "comprehensiveincomenetoftaxattributabletononcontrollinginterest": 23000000,
        "comprehensiveincomenetoftax": 357000000
    },
    {
        "date": "2021-03-30",
        "symbol": "MAS",
        "period": "Q1",
        "revenuefromcontractwithcustomerexcludingassessedtax": 1970000000,
        "costofgoodsandservicessold": 1270000000,
        "grossprofit": 700000000,
        "sellinggeneralandadministrativeexpense": 335000000,
        "operatingincomeloss": 365000000,
        "interestexpense": 202000000,
        "othernonoperatingincomeexpense": -6000000,
        "nonoperatingincomeexpense": -208000000,
        "incomelossfromcontinuingoperationsbeforeincometaxesextraordinaryitemsnoncontrollinginterest": 157000000,
        "incometaxexpensebenefit": 43000000,
        "incomelossfromcontinuingoperationsincludingportionattributabletononcontrollinginterest": 114000000,
        "profitloss": 114000000,
        "netincomelossattributabletononcontrollinginterest": 20000000,
        "netincomeloss": 94000000,
        "incomelossfromcontinuingoperationsperbasicshare": 0.34,
        "earningspersharebasic": 0.34,
        "incomelossfromcontinuingoperationsperdilutedshare": 0.34,
        "earningspersharediluted": 0.34,
        "incomelossfromcontinuingoperations": 94000000,
        "othercomprehensiveincomelossforeigncurrencytransactionandtranslationadjustmentnetoftax": -36000000,
        "othercomprehensiveincomelosscashflowhedgegainlossafterreclassificationandtax": 7000000,
        "othercomprehensiveincomelosspensionandotherpostretirementbenefitplansadjustmentnetoftax": -5000000,
        "othercomprehensiveincomelossnetoftax": -24000000,
        "othercomprehensiveincomelossnetoftaxportionattributabletononcontrollinginterest": -12000000,
        "othercomprehensiveincomelossnetoftaxportionattributabletoparent": -12000000,
        "comprehensiveincomenetoftaxincludingportionattributabletononcontrollinginterest": 90000000,
        "comprehensiveincomenetoftaxattributabletononcontrollinginterest": 8000000,
        "comprehensiveincomenetoftax": 82000000
    },
    {
        "date": "2020-12-30",
        "symbol": "MAS",
        "period": "Q4",
        "revenuefromcontractwithcustomerexcludingassessedtax": 1860000000,
        "costofgoodsandservicessold": 1200000000,
        "grossprofit": 660000000,
        "sellinggeneralandadministrativeexpense": 353000000,
        "operatingincomeloss": 307000000,
        "interestexpense": 34000000,
        "othernonoperatingincomeexpense": 2000000,
        "nonoperatingincomeexpense": -32000000,
        "incomelossfromcontinuingoperationsbeforeincometaxesextraordinaryitemsnoncontrollinginterest": 275000000,
        "incometaxexpensebenefit": 67000000,
        "incomelossfromcontinuingoperationsincludingportionattributabletononcontrollinginterest": 208000000,
        "profitloss": 211000000,
        "netincomelossattributabletononcontrollinginterest": 16000000,
        "netincomeloss": 195000000,
        "incomelossfromcontinuingoperationsperbasicshare": 0.7399999999999998,
        "incomelossfromdiscontinuedoperationsnetoftaxperbasicshare": 0.010000000000000009,
        "earningspersharebasic": 0.7499999999999993,
        "incomelossfromcontinuingoperationsperdilutedshare": 0.7299999999999998,
        "incomelossfromdiscontinuedoperationsnetoftaxperdilutedshare": 0.010000000000000009,
        "earningspersharediluted": 0.7399999999999998,
        "incomelossfromcontinuingoperations": 192000000,
        "othercomprehensiveincomelossforeigncurrencytransactionandtranslationadjustmentnetoftax": 57000000,
        "othercomprehensiveincomelosspensionandotherpostretirementbenefitplansadjustmentnetoftax": 33000000,
        "othercomprehensiveincomelossnetoftax": 24000000,
        "othercomprehensiveincomelossnetoftaxportionattributabletononcontrollinginterest": 10000000,
        "othercomprehensiveincomelossnetoftaxportionattributabletoparent": 14000000,
        "comprehensiveincomenetoftaxincludingportionattributabletononcontrollinginterest": 235000000,
        "comprehensiveincomenetoftaxattributabletononcontrollinginterest": 26000000,
        "comprehensiveincomenetoftax": 209000000
    },
    {
        "date": "2020-09-29",
        "symbol": "MAS",
        "period": "Q3",
        "revenuefromcontractwithcustomerexcludingassessedtax": 1983000000,
        "costofgoodsandservicessold": 1231000000,
        "grossprofit": 752000000,
        "sellinggeneralandadministrativeexpense": 328000000,
        "operatingincomeloss": 424000000,
        "interestexpense": 40000000,
        "othernonoperatingincomeexpense": -4000000,
        "nonoperatingincomeexpense": -44000000,
        "incomelossfromcontinuingoperationsbeforeincometaxesextraordinaryitemsnoncontrollinginterest": 380000000,
        "incometaxexpensebenefit": 87000000,
        "incomelossfromcontinuingoperationsincludingportionattributabletononcontrollinginterest": 293000000,
        "incomelossfromdiscontinuedoperationsnetoftax": 0,
        "profitloss": 293000000,
        "netincomelossattributabletononcontrollinginterest": 18000000,
        "netincomeloss": 275000000,
        "incomelossfromcontinuingoperationsperbasicshare": 1.02,
        "incomelossfromdiscontinuedoperationsnetoftaxperbasicshare": 0.050000000000000044,
        "earningspersharebasic": 1.07,
        "incomelossfromcontinuingoperationsperdilutedshare": 1.03,
        "incomelossfromdiscontinuedoperationsnetoftaxperdilutedshare": 0.050000000000000044,
        "earningspersharediluted": 1.08,
        "incomelossfromcontinuingoperations": 275000000,
        "incomelossfromdiscontinuedoperationsnetoftaxattributabletoreportingentity": 0,
        "othercomprehensiveincomelossforeigncurrencytransactionandtranslationadjustmentnetoftax": 32000000,
        "othercomprehensiveincomelosspensionandotherpostretirementbenefitplansadjustmentnetoftax": -5000000,
        "othercomprehensiveincomelossnetoftax": 37000000,
        "othercomprehensiveincomelossnetoftaxportionattributabletononcontrollinginterest": 9000000,
        "othercomprehensiveincomelossnetoftaxportionattributabletoparent": 28000000,
        "comprehensiveincomenetoftaxincludingportionattributabletononcontrollinginterest": 330000000,
        "comprehensiveincomenetoftaxattributabletononcontrollinginterest": 27000000,
        "comprehensiveincomenetoftax": 303000000
    },
    {
        "date": "2020-06-29",
        "symbol": "MAS",
        "period": "Q2",
        "revenuefromcontractwithcustomerexcludingassessedtax": 1764000000,
        "costofgoodsandservicessold": 1136000000,
        "grossprofit": 628000000,
        "sellinggeneralandadministrativeexpense": 289000000,
        "operatingincomeloss": 339000000,
        "interestexpense": 35000000,
        "othernonoperatingincomeexpense": -2000000,
        "nonoperatingincomeexpense": -37000000,
        "incomelossfromcontinuingoperationsbeforeincometaxesextraordinaryitemsnoncontrollinginterest": 302000000,
        "incometaxexpensebenefit": 82000000,
        "incomelossfromcontinuingoperationsincludingportionattributabletononcontrollinginterest": 220000000,
        "incomelossfromdiscontinuedoperationsnetoftax": 14000000,
        "profitloss": 234000000,
        "netincomelossattributabletononcontrollinginterest": 10000000,
        "netincomeloss": 224000000,
        "incomelossfromcontinuingoperationsperbasicshare": 0.8,
        "incomelossfromdiscontinuedoperationsnetoftaxperbasicshare": 0.05,
        "earningspersharebasic": 0.85,
        "incomelossfromcontinuingoperationsperdilutedshare": 0.8,
        "incomelossfromdiscontinuedoperationsnetoftaxperdilutedshare": 0.05,
        "earningspersharediluted": 0.85,
        "incomelossfromcontinuingoperations": 210000000,
        "incomelossfromdiscontinuedoperationsnetoftaxattributabletoreportingentity": 14000000,
        "othercomprehensiveincomelossforeigncurrencytransactionandtranslationadjustmentnetoftax": 12000000,
        "othercomprehensiveincomelosscashflowhedgegainlossafterreclassificationandtax": 1000000,
        "othercomprehensiveincomelosspensionandotherpostretirementbenefitplansadjustmentnetoftax": -5000000,
        "othercomprehensiveincomelossnetoftax": 18000000,
        "othercomprehensiveincomelossnetoftaxportionattributabletononcontrollinginterest": 3000000,
        "othercomprehensiveincomelossnetoftaxportionattributabletoparent": 15000000,
        "comprehensiveincomenetoftaxincludingportionattributabletononcontrollinginterest": 252000000,
        "comprehensiveincomenetoftaxattributabletononcontrollinginterest": 13000000,
        "comprehensiveincomenetoftax": 239000000
    },
    {
        "date": "2020-03-30",
        "symbol": "MAS",
        "period": "Q1",
        "profitloss": 538000000,
        "netincomelossattributabletononcontrollinginterest": 8000000,
        "netincomeloss": 530000000,
        "othercomprehensiveincomelossforeigncurrencytransactionandtranslationadjustmentnetoftax": -29000000,
        "othercomprehensiveincomelosspensionandotherpostretirementbenefitplansadjustmentnetoftax": -5000000,
        "othercomprehensiveincomelossnetoftax": -24000000,
        "othercomprehensiveincomelossnetoftaxportionattributabletononcontrollinginterest": -4000000,
        "othercomprehensiveincomelossnetoftaxportionattributabletoparent": -20000000,
        "comprehensiveincomenetoftaxincludingportionattributabletononcontrollinginterest": 514000000,
        "comprehensiveincomenetoftaxattributabletononcontrollinginterest": 4000000,
        "comprehensiveincomenetoftax": 510000000,
        "revenuefromcontractwithcustomerexcludingassessedtax": 1581000000,
        "costofgoodsandservicessold": 1034000000,
        "grossprofit": 547000000,
        "sellinggeneralandadministrativeexpense": 322000000,
        "operatingincomeloss": 225000000,
        "interestexpense": 35000000,
        "othernonoperatingincomeexpense": -16000000,
        "nonoperatingincomeexpense": -51000000,
        "incomelossfromcontinuingoperationsbeforeincometaxesextraordinaryitemsnoncontrollinginterest": 174000000,
        "incometaxexpensebenefit": 33000000,
        "incomelossfromcontinuingoperationsincludingportionattributabletononcontrollinginterest": 141000000,
        "incomelossfromdiscontinuedoperationsnetoftax": 397000000,
        "incomelossfromcontinuingoperationsperbasicshare": 0.49,
        "incomelossfromdiscontinuedoperationsnetoftaxperbasicshare": 1.44,
        "earningspersharebasic": 1.93,
        "incomelossfromcontinuingoperationsperdilutedshare": 0.48,
        "incomelossfromdiscontinuedoperationsnetoftaxperdilutedshare": 1.44,
        "earningspersharediluted": 1.92,
        "incomelossfromcontinuingoperations": 133000000,
        "incomelossfromdiscontinuedoperationsnetoftaxattributabletoreportingentity": 397000000
    },
    {
        "date": "2019-09-29",
        "symbol": "MAS",
        "period": "Q3",
        "profitloss": 138000000,
        "netincomelossattributabletononcontrollinginterest": 12000000,
        "netincomeloss": 126000000,
        "othercomprehensiveincomelossforeigncurrencytransactionandtranslationadjustmentnetoftax": -13000000,
        "othercomprehensiveincomelosspensionandotherpostretirementbenefitplansadjustmentnetoftax": -4000000,
        "othercomprehensiveincomelossnetoftax": -9000000,
        "othercomprehensiveincomelossnetoftaxportionattributabletononcontrollinginterest": -8000000,
        "othercomprehensiveincomelossnetoftaxportionattributabletoparent": -1000000,
        "comprehensiveincomenetoftaxincludingportionattributabletononcontrollinginterest": 129000000,
        "comprehensiveincomenetoftaxattributabletononcontrollinginterest": 4000000,
        "comprehensiveincomenetoftax": 125000000,
        "revenuefromcontractwithcustomerexcludingassessedtax": 1604000000,
        "costofgoodsandservicessold": 1011000000,
        "grossprofit": 593000000,
        "sellinggeneralandadministrativeexpense": 285000000,
        "operatingincomeloss": 315000000,
        "interestexpense": 39000000,
        "othernonoperatingincomeexpense": -8000000,
        "nonoperatingincomeexpense": -47000000,
        "incomelossfromcontinuingoperationsbeforeincometaxesextraordinaryitemsnoncontrollinginterest": 268000000,
        "incometaxexpensebenefit": 66000000,
        "earningspersharebasic": 0.43999999999999995,
        "earningspersharediluted": 0.43999999999999995
    },
    {
        "date": "2019-06-29",
        "symbol": "MAS",
        "period": "Q2",
        "profitloss": 252000000,
        "netincomelossattributabletononcontrollinginterest": 12000000,
        "netincomeloss": 240000000,
        "othercomprehensiveincomelossforeigncurrencytransactionandtranslationadjustmentnetoftax": 5000000,
        "othercomprehensiveincomelosspensionandotherpostretirementbenefitplansadjustmentnetoftax": -4000000,
        "othercomprehensiveincomelossnetoftax": 10000000,
        "othercomprehensiveincomelossnetoftaxportionattributabletononcontrollinginterest": 4000000,
        "othercomprehensiveincomelossnetoftaxportionattributabletoparent": 6000000,
        "comprehensiveincomenetoftaxincludingportionattributabletononcontrollinginterest": 262000000,
        "comprehensiveincomenetoftaxattributabletononcontrollinginterest": 16000000,
        "comprehensiveincomenetoftax": 246000000,
        "revenuefromcontractwithcustomerexcludingassessedtax": 2275000000,
        "costofgoodsandservicessold": 1493000000,
        "grossprofit": 782000000,
        "sellinggeneralandadministrativeexpense": 390000000,
        "goodwillandintangibleassetimpairment": 0,
        "operatingincomeloss": 392000000,
        "interestexpense": 41000000,
        "othernonoperatingincomeexpense": -4000000,
        "nonoperatingincomeexpense": -45000000,
        "incomelossfromcontinuingoperationsbeforeincometaxesextraordinaryitemsnoncontrollinginterest": 347000000,
        "incometaxexpensebenefit": 95000000,
        "earningspersharebasic": 0.83,
        "earningspersharediluted": 0.82
    },
    {
        "date": "2019-03-30",
        "symbol": "MAS",
        "period": "Q1",
        "profitloss": 127000000,
        "netincomelossattributabletononcontrollinginterest": 11000000,
        "netincomeloss": 116000000,
        "othercomprehensiveincomelossforeigncurrencytransactionandtranslationadjustmentnetoftax": -3000000,
        "othercomprehensiveincomelosspensionandotherpostretirementbenefitplansadjustmentnetoftax": -4000000,
        "othercomprehensiveincomelossnetoftax": 1000000,
        "othercomprehensiveincomelossnetoftaxportionattributabletononcontrollinginterest": -3000000,
        "othercomprehensiveincomelossnetoftaxportionattributabletoparent": 4000000,
        "comprehensiveincomenetoftaxincludingportionattributabletononcontrollinginterest": 128000000,
        "comprehensiveincomenetoftaxattributabletononcontrollinginterest": 8000000,
        "comprehensiveincomenetoftax": 120000000,
        "revenuefromcontractwithcustomerexcludingassessedtax": 1908000000,
        "costofgoodsandservicessold": 1309000000,
        "grossprofit": 599000000,
        "sellinggeneralandadministrativeexpense": 372000000,
        "goodwillandintangibleassetimpairment": 16000000,
        "operatingincomeloss": 211000000,
        "interestexpense": 39000000,
        "othernonoperatingincomeexpense": -4000000,
        "nonoperatingincomeexpense": -43000000,
        "incomelossfromcontinuingoperationsbeforeincometaxesextraordinaryitemsnoncontrollinginterest": 168000000,
        "incometaxexpensebenefit": 41000000,
        "earningspersharebasic": 0.39,
        "earningspersharediluted": 0.39
    },
    {
        "date": "2018-06-29",
        "symbol": "MAS",
        "period": "Q2",
        "profitloss": 224000000,
        "netincomelossattributabletononcontrollinginterest": 13000000,
        "netincomeloss": 211000000,
        "othercomprehensiveincomelossforeigncurrencytransactionandtranslationadjustmentnetoftax": -57000000,
        "othercomprehensiveincomelossderivativesqualifyingashedgesnetoftax": 1000000,
        "othercomprehensiveincomelosspensionandotherpostretirementbenefitplansadjustmentnetoftax": -3000000,
        "othercomprehensiveincomelossnetoftax": -53000000,
        "othercomprehensiveincomelossnetoftaxportionattributabletononcontrollinginterest": -19000000,
        "othercomprehensiveincomelossnetoftaxportionattributabletoparent": -34000000,
        "comprehensiveincomenetoftaxincludingportionattributabletononcontrollinginterest": 171000000,
        "comprehensiveincomenetoftaxattributabletononcontrollinginterest": -6000000,
        "comprehensiveincomenetoftax": 177000000,
        "revenuefromcontractwithcustomerexcludingassessedtax": 1872000000,
        "costofgoodsandservicessold": 1547000000,
        "grossprofit": 750000000,
        "sellinggeneralandadministrativeexpense": 392000000,
        "operatingincomeloss": 323000000,
        "interestexpense": 38000000,
        "othernonoperatingincomeexpense": -8000000,
        "nonoperatingincomeexpense": -46000000,
        "incomelossfromcontinuingoperationsbeforeincometaxesextraordinaryitemsnoncontrollinginterest": 312000000,
        "incometaxexpensebenefit": 88000000,
        "earningspersharebasic": 0.69,
        "earningspersharediluted": 0.68
    },
    {
        "date": "2017-06-29",
        "symbol": "MAS",
        "period": "Q2",
        "profitloss": 171000000,
        "netincomelossattributabletononcontrollinginterest": 13000000,
        "netincomeloss": 158000000,
        "othercomprehensiveincomelossforeigncurrencytransactionandtranslationadjustmentnetoftax": 65000000,
        "othercomprehensiveincomelossderivativesqualifyingashedgesnetoftax": 2000000,
        "othercomprehensiveincomelosspensionandotherpostretirementbenefitplansadjustmentnetoftax": -3000000,
        "othercomprehensiveincomelossnetoftax": 70000000,
        "othercomprehensiveincomelossnetoftaxportionattributabletononcontrollinginterest": -14000000,
        "othercomprehensiveincomelossnetoftaxportionattributabletoparent": 56000000,
        "comprehensiveincomenetoftaxincludingportionattributabletononcontrollinginterest": 241000000,
        "comprehensiveincomenetoftaxattributabletononcontrollinginterest": 27000000,
        "comprehensiveincomenetoftax": 214000000,
        "salesrevenuenet": 1660000000,
        "costofgoodsandservicessold": 1320000000,
        "grossprofit": 737000000,
        "sellinggeneralandadministrativeexpense": 380000000,
        "operatingincomeloss": 330000000,
        "interestexpense": 153000000,
        "othernonoperatingincomeexpense": 51000000,
        "nonoperatingincomeexpense": -102000000,
        "incomelossfromcontinuingoperationsbeforeincometaxesextraordinaryitemsnoncontrollinginterest": 255000000,
        "incometaxexpensebenefit": 1000000,
        "earningspersharebasic": 0.5,
        "earningspersharediluted": 0.49
    },
    {
        "date": "2016-06-29",
        "symbol": "MAS",
        "period": "Q2",
        "profitloss": 163000000,
        "netincomelossattributabletononcontrollinginterest": 13000000,
        "netincomeloss": 150000000,
        "othercomprehensiveincomelossforeigncurrencytransactionandtranslationadjustmentnetoftax": -33000000,
        "othercomprehensiveincomelossderivativesqualifyingashedgesnetoftax": 1000000,
        "othercomprehensiveincomelosspensionandotherpostretirementbenefitplansadjustmentnetoftax": 3000000,
        "othercomprehensiveincomelossavailableforsalesecuritiesadjustmentnetoftax": -1000000,
        "othercomprehensiveincomelossnetoftax": -30000000,
        "othercomprehensiveincomelossnetoftaxportionattributabletononcontrollinginterest": 5000000,
        "othercomprehensiveincomelossnetoftaxportionattributabletoparent": -25000000,
        "comprehensiveincomenetoftaxincludingportionattributabletononcontrollinginterest": 133000000,
        "comprehensiveincomenetoftaxattributabletononcontrollinginterest": 8000000,
        "comprehensiveincomenetoftax": 125000000,
        "salesrevenuenet": 1598000000,
        "costofgoodsandservicessold": 1301000000,
        "grossprofit": 700000000,
        "sellinggeneralandadministrativeexpense": 365000000,
        "operatingincomeloss": 299000000,
        "interestexpense": 87000000,
        "othernonoperatingincomeexpense": 5000000,
        "nonoperatingincomeexpense": -82000000,
        "incomelossfromcontinuingoperationsbeforeincometaxesextraordinaryitemsnoncontrollinginterest": 253000000,
        "incometaxexpensebenefit": 90000000,
        "incomelossfromcontinuingoperationsincludingportionattributabletononcontrollinginterest": 163000000,
        "incomelossfromcontinuingoperationsperbasicshare": 0.45,
        "earningspersharebasic": 0.45,
        "incomelossfromcontinuingoperationsperdilutedshare": 0.45,
        "earningspersharediluted": 0.45,
        "incomelossfromcontinuingoperations": 150000000
    },
    {
        "date": "2013-06-29",
        "symbol": "MAS",
        "period": "Q2",
        "salesrevenuenet": 265000000,
        "costofgoodsandservicessold": 1540000000,
        "grossprofit": 609000000,
        "sellinggeneralandadministrativeexpense": 421000000,
        "operatingincomeloss": -39000000,
        "interestexpense": 60000000,
        "othernonoperatingincomeexpense": 3000000,
        "nonoperatingincomeexpense": -57000000,
        "incomelossfromcontinuingoperationsbeforeincometaxesminorityinterestandincomelossfromequitymethodinvestments": 131000000,
        "incometaxexpensebenefit": 39000000,
        "incomelossfromcontinuingoperationsincludingportionattributabletononcontrollinginterest": 92000000,
        "incomelossfromdiscontinuedoperationsnetoftaxattributabletoreportingentity": -5000000,
        "profitloss": 87000000,
        "netincomelossattributabletononcontrollinginterest": 10000000,
        "netincomeloss": 77000000,
        "incomelossfromcontinuingoperationsperbasicshare": 0.23,
        "incomelossfromdiscontinuedoperationsnetoftaxperbasicshare": -0.01,
        "earningspersharebasic": 0.22,
        "incomelossfromcontinuingoperationsperdilutedshare": 0.23,
        "incomelossfromdiscontinuedoperationsnetoftaxperdilutedshare": -0.01,
        "earningspersharediluted": 0.21,
        "incomelossfromcontinuingoperations": 82000000,
        "othercomprehensiveincomelossforeigncurrencytransactionandtranslationadjustmentnetoftax": 10000000,
        "othercomprehensiveincomeunrealizedgainlossonderivativesarisingduringperiodnetoftax": 1000000,
        "othercomprehensiveincomedefinedbenefitplannetpriorservicecostscreditarisingduringperiodnetoftax": -4000000,
        "othercomprehensiveincomelossnetoftax": 15000000,
        "othercomprehensiveincomelossnetoftaxportionattributabletononcontrollinginterest": 4000000,
        "othercomprehensiveincomelossnetoftaxportionattributabletoparent": 11000000,
        "comprehensiveincomenetoftaxincludingportionattributabletononcontrollinginterest": 102000000,
        "comprehensiveincomenetoftaxattributabletononcontrollinginterest": 14000000,
        "comprehensiveincomenetoftax": 88000000
    },
    {
        "date": "2012-09-29",
        "symbol": "MAS",
        "period": "Q3",
        "salesrevenuenet": 423000000,
        "costofgoodsandservicessold": 1476000000,
        "grossprofit": 500000000,
        "sellinggeneralandadministrativeexpense": 398000000,
        "gainlossrelatedtolitigationsettlement": 1000000,
        "operatingincomeloss": 25000000,
        "interestexpense": 62000000,
        "othernonoperatingincomeexpense": 6000000,
        "nonoperatingincomeexpense": -56000000,
        "incomelossfromcontinuingoperationsbeforeincometaxesminorityinterestandincomelossfromequitymethodinvestments": 45000000,
        "incometaxexpensebenefit": 14000000,
        "incomelossfromcontinuingoperationsincludingportionattributabletononcontrollinginterest": 31000000,
        "incomelossfromdiscontinuedoperationsnetoftaxattributabletoreportingentity": -7000000,
        "profitloss": 24000000,
        "netincomelossattributabletononcontrollinginterest": 9000000,
        "netincomeloss": 15000000,
        "incomelossfromcontinuingoperationsperbasicshare": 0.06,
        "incomelossfromdiscontinuedoperationsnetoftaxperbasicshare": -0.02,
        "earningspersharebasic": 0.04,
        "incomelossfromcontinuingoperationsperdilutedshare": 0.06,
        "incomelossfromdiscontinuedoperationsnetoftaxperdilutedshare": -0.02,
        "earningspersharediluted": 0.04,
        "incomelossfromcontinuingoperations": 22000000,
        "othercomprehensiveincomelossforeigncurrencytransactionandtranslationadjustmentnetoftax": 42000000,
        "othercomprehensiveincomeunrealizedgainlossonderivativesarisingduringperiodnetoftax": 1000000,
        "othercomprehensiveincomedefinedbenefitplannetpriorservicecostscreditarisingduringperiodnetoftax": -3000000,
        "othercomprehensiveincomelossnetoftax": 46000000,
        "comprehensiveincomenetoftaxincludingportionattributabletononcontrollinginterest": 70000000,
        "comprehensiveincomenetoftaxattributabletononcontrollinginterest": 17000000,
        "comprehensiveincomenetoftax": 53000000
    },
    {
        "date": "2012-06-29",
        "symbol": "MAS",
        "period": "Q2",
        "salesrevenuenet": 417000000,
        "costofgoodsandservicessold": 1479000000,
        "grossprofit": 525000000,
        "sellinggeneralandadministrativeexpense": 403000000,
        "gainlossrelatedtolitigationsettlement": -75000000,
        "operatingincomeloss": 25000000,
        "interestexpense": 68000000,
        "othernonoperatingincomeexpense": 2000000,
        "nonoperatingincomeexpense": -66000000,
        "incomelossfromcontinuingoperationsbeforeincometaxesminorityinterestandincomelossfromequitymethodinvestments": -19000000,
        "incometaxexpensebenefit": 30000000,
        "incomelossfromcontinuingoperationsincludingportionattributabletononcontrollinginterest": -49000000,
        "incomelossfromdiscontinuedoperationsnetoftaxattributabletoreportingentity": -18000000,
        "profitloss": -67000000,
        "netincomelossattributabletononcontrollinginterest": 8000000,
        "netincomeloss": -75000000,
        "incomelossfromcontinuingoperationsperbasicshare": -0.17,
        "incomelossfromdiscontinuedoperationsnetoftaxperbasicshare": -0.05,
        "earningspersharebasic": -0.22,
        "incomelossfromcontinuingoperationsperdilutedshare": -0.17,
        "incomelossfromdiscontinuedoperationsnetoftaxperdilutedshare": -0.05,
        "earningspersharediluted": -0.22,
        "incomelossfromcontinuingoperations": -57000000,
        "othercomprehensiveincomeforeigncurrencytransactionandtranslationadjustmentnetoftaxperiodincreasedecrease": -57000000,
        "othercomprehensiveincomedefinedbenefitplannetpriorservicecostscreditarisingduringperiodnetoftax": -4000000,
        "othercomprehensiveincomelossnetoftaxperiodincreasedecrease": -53000000,
        "comprehensiveincomenetoftaxincludingportionattributabletononcontrollinginterest": -120000000,
        "comprehensiveincomenetoftaxattributabletononcontrollinginterest": -3000000,
        "comprehensiveincomenetoftax": -117000000
    },
    {
        "date": "2011-09-29",
        "symbol": "MAS",
        "period": "Q3",
        "salesrevenuenet": 2006000000,
        "costofgoodsandservicessold": 1511000000,
        "grossprofit": 495000000,
        "sellinggeneralandadministrativeexpense": 393000000,
        "operatingincomeloss": 102000000,
        "interestexpense": 63000000,
        "othernonoperatingincomeexpense": 22000000,
        "nonoperatingincomeexpense": -41000000,
        "incomelossfromcontinuingoperationsbeforeincometaxesminorityinterestandincomelossfromequitymethodinvestments": 61000000,
        "incometaxexpensebenefit": 12000000,
        "profitloss": 49000000,
        "netincomelossattributabletononcontrollinginterest": 13000000,
        "netincomeloss": 36000000,
        "earningspersharebasic": 0.1,
        "earningspersharediluted": 0.1
    },
    {
        "date": "2011-06-29",
        "symbol": "MAS",
        "period": "Q2",
        "salesrevenuenet": 2022000000,
        "costofgoodsandservicessold": 1490000000,
        "grossprofit": 532000000,
        "sellinggeneralandadministrativeexpense": 441000000,
        "operatingincomeloss": 91000000,
        "interestexpense": 64000000,
        "othernonoperatingincomeexpense": 31000000,
        "nonoperatingincomeexpense": -33000000,
        "incomelossfromcontinuingoperationsbeforeincometaxesminorityinterestandincomelossfromequitymethodinvestments": 58000000,
        "incometaxexpensebenefit": 38000000,
        "profitloss": 20000000,
        "netincomelossattributabletononcontrollinginterest": 12000000,
        "netincomeloss": 8000000,
        "earningspersharebasic": 0.02,
        "earningspersharediluted": 0.02
    },
    {
        "date": "2010-06-29",
        "symbol": "MAS",
        "period": "Q2",
        "salesrevenuenet": 2048000000,
        "costofgoodsandservicessold": 1502000000,
        "grossprofit": 546000000,
        "sellinggeneralandadministrativeexpense": 427000000,
        "operatingincomeloss": 119000000,
        "interestexpense": 67000000,
        "otherassetimpairmentcharges": 2000000,
        "othernonoperatingincomeexpense": -3000000,
        "nonoperatingincomeexpense": -103000000,
        "incomelossfromcontinuingoperationsbeforeincometaxesminorityinterestandincomelossfromequitymethodinvestments": 16000000,
        "incometaxexpensebenefit": 4000000,
        "incomelossfromcontinuingoperationsincludingportionattributabletononcontrollinginterest": 12000000,
        "profitloss": 9000000,
        "netincomelossattributabletononcontrollinginterest": 9000000,
        "netincomeloss": 3000000,
        "incomelossfromcontinuingoperationsperbasicshare": 0.01,
        "earningspersharebasic": 0.01,
        "incomelossfromcontinuingoperationsperdilutedshare": 0.01,
        "earningspersharediluted": 0.01,
        "incomelossfromcontinuingoperations": 3000000
    },
    {
        "date": "2009-09-29",
        "symbol": "MAS",
        "period": "Q3",
        "salesrevenuenet": 2094000000,
        "costofgoodsandservicessold": 1524000000,
        "grossprofit": 570000000,
        "sellinggeneralandadministrativeexpense": 432000000,
        "operatingincomeloss": 138000000,
        "interestexpense": 56000000,
        "othernonoperatingincomeexpense": 7000000,
        "nonoperatingincomeexpense": -49000000,
        "incomelossfromcontinuingoperationsbeforeincometaxesminorityinterestandincomelossfromequitymethodinvestments": 89000000,
        "incometaxexpensebenefit": 26000000,
        "incomelossfromcontinuingoperationsincludingportionattributabletononcontrollinginterest": 63000000,
        "incomelossfromdiscontinuedoperationsnetoftax": -23000000,
        "profitloss": 40000000,
        "netincomelossattributabletononcontrollinginterest": 12000000,
        "netincomeloss": 28000000,
        "incomelossfromcontinuingoperationsperbasicshare": 0.14,
        "incomelossfromdiscontinuedoperationsnetoftaxperbasicshare": -0.06,
        "earningspersharebasic": 0.08,
        "incomelossfromcontinuingoperationsperdilutedshare": 0.14,
        "incomelossfromdiscontinuedoperationsnetoftaxperdilutedshare": -0.06,
        "earningspersharediluted": 0.08,
        "incomelossfromcontinuingoperations": 51000000
    }
]