[
    {
        "date": "2024-09-29",
        "symbol": "C",
        "period": "Q3",
        "interestanddividendincomeoperating": 36456000000,
        "interestexpenseoperating": 23094000000,
        "interestincomeexpensenet": 13362000000,
        "investmentbankingadvisorybrokerageandunderwritingfeesandcommissions": 2695000000,
        "principaltransactionsrevenue": 3219000000,
        "administrationandotherfiduciaryfees": 1059000000,
        "realizedinvestmentgainslosses": 7000000,
        "impairmentofinvestmentsandequitymethodinvestmentotherthantemporaryimpairment": -13000000,
        "debtsecuritiesavailableforsaleexcludingaccruedinterestcreditlossexpensereversal": -4000000,
        "otherthantemporaryimpairmentlossesinvestmentsportionrecognizedinearningsnetequitymethodinvestmentotherthantemporaryimpairmentandinvestmentimpairmentmeasurementalternative": 41000000,
        "othernonoperatingincomeexpense": 213000000,
        "noninterestincome": 1000000,
        "revenues": 20315000000,
        "financingreceivableexcludingaccruedinterestcreditlossexpensereversal": 2382000000,
        "debtsecuritiesheldtomaturityexcludingaccruedinterestcreditlossexpensereversal": 50000000,
        "financingreceivableotherassetscreditlossexpensereversal": 110000000,
        "policyholderbenefitsandclaimsincurrednet": 28000000,
        "offbalancesheetcreditlossliabilitycreditlossexpensereversal": 105000000,
        "provisionforcreditlossbenefitsandclaimsexpensereversal": 2675000000,
        "laborandrelatedexpense": 7058000000,
        "occupancynet": 606000000,
        "communicationsandinformationtechnology": 2273000000,
        "marketingandadvertisingexpense": 282000000,
        "restructuringcharges": 9000000,
        "othernoninterestexpense": -62000000,
        "noninterestexpense": 67000000,
        "incomelossfromcontinuingoperationsbeforeincometaxesextraordinaryitemsnoncontrollinginterest": -2000000,
        "incometaxexpensebenefit": -1000000,
        "incomelossfromcontinuingoperationsincludingportionattributabletononcontrollinginterest": 5000000,
        "discontinuedoperationincomelossfromdiscontinuedoperationbeforeincometax": -1000000,
        "incomelossfromdiscontinuedoperationsnetoftax": -1000000,
        "profitloss": 35000000,
        "netincomelossattributabletononcontrollinginterest": 35000000,
        "netincomeloss": 3238000000,
        "incomelossfromcontinuingoperationsperbasicshare": 1.53,
        "earningspersharebasic": 1.53,
        "weightedaveragenumberofsharesoutstandingbasic": 1899900000,
        "incomelossfromcontinuingoperationsperdilutedshare": 1.51,
        "earningspersharediluted": 1.51,
        "weightedaveragenumberofdilutedsharesoutstanding": 1940300000,
        "othercomprehensiveincomeavailableforsalesecuritiesadjustmentnetoftaxportionattributabletoparent": 1335000000,
        "othercomprehensiveincomelossfinancialliabilityfairvalueoptionaftertaxandreclassificationadjustmentattributabletoparent": -150000000,
        "othercomprehensiveincomelosscashflowhedgegainlossafterreclassificationandtaxparent": -144000000,
        "othercomprehensiveincomedefinedbenefitplansadjustmentnetoftaxportionattributabletoparent": -49000000,
        "othercomprehensiveincomeforeigncurrencytransactionandtranslationadjustmentnetoftaxportionattributabletoparent": 416000000,
        "othercomprehensiveincomelossderivativeexcludedcomponentincreasedecreaseafteradjustmentsandtaxparent": -9000000,
        "ociliabilityforfuturepolicybenefitgainlossafterreclassificationadjustmentandtaxparent": -17000000,
        "othercomprehensiveincomelossnetoftaxportionattributabletoparent": 1480000000,
        "comprehensiveincomenetoftax": 4718000000,
        "othercomprehensiveincomelossnetoftaxportionattributabletononcontrollinginterest": 40000000,
        "comprehensiveincomenetoftaxincludingportionattributabletononcontrollinginterest": 4793000000
    },
    {
        "date": "2024-03-30",
        "symbol": "C",
        "period": "Q1",
        "interestanddividendincomeoperating": 36223000000,
        "interestexpense": 22716000000,
        "interestincomeexpensenet": 13507000000,
        "investmentbankingadvisorybrokerageandunderwritingfeesandcommissions": 2724000000,
        "principaltransactionsrevenue": 3274000000,
        "administrationandotherfiduciaryfees": 1037000000,
        "marketablesecuritiesrealizedgainlossexcludingotherthantemporaryimpairments": 115000000,
        "impairmentofinvestmentsandequitymethodinvestmentotherthantemporaryimpairment": 30000000,
        "otherthantemporaryimpairmentlossesinvestmentsportionrecognizedinearningsnetequitymethodinvestmentotherthantemporaryimpairmentandinvestmentimpairmentmeasurementalternative": 30000000,
        "othernonoperatingincomeexpense": 477000000,
        "noninterestincome": 7597000000,
        "revenues": 21104000000,
        "financingreceivableexcludingaccruedinterestcreditlossexpensereversal": 2422000000,
        "debtsecuritiesheldtomaturityexcludingaccruedinterestcreditlossexpensereversal": 10000000,
        "financingreceivableotherassetscreditlossexpensereversal": 4000000,
        "policyholderbenefitsandclaimsincurrednet": 27000000,
        "offbalancesheetcreditlossliabilitycreditlossexpensereversal": -98000000,
        "provisionforcreditlossbenefitsandclaimsexpensereversal": 2365000000,
        "laborandrelatedexpense": 7673000000,
        "occupancynet": 585000000,
        "communicationsandinformationtechnology": 2246000000,
        "marketingandadvertisingexpense": 228000000,
        "restructuringcharges": 225000000,
        "othernoninterestexpense": 3238000000,
        "noninterestexpense": 14195000000,
        "incomelossfromcontinuingoperationsbeforeincometaxesextraordinaryitemsnoncontrollinginterest": 4544000000,
        "incometaxexpensebenefit": 1136000000,
        "incomelossfromcontinuingoperationsincludingportionattributabletononcontrollinginterest": 3408000000,
        "discontinuedoperationincomelossfromdiscontinuedoperationbeforeincometax": -1000000,
        "incomelossfromdiscontinuedoperationsnetoftax": -1000000,
        "profitloss": 3407000000,
        "netincomelossattributabletononcontrollinginterest": 36000000,
        "netincomeloss": 3371000000,
        "incomelossfromcontinuingoperationsperbasicshare": 1.6,
        "earningspersharebasic": 1.59,
        "weightedaveragenumberofsharesoutstandingbasic": 1910400000,
        "incomelossfromcontinuingoperationsperdilutedshare": 1.58,
        "earningspersharediluted": 1.58,
        "weightedaveragenumberofdilutedsharesoutstanding": 1943200000,
        "othercomprehensiveincomeavailableforsalesecuritiesadjustmentnetoftaxportionattributabletoparent": 100000000,
        "othercomprehensiveincomelossfinancialliabilitiesadjustmentexcludingopeningimpactnetoftax": -563000000,
        "othercomprehensiveincomelosscashflowhedgegainlossafterreclassificationandtaxparent": 492000000,
        "othercomprehensiveincomedefinedbenefitplansadjustmentnetoftaxportionattributabletoparent": -77000000,
        "othercomprehensiveincomeforeigncurrencytransactionandtranslationadjustmentnetoftaxportionattributabletoparent": -1054000000,
        "othercomprehensiveincomelossderivativeexcludedcomponentincreasedecreaseafteradjustmentsandtaxparent": -2000000,
        "ociliabilityforfuturepolicybenefitgainlossafterreclassificationadjustmentandtaxparent": 21000000,
        "othercomprehensiveincomelossnetoftaxportionattributabletoparent": -929000000,
        "comprehensiveincomenetoftax": 2442000000,
        "othercomprehensiveincomelossnetoftaxportionattributabletononcontrollinginterest": -13000000,
        "comprehensiveincomenetoftaxincludingportionattributabletononcontrollinginterest": 2465000000
    },
    {
        "date": "2023-09-29",
        "symbol": "C",
        "period": "Q3",
        "interestanddividendincomeoperating": 34837000000,
        "interestexpense": 21009000000,
        "interestincomeexpensenet": 13828000000,
        "investmentbankingadvisorybrokerageandunderwritingfeesandcommissions": 2195000000,
        "principaltransactionsrevenue": 3008000000,
        "administrationandotherfiduciaryfees": 971000000,
        "marketablesecuritiesrealizedgainlossexcludingotherthantemporaryimpairments": 30000000,
        "impairmentofinvestmentsandequitymethodinvestmentotherthantemporaryimpairment": 70000000,
        "debtsecuritiesavailableforsaleexcludingaccruedinterestcreditlossexpensereversal": 1000000,
        "otherthantemporaryimpairmentlossesinvestmentsportionrecognizedinearningsnetequitymethodinvestmentotherthantemporaryimpairmentandinvestmentimpairmentmeasurementalternative": 71000000,
        "othernonoperatingincomeexpense": 178000000,
        "noninterestincome": 6311000000,
        "revenues": 20139000000,
        "financingreceivableexcludingaccruedinterestcreditlossexpensereversal": 1816000000,
        "debtsecuritiesheldtomaturityexcludingaccruedinterestcreditlossexpensereversal": -3000000,
        "financingreceivableotherassetscreditlossexpensereversal": 56000000,
        "policyholderbenefitsandclaimsincurrednet": 25000000,
        "offbalancesheetcreditlossliabilitycreditlossexpensereversal": -54000000,
        "provisionforcreditlossbenefitsandclaimsexpensereversal": 1840000000,
        "laborandrelatedexpense": 7424000000,
        "occupancynet": 620000000,
        "communicationsandinformationtechnology": 2256000000,
        "marketingandadvertisingexpense": 324000000,
        "othernoninterestexpense": 2887000000,
        "noninterestexpense": 13511000000,
        "incomelossfromcontinuingoperationsbeforeincometaxesextraordinaryitemsnoncontrollinginterest": 4788000000,
        "incometaxexpensebenefit": 1203000000,
        "incomelossfromcontinuingoperationsincludingportionattributabletononcontrollinginterest": 3585000000,
        "discontinuedoperationincomelossfromdiscontinuedoperationbeforeincometax": 2000000,
        "incomelossfromdiscontinuedoperationsnetoftax": 2000000,
        "profitloss": 3587000000,
        "netincomelossattributabletononcontrollinginterest": 41000000,
        "netincomeloss": 3546000000,
        "incomelossfromcontinuingoperationsperbasicshare": 1.64,
        "earningspersharebasic": 1.64,
        "weightedaveragenumberofsharesoutstandingbasic": 1924400000,
        "incomelossfromcontinuingoperationsperdilutedshare": 1.63,
        "earningspersharediluted": 1.63,
        "weightedaveragenumberofdilutedsharesoutstanding": 1951700000,
        "othercomprehensiveincomeavailableforsalesecuritiesadjustmentnetoftaxportionattributabletoparent": -169000000,
        "othercomprehensiveincomelossfinancialliabilitiesadjustmentexcludingopeningimpactnetoftax": 299000000,
        "othercomprehensiveincomelosscashflowhedgegainlossafterreclassificationandtaxparent": 731000000,
        "othercomprehensiveincomedefinedbenefitplansadjustmentnetoftaxportionattributabletoparent": -312000000,
        "othercomprehensiveincomeforeigncurrencytransactionandtranslationadjustmentnetoftaxportionattributabletoparent": -1496000000,
        "othercomprehensiveincomelossderivativeexcludedcomponentincreasedecreaseafteradjustmentsandtaxparent": -12000000,
        "ociliabilityforfuturepolicybenefitgainlossafterreclassificationadjustmentandtaxparent": 23000000,
        "othercomprehensiveincomelossnetoftaxportionattributabletoparent": -312000000,
        "comprehensiveincomenetoftax": 3234000000,
        "othercomprehensiveincomelossnetoftaxportionattributabletononcontrollinginterest": -37000000,
        "comprehensiveincomenetoftaxincludingportionattributabletononcontrollinginterest": 3238000000
    },
    {
        "date": "2023-06-29",
        "symbol": "C",
        "period": "Q2",
        "interestanddividendincomeoperating": 32647000000,
        "interestexpense": 18747000000,
        "interestincomeexpensenet": 13900000000,
        "investmentbankingadvisorybrokerageandunderwritingfeesandcommissions": 2132000000,
        "principaltransactionsrevenue": 2528000000,
        "administrationandotherfiduciaryfees": 989000000,
        "marketablesecuritiesrealizedgainlossexcludingotherthantemporaryimpairments": 49000000,
        "impairmentofinvestmentsandequitymethodinvestmentotherthantemporaryimpairment": 71000000,
        "debtsecuritiesavailableforsaleexcludingaccruedinterestcreditlossexpensereversal": -1000000,
        "otherthantemporaryimpairmentlossesinvestmentsportionrecognizedinearningsnetequitymethodinvestmentotherthantemporaryimpairmentandinvestmentimpairmentmeasurementalternative": 70000000,
        "othernonoperatingincomeexpense": -92000000,
        "noninterestincome": 5536000000,
        "revenues": 19436000000,
        "financingreceivableexcludingaccruedinterestcreditlossexpensereversal": 1761000000,
        "debtsecuritiesheldtomaturityexcludingaccruedinterestcreditlossexpensereversal": -4000000,
        "financingreceivableotherassetscreditlossexpensereversal": 149000000,
        "policyholderbenefitsandclaimsincurrednet": 14000000,
        "offbalancesheetcreditlossliabilitycreditlossexpensereversal": -96000000,
        "provisionforcreditlossbenefitsandclaimsexpensereversal": 1824000000,
        "laborandrelatedexpense": 7388000000,
        "occupancynet": 595000000,
        "communicationsandinformationtechnology": 2309000000,
        "marketingandadvertisingexpense": 361000000,
        "othernoninterestexpense": 2917000000,
        "noninterestexpense": 13570000000,
        "incomelossfromcontinuingoperationsbeforeincometaxesextraordinaryitemsnoncontrollinginterest": 4042000000,
        "incometaxexpensebenefit": 1090000000,
        "incomelossfromcontinuingoperationsincludingportionattributabletononcontrollinginterest": 2952000000,
        "discontinuedoperationincomelossfromdiscontinuedoperationbeforeincometax": -1000000,
        "incomelossfromdiscontinuedoperationsnetoftax": -1000000,
        "profitloss": 2951000000,
        "netincomelossattributabletononcontrollinginterest": 36000000,
        "netincomeloss": 2915000000,
        "incomelossfromcontinuingoperationsperbasicshare": 1.34,
        "earningspersharebasic": 1.34,
        "weightedaveragenumberofsharesoutstandingbasic": 1942800000,
        "incomelossfromcontinuingoperationsperdilutedshare": 1.33,
        "earningspersharediluted": 1.33,
        "weightedaveragenumberofdilutedsharesoutstanding": 1968600000,
        "othercomprehensiveincomeavailableforsalesecuritiesadjustmentnetoftaxportionattributabletoparent": 126000000,
        "othercomprehensiveincomelossfinancialliabilitiesadjustmentexcludingopeningimpactnetoftax": -619000000,
        "othercomprehensiveincomelosscashflowhedgegainlossafterreclassificationandtaxparent": 171000000,
        "othercomprehensiveincomedefinedbenefitplansadjustmentnetoftaxportionattributabletoparent": 136000000,
        "othercomprehensiveincomeforeigncurrencytransactionandtranslationadjustmentnetoftaxportionattributabletoparent": 23000000,
        "othercomprehensiveincomelossderivativeexcludedcomponentincreasedecreaseafteradjustmentsandtaxparent": 17000000,
        "ociliabilityforfuturepolicybenefitgainlossafterreclassificationadjustmentandtaxparent": -6000000,
        "othercomprehensiveincomelossnetoftaxportionattributabletoparent": -424000000,
        "comprehensiveincomenetoftax": 2491000000,
        "othercomprehensiveincomelossnetoftaxportionattributabletononcontrollinginterest": 14000000,
        "comprehensiveincomenetoftaxincludingportionattributabletononcontrollinginterest": 2541000000
    },
    {
        "date": "2022-09-29",
        "symbol": "C",
        "period": "Q3",
        "interestanddividendincomeoperating": 19919000000,
        "interestexpense": 7356000000,
        "interestincomeexpensenet": 12563000000,
        "investmentbankingadvisorybrokerageandunderwritingfeesandcommissions": 2139000000,
        "principaltransactionsrevenue": 2625000000,
        "administrationandotherfiduciaryfees": 915000000,
        "marketablesecuritiesrealizedgainlossexcludingotherthantemporaryimpairments": 52000000,
        "impairmentofinvestmentsandequitymethodinvestmentotherthantemporaryimpairment": 91000000,
        "otherthantemporaryimpairmentlossesinvestmentsportionrecognizedinearningsnetequitymethodinvestmentotherthantemporaryimpairmentandinvestmentimpairmentmeasurementalternative": 86000000,
        "othernonoperatingincomeexpense": 300000000,
        "noninterestincome": 5945000000,
        "revenues": 18508000000,
        "provisionforloanlossesexpensed": 1328000000,
        "debtsecuritiesheldtomaturitycreditlossexpensereversal": 10000000,
        "financingreceivableotherassetscreditlossexpensereversal": 73000000,
        "policyholderbenefitsandclaimsincurrednet": 25000000,
        "offbalancesheetcreditlossliabilitycreditlossexpensereversal": -71000000,
        "provisionforcreditlossbenefitsandclaimsexpensereversal": 1365000000,
        "laborandrelatedexpense": 6745000000,
        "occupancynet": 557000000,
        "communicationsandinformationtechnology": 2145000000,
        "marketingandadvertisingexpense": 407000000,
        "othernoninterestexpense": 2895000000,
        "noninterestexpense": 12749000000,
        "incomelossfromcontinuingoperationsbeforeincometaxesextraordinaryitemsnoncontrollinginterest": 4394000000,
        "incometaxexpensebenefit": 879000000,
        "incomelossfromcontinuingoperationsincludingportionattributabletononcontrollinginterest": 3515000000,
        "discontinuedoperationincomelossfromdiscontinuedoperationbeforeincometax": -6000000,
        "incomelossfromdiscontinuedoperationsnetoftax": -6000000,
        "profitloss": 3509000000,
        "netincomelossattributabletononcontrollinginterest": 30000000,
        "netincomeloss": 3479000000,
        "incomelossfromcontinuingoperationsperbasicshare": 1.6400000000000006,
        "earningspersharebasic": 1.6400000000000001,
        "weightedaveragenumberofsharesoutstandingbasic": -1963200000,
        "incomelossfromcontinuingoperationsperdilutedshare": 1.6300000000000003,
        "earningspersharediluted": 1.63,
        "weightedaveragenumberofdilutedsharesoutstanding": -1979200000,
        "othercomprehensiveincomeavailableforsalesecuritiesadjustmentnetoftaxportionattributabletoparent": -580000000,
        "othercomprehensiveincomelossfinancialliabilitiesadjustmentexcludingopeningimpactnetoftax": 872000000,
        "othercomprehensiveincomelosscashflowhedgegainlossafterreclassificationandtaxparent": -763000000,
        "othercomprehensiveincomedefinedbenefitplansadjustmentnetoftaxportionattributabletoparent": -37000000,
        "othercomprehensiveincomeforeigncurrencytransactionandtranslationadjustmentnetoftaxportionattributabletoparent": -2399000000,
        "othercomprehensiveincomelossderivativeexcludedcomponentincreasedecreaseafteradjustmentsandtaxparent": 30000000,
        "othercomprehensiveincomelossnetoftaxportionattributabletoparent": -2803000000,
        "comprehensiveincomenetoftax": 676000000,
        "othercomprehensiveincomelossnetoftaxportionattributabletononcontrollinginterest": -44000000,
        "comprehensiveincomenetoftaxincludingportionattributabletononcontrollinginterest": 662000000
    },
    {
        "date": "2022-06-29",
        "symbol": "C",
        "period": "Q2",
        "interestanddividendincomeoperating": 15630000000,
        "interestexpense": 3666000000,
        "interestincomeexpensenet": 11964000000,
        "investmentbankingadvisorybrokerageandunderwritingfeesandcommissions": 2452000000,
        "principaltransactionsrevenue": 4525000000,
        "administrationandotherfiduciaryfees": 1023000000,
        "marketablesecuritiesrealizedgainlossexcludingotherthantemporaryimpairments": -58000000,
        "impairmentofinvestmentsandequitymethodinvestmentotherthantemporaryimpairment": 96000000,
        "debtsecuritiesavailableforsalecreditlossexpensereversal": -2000000,
        "otherthantemporaryimpairmentlossesinvestmentsportionrecognizedinearningsnetequitymethodinvestmentotherthantemporaryimpairmentandinvestmentimpairmentmeasurementalternative": 94000000,
        "othernonoperatingincomeexpense": -174000000,
        "noninterestincome": 7674000000,
        "revenues": 19638000000,
        "provisionforloanlossesexpensed": 1384000000,
        "debtsecuritiesheldtomaturitycreditlossexpensereversal": 20000000,
        "financingreceivableotherassetscreditlossexpensereversal": 7000000,
        "policyholderbenefitsandclaimsincurrednet": 22000000,
        "offbalancesheetcreditlossliabilitycreditlossexpensereversal": -159000000,
        "provisionforcreditlossbenefitsandclaimsexpensereversal": 1274000000,
        "laborandrelatedexpense": 6472000000,
        "occupancynet": 619000000,
        "communicationsandinformationtechnology": 2068000000,
        "marketingandadvertisingexpense": 414000000,
        "othernoninterestexpense": 2820000000,
        "noninterestexpense": 12393000000,
        "incomelossfromcontinuingoperationsbeforeincometaxesextraordinaryitemsnoncontrollinginterest": 5971000000,
        "incometaxexpensebenefit": 1182000000,
        "incomelossfromcontinuingoperationsincludingportionattributabletononcontrollinginterest": 4789000000,
        "discontinuedoperationincomelossfromdiscontinuedoperationbeforeincometax": -262000000,
        "discontinuedoperationtaxeffectofdiscontinuedoperation": -41000000,
        "incomelossfromdiscontinuedoperationsnetoftax": -221000000,
        "profitloss": 4568000000,
        "netincomelossattributabletononcontrollinginterest": 21000000,
        "netincomeloss": 4547000000,
        "incomelossfromcontinuingoperationsperbasicshare": 2.32,
        "incomelossfromdiscontinuedoperationsnetoftaxperbasicshare": -0.11,
        "earningspersharebasic": 2.2,
        "weightedaveragenumberofsharesoutstandingbasic": 1941500000,
        "incomelossfromcontinuingoperationsperdilutedshare": 2.3,
        "incomelossfromdiscontinuedoperationsnetoftaxperdilutedshare": -0.11,
        "earningspersharediluted": 2.19,
        "weightedaveragenumberofdilutedsharesoutstanding": 1958100000,
        "othercomprehensiveincomeavailableforsalesecuritiesadjustmentnetoftaxportionattributabletoparent": -1501000000,
        "othercomprehensiveincomelossfinancialliabilitiesadjustmentexcludingopeningimpactnetoftax": 1967000000,
        "othercomprehensiveincomelosscashflowhedgegainlossafterreclassificationandtaxparent": -666000000,
        "othercomprehensiveincomedefinedbenefitplansadjustmentnetoftaxportionattributabletoparent": 89000000,
        "othercomprehensiveincomeforeigncurrencytransactionandtranslationadjustmentnetoftaxportionattributabletoparent": -1630000000,
        "othercomprehensiveincomelossderivativeexcludedcomponentincreasedecreaseafteradjustmentsandtaxparent": 9000000,
        "othercomprehensiveincomelossnetoftaxportionattributabletoparent": -1910000000,
        "comprehensiveincomenetoftax": 2637000000,
        "othercomprehensiveincomelossnetoftaxportionattributabletononcontrollinginterest": -53000000,
        "comprehensiveincomenetoftaxincludingportionattributabletononcontrollinginterest": 2605000000
    },
    {
        "date": "2022-03-30",
        "symbol": "C",
        "period": "Q1",
        "interestanddividendincomeoperating": 13151000000,
        "interestexpense": 2280000000,
        "interestincomeexpensenet": 10871000000,
        "investmentbankingadvisorybrokerageandunderwritingfeesandcommissions": 2568000000,
        "principaltransactionsrevenue": 4590000000,
        "administrationandotherfiduciaryfees": 966000000,
        "marketablesecuritiesrealizedgainlossexcludingotherthantemporaryimpairments": 80000000,
        "impairmentofinvestmentsandequitymethodinvestmentotherthantemporaryimpairment": 90000000,
        "otherthantemporaryimpairmentlossesinvestmentsportionrecognizedinearningsnetequitymethodinvestmentotherthantemporaryimpairmentandinvestmentimpairmentmeasurementalternative": 90000000,
        "othernonoperatingincomeexpense": 201000000,
        "noninterestincome": 8315000000,
        "revenues": 19186000000,
        "provisionforloanlossesexpensed": 260000000,
        "debtsecuritiesheldtomaturitycreditlossexpensereversal": -2000000,
        "financingreceivableotherassetscreditlossexpensereversal": -4000000,
        "policyholderbenefitsandclaimsincurrednet": 27000000,
        "offbalancesheetcreditlossliabilitycreditlossexpensereversal": 474000000,
        "provisionforcreditlossbenefitsandclaimsexpensereversal": 755000000,
        "laborandrelatedexpense": 6820000000,
        "occupancynet": 543000000,
        "communicationsandinformationtechnology": 2016000000,
        "marketingandadvertisingexpense": 311000000,
        "othernoninterestexpense": 3475000000,
        "noninterestexpense": 13165000000,
        "incomelossfromcontinuingoperationsbeforeincometaxesextraordinaryitemsnoncontrollinginterest": 5266000000,
        "incometaxexpensebenefit": 941000000,
        "incomelossfromcontinuingoperationsincludingportionattributabletononcontrollinginterest": 4325000000,
        "discontinuedoperationincomelossfromdiscontinuedoperationbeforeincometax": -2000000,
        "incomelossfromdiscontinuedoperationsnetoftax": -2000000,
        "profitloss": 4323000000,
        "netincomelossattributabletononcontrollinginterest": 17000000,
        "netincomeloss": 4306000000,
        "incomelossfromcontinuingoperationsperbasicshare": 2.03,
        "earningspersharebasic": 2.03,
        "weightedaveragenumberofsharesoutstandingbasic": 1971700000,
        "incomelossfromcontinuingoperationsperdilutedshare": 2.02,
        "earningspersharediluted": 2.02,
        "weightedaveragenumberofdilutedsharesoutstanding": 1988200000,
        "othercomprehensiveincomeavailableforsalesecuritiesadjustmentnetoftaxportionattributabletoparent": -4277000000,
        "othercomprehensiveincomelossfinancialliabilitiesadjustmentexcludingopeningimpactnetoftax": 793000000,
        "othercomprehensiveincomelosscashflowhedgegainlossafterreclassificationandtaxparent": -1541000000,
        "othercomprehensiveincomedefinedbenefitplansadjustmentnetoftaxportionattributabletoparent": -171000000,
        "othercomprehensiveincomeforeigncurrencytransactionandtranslationadjustmentnetoftaxportionattributabletoparent": -14000000,
        "othercomprehensiveincomelossderivativeexcludedcomponentincreasedecreaseafteradjustmentsandtaxparent": 48000000,
        "othercomprehensiveincomelossnetoftaxportionattributabletoparent": -4820000000,
        "comprehensiveincomenetoftax": -514000000,
        "othercomprehensiveincomelossnetoftaxportionattributabletononcontrollinginterest": -29000000,
        "comprehensiveincomenetoftaxincludingportionattributabletononcontrollinginterest": -526000000
    },
    {
        "date": "2021-09-29",
        "symbol": "C",
        "period": "Q3",
        "interestanddividendincomeoperating": 12650000000,
        "interestexpense": 2252000000,
        "interestincomeexpensenet": 10398000000,
        "investmentbankingadvisorybrokerageandunderwritingfeesandcommissions": 3399000000,
        "principaltransactionsrevenue": 2233000000,
        "administrationandotherfiduciaryfees": 1007000000,
        "marketablesecuritiesrealizedgainlossexcludingotherthantemporaryimpairments": 117000000,
        "impairmentofinvestmentsandequitymethodinvestmentotherthantemporaryimpairment": 30000000,
        "debtsecuritiesavailableforsalechangeinpresentvalueexpensereversal": 1000000,
        "otherthantemporaryimpairmentlossesinvestmentsportionrecognizedinearningsnetequitymethodinvestmentotherthantemporaryimpairmentandinvestmentimpairmentmeasurementalternative": 31000000,
        "othernonoperatingincomeexpense": 31000000,
        "noninterestincome": 6756000000,
        "revenues": 17154000000,
        "provisionforloanlossesexpensed": -188000000,
        "debtsecuritiesheldtomaturitycreditlossexpensereversal": -10000000,
        "financingreceivableotherassetscreditlossexpensereversal": -3000000,
        "policyholderbenefitsandclaimsincurrednet": 22000000,
        "offbalancesheetcreditlossliabilitycreditlossexpensereversal": -13000000,
        "provisionforcreditlossbenefitsandclaimsexpensereversal": -192000000,
        "laborandrelatedexpense": 6058000000,
        "occupancynet": 560000000,
        "communicationsandinformationtechnology": 1997000000,
        "marketingandadvertisingexpense": 402000000,
        "othernoninterestexpense": 2467000000,
        "noninterestexpense": 11484000000,
        "incomelossfromcontinuingoperationsbeforeincometaxesextraordinaryitemsnoncontrollinginterest": 5862000000,
        "incometaxexpensebenefit": 1193000000,
        "incomelossfromcontinuingoperationsincludingportionattributabletononcontrollinginterest": 4669000000,
        "discontinuedoperationincomelossfromdiscontinuedoperationbeforeincometax": -1000000,
        "incomelossfromdiscontinuedoperationsnetoftax": -1000000,
        "profitloss": 4668000000,
        "netincomelossattributabletononcontrollinginterest": 24000000,
        "netincomeloss": 4644000000,
        "incomelossfromcontinuingoperationsperbasicshare": 2.17,
        "earningspersharebasic": 2.17,
        "weightedaveragenumberofsharesoutstandingbasic": 2009300000,
        "incomelossfromcontinuingoperationsperdilutedshare": 2.15,
        "earningspersharediluted": 2.15,
        "weightedaveragenumberofdilutedsharesoutstanding": 2026200000,
        "othercomprehensiveincomeavailableforsalesecuritiesadjustmentnetoftaxportionattributabletoparent": -279000000,
        "othercomprehensiveincomelossfinancialliabilitiesadjustmentexcludingopeningimpactnetoftax": -82000000,
        "othercomprehensiveincomelosscashflowhedgegainlossafterreclassificationandtaxparent": -201000000,
        "othercomprehensiveincomedefinedbenefitplansadjustmentnetoftaxportionattributabletoparent": -135000000,
        "othercomprehensiveincomeforeigncurrencytransactionandtranslationadjustmentnetoftaxportionattributabletoparent": -1312000000,
        "othercomprehensiveincomelossderivativeexcludedcomponentincreasedecreaseafteradjustmentsandtaxparent": 8000000,
        "othercomprehensiveincomelossnetoftaxportionattributabletoparent": -1731000000,
        "comprehensiveincomenetoftax": 2913000000,
        "othercomprehensiveincomelossnetoftaxportionattributabletononcontrollinginterest": -31000000,
        "comprehensiveincomenetoftaxincludingportionattributabletononcontrollinginterest": 2906000000
    },
    {
        "date": "2021-06-29",
        "symbol": "C",
        "period": "Q2",
        "interestanddividendincomeoperating": 12463000000,
        "interestexpense": 2264000000,
        "interestincomeexpensenet": 10199000000,
        "investmentbankingadvisorybrokerageandunderwritingfeesandcommissions": 3374000000,
        "principaltransactionsrevenue": 2304000000,
        "administrationandotherfiduciaryfees": 1022000000,
        "marketablesecuritiesrealizedgainlossexcludingotherthantemporaryimpairments": 137000000,
        "impairmentofinvestmentsandequitymethodinvestmentotherthantemporaryimpairment": 13000000,
        "otherthantemporaryimpairmentlossesinvestmentsportionrecognizedinearningsnetequitymethodinvestmentotherthantemporaryimpairmentandinvestmentimpairmentmeasurementalternative": 13000000,
        "othernonoperatingincomeexpense": 451000000,
        "noninterestincome": 7275000000,
        "revenues": 17474000000,
        "provisionforloanlossesexpensed": -1126000000,
        "debtsecuritiesheldtomaturitycreditlossexpensereversal": 4000000,
        "financingreceivableotherassetscreditlossexpensereversal": -3000000,
        "policyholderbenefitsandclaimsincurrednet": 15000000,
        "offbalancesheetcreditlossliabilitycreditlossexpensereversal": 44000000,
        "provisionforcreditlossbenefitsandclaimsexpensereversal": -1066000000,
        "laborandrelatedexpense": 5982000000,
        "occupancynet": 558000000,
        "communicationsandinformationtechnology": 1895000000,
        "marketingandadvertisingexpense": 340000000,
        "othernoninterestexpense": 2417000000,
        "noninterestexpense": 11192000000,
        "incomelossfromcontinuingoperationsbeforeincometaxesextraordinaryitemsnoncontrollinginterest": 7348000000,
        "incometaxexpensebenefit": 1155000000,
        "incomelossfromcontinuingoperationsincludingportionattributabletononcontrollinginterest": 6193000000,
        "discontinuedoperationincomelossfromdiscontinuedoperationbeforeincometax": 10000000,
        "incomelossfromdiscontinuedoperationsnetoftax": 10000000,
        "profitloss": 6203000000,
        "netincomelossattributabletononcontrollinginterest": 10000000,
        "netincomeloss": 6193000000,
        "incomelossfromcontinuingoperationsperbasicshare": 2.86,
        "earningspersharebasic": 2.87,
        "weightedaveragenumberofsharesoutstandingbasic": 2056500000,
        "incomelossfromcontinuingoperationsperdilutedshare": 2.84,
        "earningspersharediluted": 2.85,
        "weightedaveragenumberofdilutedsharesoutstanding": 2073000000,
        "othercomprehensiveincomeavailableforsalesecuritiesadjustmentnetoftaxportionattributabletoparent": -474000000,
        "othercomprehensiveincomelossfinancialliabilitiesadjustmentexcludingopeningimpactnetoftax": -62000000,
        "othercomprehensiveincomelosscashflowhedgegainlossafterreclassificationandtaxparent": -173000000,
        "othercomprehensiveincomedefinedbenefitplansadjustmentnetoftaxportionattributabletoparent": -87000000,
        "othercomprehensiveincomeforeigncurrencytransactionandtranslationadjustmentnetoftaxportionattributabletoparent": 523000000,
        "othercomprehensiveincomelossderivativeexcludedcomponentincreasedecreaseafteradjustmentsandtaxparent": -10000000,
        "othercomprehensiveincomelossnetoftaxportionattributabletoparent": -109000000,
        "comprehensiveincomenetoftax": 6084000000,
        "othercomprehensiveincomelossnetoftaxportionattributabletononcontrollinginterest": 18000000,
        "comprehensiveincomenetoftaxincludingportionattributabletononcontrollinginterest": 6112000000
    },
    {
        "date": "2021-03-30",
        "symbol": "C",
        "period": "Q1",
        "interestanddividendincomeoperating": 12534000000,
        "interestexpense": 2368000000,
        "interestincomeexpensenet": 10166000000,
        "investmentbankingadvisorybrokerageandunderwritingfeesandcommissions": 3670000000,
        "principaltransactionsrevenue": 3913000000,
        "administrationandotherfiduciaryfees": 961000000,
        "marketablesecuritiesrealizedgainlossexcludingotherthantemporaryimpairments": 401000000,
        "impairmentofinvestmentsandequitymethodinvestmentotherthantemporaryimpairment": 69000000,
        "otherthantemporaryimpairmentlossesinvestmentsportionrecognizedinearningsnetequitymethodinvestmentotherthantemporaryimpairmentandinvestmentimpairmentmeasurementalternative": 69000000,
        "othernonoperatingincomeexpense": 285000000,
        "noninterestincome": 9161000000,
        "revenues": 19327000000,
        "provisionforloanlossesexpensed": -1479000000,
        "debtsecuritiesheldtomaturitycreditlossexpensereversal": -11000000,
        "financingreceivableotherassetscreditlossexpensereversal": 9000000,
        "policyholderbenefitsandclaimsincurrednet": 52000000,
        "offbalancesheetcreditlossliabilitycreditlossexpensereversal": -626000000,
        "provisionforcreditlossbenefitsandclaimsexpensereversal": -2055000000,
        "laborandrelatedexpense": 6001000000,
        "occupancynet": 576000000,
        "communicationsandinformationtechnology": 1852000000,
        "marketingandadvertisingexpense": 270000000,
        "othernoninterestexpense": 2374000000,
        "noninterestexpense": 11073000000,
        "incomelossfromcontinuingoperationsbeforeincometaxesextraordinaryitemsnoncontrollinginterest": 10309000000,
        "incometaxexpensebenefit": 2332000000,
        "incomelossfromcontinuingoperationsincludingportionattributabletononcontrollinginterest": 7977000000,
        "discontinuedoperationincomelossfromdiscontinuedoperationbeforeincometax": -2000000,
        "incomelossfromdiscontinuedoperationsnetoftax": -2000000,
        "profitloss": 7975000000,
        "netincomelossattributabletononcontrollinginterest": 33000000,
        "netincomeloss": 7942000000,
        "incomelossfromcontinuingoperationsperbasicshare": 3.64,
        "earningspersharebasic": 3.64,
        "weightedaveragenumberofsharesoutstandingbasic": 2082000000,
        "incomelossfromcontinuingoperationsperdilutedshare": 3.62,
        "earningspersharediluted": 3.62,
        "weightedaveragenumberofdilutedsharesoutstanding": 2096600000,
        "othercomprehensiveincomeavailableforsalesecuritiesadjustmentnetoftaxportionattributabletoparent": -1785000000,
        "othercomprehensiveincomelossfinancialliabilitiesadjustmentexcludingopeningimpactnetoftax": -42000000,
        "othercomprehensiveincomelosscashflowhedgegainlossafterreclassificationandtaxparent": -556000000,
        "othercomprehensiveincomedefinedbenefitplansadjustmentnetoftaxportionattributabletoparent": -714000000,
        "othercomprehensiveincomeforeigncurrencytransactionandtranslationadjustmentnetoftaxportionattributabletoparent": -1274000000,
        "othercomprehensiveincomelossderivativeexcludedcomponentincreasedecreaseafteradjustmentsandtaxparent": -10000000,
        "othercomprehensiveincomelossnetoftaxportionattributabletoparent": -2953000000,
        "comprehensiveincomenetoftax": 4989000000,
        "othercomprehensiveincomelossnetoftaxportionattributabletononcontrollinginterest": -58000000,
        "comprehensiveincomenetoftaxincludingportionattributabletononcontrollinginterest": 4964000000
    },
    {
        "date": "2020-09-29",
        "symbol": "C",
        "period": "Q3",
        "interestanddividendincomeoperating": 13314000000,
        "interestexpense": 2821000000,
        "interestincomeexpensenet": 10493000000,
        "investmentbankingadvisorybrokerageandunderwritingfeesandcommissions": 2753000000,
        "principaltransactionsrevenue": 2508000000,
        "administrationandotherfiduciaryfees": 892000000,
        "marketablesecuritiesrealizedgainlossexcludingotherthantemporaryimpairments": 304000000,
        "impairmentofinvestmentsandequitymethodinvestmentotherthantemporaryimpairment": 30000000,
        "otherthantemporaryimpairmentlossesinvestmentsportionrecognizedinearningsnetequitymethodinvestmentotherthantemporaryimpairmentandinvestmentimpairmentmeasurementalternative": 26000000,
        "othernonoperatingincomeexpense": 378000000,
        "noninterestincome": 6809000000,
        "revenues": 17302000000,
        "provisionforloanlossesexpensed": 1809000000,
        "debtsecuritiesheldtomaturitycreditlossexpensereversal": -16000000,
        "financingreceivableotherassetscreditlossexpensereversal": -13000000,
        "policyholderbenefitsandclaimsincurrednet": 58000000,
        "offbalancesheetcreditlossliabilitycreditlossexpensereversal": 424000000,
        "costofrevenue": 2262000000,
        "laborandrelatedexpense": 5595000000,
        "occupancynet": 575000000,
        "communicationsandinformationtechnology": 1891000000,
        "marketingandadvertisingexpense": 238000000,
        "othernoninterestexpense": 2665000000,
        "noninterestexpense": 10964000000,
        "incomelossfromcontinuingoperationsbeforeincometaxesextraordinaryitemsnoncontrollinginterest": 4076000000,
        "incometaxexpensebenefit": 815000000,
        "incomelossfromcontinuingoperationsincludingportionattributabletononcontrollinginterest": 3261000000,
        "discontinuedoperationincomelossfromdiscontinuedoperationbeforeincometax": -7000000,
        "incomelossfromdiscontinuedoperationsnetoftax": -7000000,
        "profitloss": 3254000000,
        "netincomeloss": 3230000000,
        "incomelossfromcontinuingoperationsperbasicshare": 1.4099999999999997,
        "earningspersharebasic": 1.41,
        "weightedaveragenumberofsharesoutstandingbasic": -2700000,
        "incomelossfromcontinuingoperationsperdilutedshare": 1.4,
        "earningspersharediluted": 1.4000000000000001,
        "weightedaveragenumberofdilutedsharesoutstanding": -2900000,
        "othercomprehensiveincomeavailableforsalesecuritiesadjustmentnetoftaxportionattributabletoparent": -282000000,
        "othercomprehensiveincomelossfinancialliabilitiesadjustmentexcludingopeningimpactnetoftax": -307000000,
        "othercomprehensiveincomelosscashflowhedgegainlossafterreclassificationandtaxparent": -235000000,
        "othercomprehensiveincomedefinedbenefitplansadjustmentnetoftaxportionattributabletoparent": -246000000,
        "othercomprehensiveincomeforeigncurrencytransactionandtranslationadjustmentnetoftaxportionattributabletoparent": 897000000,
        "othercomprehensiveincomelossderivativeexcludedcomponentincreasedecreaseafteradjustmentsandtaxparent": -39000000,
        "othercomprehensiveincomelossnetoftaxportionattributabletoparent": 280000000,
        "comprehensiveincomenetoftax": 3510000000,
        "othercomprehensiveincomelossnetoftaxportionattributabletononcontrollinginterest": 19000000,
        "comprehensiveincomenetoftaxincludingportionattributabletononcontrollinginterest": 3553000000
    },
    {
        "date": "2020-06-29",
        "symbol": "C",
        "period": "Q2",
        "interestanddividendincomeoperating": 14589000000,
        "interestexpense": 3509000000,
        "interestincomeexpensenet": 11080000000,
        "investmentbankingadvisorybrokerageandunderwritingfeesandcommissions": 2933000000,
        "principaltransactionsrevenue": 4157000000,
        "administrationandotherfiduciaryfees": 819000000,
        "marketablesecuritiesrealizedgainlossexcludingotherthantemporaryimpairments": 748000000,
        "impairmentofinvestmentsandequitymethodinvestmentotherthantemporaryimpairment": 69000000,
        "otherthantemporaryimpairmentlossesinvestmentsportionrecognizedinearningsnetequitymethodinvestmentotherthantemporaryimpairmentandinvestmentimpairmentmeasurementalternative": 77000000,
        "othernonoperatingincomeexpense": 106000000,
        "noninterestincome": 8686000000,
        "revenues": 19766000000,
        "provisionforloanlossesexpensed": 7696000000,
        "debtsecuritiesheldtomaturitycreditlossexpensereversal": 31000000,
        "financingreceivableotherassetscreditlossexpensereversal": 48000000,
        "policyholderbenefitsandclaimsincurrednet": 15000000,
        "offbalancesheetcreditlossliabilitycreditlossexpensereversal": 113000000,
        "costofrevenue": 7903000000,
        "laborandrelatedexpense": 5624000000,
        "occupancynet": 562000000,
        "communicationsandinformationtechnology": 1741000000,
        "marketingandadvertisingexpense": 299000000,
        "othernoninterestexpense": 2189000000,
        "noninterestexpense": 10415000000,
        "incomelossfromcontinuingoperationsbeforeincometaxesextraordinaryitemsnoncontrollinginterest": 1448000000,
        "incometaxexpensebenefit": 131000000,
        "incomelossfromcontinuingoperationsincludingportionattributabletononcontrollinginterest": 1317000000,
        "discontinuedoperationincomelossfromdiscontinuedoperationbeforeincometax": -1000000,
        "incomelossfromdiscontinuedoperationsnetoftax": -1000000,
        "profitloss": 1316000000,
        "netincomelossattributabletononcontrollinginterest": 0,
        "netincomeloss": 1316000000,
        "incomelossfromcontinuingoperationsperbasicshare": 0.51,
        "incomelossfromdiscontinuedoperationsnetoftaxperbasicshare": 0,
        "earningspersharebasic": 0.51,
        "weightedaveragenumberofsharesoutstandingbasic": -8100000,
        "incomelossfromcontinuingoperationsperdilutedshare": 0.51,
        "incomelossfromdiscontinuedoperationsnetoftaxperdilutedshare": 0,
        "earningspersharediluted": 0.51,
        "weightedaveragenumberofdilutedsharesoutstanding": -10700000,
        "othercomprehensiveincomeavailableforsalesecuritiesadjustmentnetoftaxportionattributabletoparent": 837000000,
        "othercomprehensiveincomelossfinancialliabilitiesadjustmentexcludingopeningimpactnetoftax": -2232000000,
        "othercomprehensiveincomelosscashflowhedgegainlossafterreclassificationandtaxparent": 74000000,
        "othercomprehensiveincomedefinedbenefitplansadjustmentnetoftaxportionattributabletoparent": 77000000,
        "othercomprehensiveincomeforeigncurrencytransactionandtranslationadjustmentnetoftaxportionattributabletoparent": 561000000,
        "othercomprehensiveincomelossderivativeexcludedcomponentincreasedecreaseafteradjustmentsandtaxparent": 13000000,
        "othercomprehensiveincomelossnetoftaxportionattributabletoparent": -824000000,
        "comprehensiveincomenetoftax": 492000000,
        "othercomprehensiveincomelossnetoftaxportionattributabletononcontrollinginterest": 39000000,
        "comprehensiveincomenetoftaxincludingportionattributabletononcontrollinginterest": 531000000
    },
    {
        "date": "2020-03-30",
        "symbol": "C",
        "period": "Q1",
        "netincomeloss": 2522000000,
        "othercomprehensiveincomeavailableforsalesecuritiesadjustmentnetoftaxportionattributabletoparent": 3128000000,
        "othercomprehensiveincomelossfinancialliabilitiesadjustmentexcludingopeningimpactnetoftax": 3140000000,
        "othercomprehensiveincomelosscashflowhedgegainlossafterreclassificationandtaxparent": 1897000000,
        "othercomprehensiveincomedefinedbenefitplansadjustmentnetoftaxportionattributabletoparent": 286000000,
        "othercomprehensiveincomeforeigncurrencytransactionandtranslationadjustmentnetoftaxportionattributabletoparent": -4109000000,
        "othercomprehensiveincomelossderivativeexcludedcomponentincreasedecreaseafteradjustmentsandtaxparent": 27000000,
        "othercomprehensiveincomelossnetoftaxportionattributabletoparent": 3797000000,
        "comprehensiveincomenetoftax": 6319000000,
        "othercomprehensiveincomelossnetoftaxportionattributabletononcontrollinginterest": -51000000,
        "netincomelossattributabletononcontrollinginterest": -6000000,
        "comprehensiveincomenetoftaxincludingportionattributabletononcontrollinginterest": 6262000000,
        "interestanddividendincomeoperating": 17139000000,
        "interestexpense": 5647000000,
        "interestincomeexpensenet": 11492000000,
        "investmentbankingadvisorybrokerageandunderwritingfeesandcommissions": 3021000000,
        "principaltransactionsrevenue": 5261000000,
        "administrationandotherfiduciaryfees": 854000000,
        "marketablesecuritiesrealizedgainlossexcludingotherthantemporaryimpairments": 432000000,
        "impairmentofinvestmentsandequitymethodinvestmentotherthantemporaryimpairment": 55000000,
        "otherthantemporaryimpairmentlossesinvestmentsportionrecognizedinearningsnetequitymethodinvestmentotherthantemporaryimpairmentandinvestmentimpairmentmeasurementalternative": 55000000,
        "othernonoperatingincomeexpense": -274000000,
        "noninterestincome": 9239000000,
        "revenues": 20731000000,
        "provisionforloanlossesexpensed": 6444000000,
        "debtsecuritiesheldtomaturitycreditlossexpensereversal": 6000000,
        "financingreceivableotherassetscreditlossexpensereversal": -4000000,
        "policyholderbenefitsandclaimsincurrednet": 24000000,
        "offbalancesheetcreditlossliabilitycreditlossexpensereversal": 557000000,
        "costofrevenue": 7027000000,
        "laborandrelatedexpense": 5654000000,
        "occupancynet": 565000000,
        "communicationsandinformationtechnology": 1723000000,
        "marketingandadvertisingexpense": 328000000,
        "othernoninterestexpense": 2324000000,
        "noninterestexpense": 10594000000,
        "incomelossfromcontinuingoperationsbeforeincometaxesextraordinaryitemsnoncontrollinginterest": 3110000000,
        "incometaxexpensebenefit": 576000000,
        "incomelossfromcontinuingoperationsincludingportionattributabletononcontrollinginterest": 2534000000,
        "discontinuedoperationincomelossfromdiscontinuedoperationbeforeincometax": -18000000,
        "incomelossfromdiscontinuedoperationsnetoftax": -18000000,
        "profitloss": 2516000000,
        "incomelossfromcontinuingoperationsperbasicshare": 1.06,
        "incomelossfromdiscontinuedoperationsnetoftaxperbasicshare": -0.01,
        "earningspersharebasic": 1.05,
        "weightedaveragenumberofsharesoutstandingbasic": 2097900000,
        "incomelossfromcontinuingoperationsperdilutedshare": 1.06,
        "incomelossfromdiscontinuedoperationsnetoftaxperdilutedshare": -0.01,
        "earningspersharediluted": 1.05,
        "weightedaveragenumberofdilutedsharesoutstanding": 2113700000
    },
    {
        "date": "2019-12-30",
        "symbol": "C",
        "period": "Q4",
        "netincomeloss": 4979000000,
        "othercomprehensiveincomeavailableforsalesecuritiesadjustmentnetoftaxportionattributabletoparent": -160000000,
        "othercomprehensiveincomelossfinancialliabilitiesadjustmentexcludingopeningimpactnetoftax": -778000000,
        "othercomprehensiveincomelosscashflowhedgegainlossafterreclassificationandtaxparent": -205000000,
        "othercomprehensiveincomedefinedbenefitplansadjustmentnetoftaxportionattributabletoparent": -15000000,
        "othercomprehensiveincomeforeigncurrencytransactionandtranslationadjustmentnetoftaxportionattributabletoparent": 972000000,
        "othercomprehensiveincomelossderivativeexcludedcomponentincreasedecreaseafteradjustmentsandtaxparent": -27000000,
        "othercomprehensiveincomelossnetoftaxportionattributabletoparent": -183000000,
        "comprehensiveincomenetoftax": 4796000000,
        "netincomelossattributabletononcontrollinginterest": 16000000,
        "comprehensiveincomenetoftaxincludingportionattributabletononcontrollinginterest": 4838000000,
        "interestanddividendincomeoperating": 18545000000,
        "interestexpense": 6548000000,
        "interestincomeexpensenet": 11997000000,
        "principaltransactionsrevenue": 1412000000,
        "administrationandotherfiduciaryfees": 823000000,
        "marketablesecuritiesrealizedgainlossexcludingotherthantemporaryimpairments": 515000000,
        "otherthantemporaryimpairmentlossesinvestmentsportionrecognizedinearningsnetequitymethodinvestmentotherthantemporaryimpairmentandinvestmentimpairmentmeasurementalternative": 5000000,
        "othernonoperatingincomeexpense": 603000000,
        "noninterestincome": 6381000000,
        "revenues": -54908000000,
        "provisionforloanlossesexpensed": 2123000000,
        "policyholderbenefitsandclaimsincurrednet": 25000000,
        "provisionchargedorreleaseforunfundedlendingcommitmentsothernet": 74000000,
        "laborandrelatedexpense": 5065000000,
        "occupancynet": 615000000,
        "communicationsandinformationtechnology": 1850000000,
        "marketingandadvertisingexpense": 345000000,
        "othernoninterestexpense": 2579000000,
        "noninterestexpense": 10454000000,
        "incometaxexpensebenefit": 703000000,
        "incomelossfromcontinuingoperationsincludingportionattributabletononcontrollinginterest": 4999000000,
        "discontinuedoperationincomelossfromdiscontinuedoperationbeforeincometax": -4000000,
        "incomelossfromdiscontinuedoperationsnetoftax": -4000000,
        "profitloss": 4995000000,
        "incomelossfromcontinuingoperationsperbasicshare": 2.170000000000001,
        "earningspersharebasic": 2.16,
        "weightedaveragenumberofsharesoutstandingbasic": -4598100000,
        "incomelossfromcontinuingoperationsperdilutedshare": 2.1499999999999995,
        "earningspersharediluted": 2.1499999999999986,
        "weightedaveragenumberofdilutedsharesoutstanding": -4603200000
    },
    {
        "date": "2019-09-29",
        "symbol": "C",
        "period": "Q3",
        "netincomeloss": 4913000000,
        "othercomprehensiveincomeavailableforsalesecuritiesadjustmentnetoftaxportionattributabletoparent": 307000000,
        "othercomprehensiveincomelossfinancialliabilitiesadjustmentexcludingopeningimpactnetoftax": 210000000,
        "othercomprehensiveincomelosscashflowhedgegainlossafterreclassificationandtaxparent": 253000000,
        "othercomprehensiveincomedefinedbenefitplansadjustmentnetoftaxportionattributabletoparent": 250000000,
        "othercomprehensiveincomeforeigncurrencytransactionandtranslationadjustmentnetoftaxportionattributabletoparent": -1442000000,
        "othercomprehensiveincomelossderivativeexcludedcomponentincreasedecreaseafteradjustmentsandtaxparent": -10000000,
        "othercomprehensiveincomelossnetoftaxportionattributabletoparent": -932000000,
        "comprehensiveincomenetoftax": 3981000000,
        "othercomprehensiveincomelossnetoftaxportionattributabletononcontrollinginterest": -33000000,
        "netincomelossattributabletononcontrollinginterest": 15000000,
        "comprehensiveincomenetoftaxincludingportionattributabletononcontrollinginterest": 3963000000,
        "interestanddividendincomeoperating": 19177000000,
        "interestexpense": 7536000000,
        "interestincomeexpensenet": 11641000000,
        "commissionsandfees": 2906000000,
        "principaltransactionsrevenue": 2802000000,
        "administrationandotherfiduciaryfees": 880000000,
        "marketablesecuritiesrealizedgainlossexcludingotherthantemporaryimpairments": 361000000,
        "impairmentofinvestmentsandequitymethodinvestmentotherthantemporaryimpairment": 14000000,
        "otherthantemporaryimpairmentlossesinvestmentsportionrecognizedinearningsnetequitymethodinvestmentotherthantemporaryimpairmentandinvestmentimpairmentmeasurementalternative": 14000000,
        "othernonoperatingincomeexpense": -2000000,
        "noninterestincome": 6933000000,
        "revenues": 18574000000,
        "provisionforloanlossesexpensed": 2062000000,
        "policyholderbenefitsandclaimsincurrednet": 17000000,
        "provisionchargedorreleaseforunfundedlendingcommitmentsothernet": 9000000,
        "provisionforloanleaseandotherlosses": 2088000000,
        "laborandrelatedexpense": 5329000000,
        "occupancynet": 580000000,
        "communicationsandinformationtechnology": 1783000000,
        "marketingandadvertisingexpense": 378000000,
        "othernoninterestexpense": 2394000000,
        "noninterestexpense": 10464000000,
        "incomelossfromcontinuingoperationsbeforeincometaxesminorityinterestandincomelossfromequitymethodinvestments": 6022000000,
        "incometaxexpensebenefit": 1079000000,
        "incomelossfromcontinuingoperationsincludingportionattributabletononcontrollinginterest": 4943000000,
        "discontinuedoperationincomelossfromdiscontinuedoperationbeforeincometax": -15000000,
        "incomelossfromdiscontinuedoperationsnetoftax": -15000000,
        "profitloss": 4928000000,
        "incomelossfromcontinuingoperationsperbasicshare": 2.09,
        "incomelossfromdiscontinuedoperationsnetoftaxperbasicshare": -0.01,
        "earningspersharebasic": 2.09,
        "weightedaveragenumberofsharesoutstandingbasic": 2220800000,
        "incomelossfromcontinuingoperationsperdilutedshare": 2.08,
        "incomelossfromdiscontinuedoperationsnetoftaxperdilutedshare": -0.01,
        "earningspersharediluted": 2.07,
        "weightedaveragenumberofdilutedsharesoutstanding": 2237100000
    },
    {
        "date": "2019-06-29",
        "symbol": "C",
        "period": "Q2",
        "netincomeloss": 4799000000,
        "othercomprehensiveincomeavailableforsalesecuritiesadjustmentnetoftaxportionattributabletoparent": 703000000,
        "othercomprehensiveincomelossfinancialliabilitiesadjustmentexcludingopeningimpactnetoftax": 3000000,
        "othercomprehensiveincomelosscashflowhedgegainlossafterreclassificationandtaxparent": 517000000,
        "othercomprehensiveincomedefinedbenefitplansadjustmentnetoftaxportionattributabletoparent": 253000000,
        "othercomprehensiveincomeforeigncurrencytransactionandtranslationadjustmentnetoftaxportionattributabletoparent": 91000000,
        "othercomprehensiveincomelossderivativeexcludedcomponentincreasedecreaseafteradjustmentsandtaxparent": 44000000,
        "othercomprehensiveincomelossnetoftaxportionattributabletoparent": 1105000000,
        "comprehensiveincomenetoftax": 5904000000,
        "othercomprehensiveincomelossnetoftaxportionattributabletononcontrollinginterest": 20000000,
        "netincomelossattributabletononcontrollinginterest": 10000000,
        "comprehensiveincomenetoftaxincludingportionattributabletononcontrollinginterest": 5934000000,
        "interestanddividendincomeoperating": 19712000000,
        "interestexpense": 7762000000,
        "interestincomeexpensenet": 11950000000,
        "commissionsandfees": 2881000000,
        "principaltransactionsrevenue": 1874000000,
        "administrationandotherfiduciaryfees": 869000000,
        "marketablesecuritiesrealizedgainlossexcludingotherthantemporaryimpairments": 468000000,
        "impairmentofinvestmentsandequitymethodinvestmentotherthantemporaryimpairment": 5000000,
        "otherthantemporaryimpairmentlossesinvestmentsportionrecognizedinearningsnetequitymethodinvestmentotherthantemporaryimpairmentandinvestmentimpairmentmeasurementalternative": 5000000,
        "othernonoperatingincomeexpense": 721000000,
        "noninterestincome": 6808000000,
        "revenues": 18758000000,
        "provisionforloanlossesexpensed": 2089000000,
        "policyholderbenefitsandclaimsincurrednet": 19000000,
        "provisionchargedorreleaseforunfundedlendingcommitmentsothernet": -15000000,
        "provisionforloanleaseandotherlosses": 2093000000,
        "laborandrelatedexpense": 5381000000,
        "occupancynet": 569000000,
        "communicationsandinformationtechnology": 1724000000,
        "marketingandadvertisingexpense": 434000000,
        "othernoninterestexpense": 2392000000,
        "noninterestexpense": 10500000000,
        "incomelossfromcontinuingoperationsbeforeincometaxesminorityinterestandincomelossfromequitymethodinvestments": 6165000000,
        "incometaxexpensebenefit": 1373000000,
        "incomelossfromcontinuingoperationsincludingportionattributabletononcontrollinginterest": 4792000000,
        "discontinuedoperationincomelossfromdiscontinuedoperationbeforeincometax": -10000000,
        "discontinuedoperationtaxeffectofdiscontinuedoperation": -27000000,
        "incomelossfromdiscontinuedoperationsnetoftax": 17000000,
        "profitloss": 4809000000,
        "incomelossfromcontinuingoperationsperbasicshare": 1.94,
        "incomelossfromdiscontinuedoperationsnetoftaxperbasicshare": 0.01,
        "earningspersharebasic": 1.95,
        "weightedaveragenumberofsharesoutstandingbasic": 2286100000,
        "incomelossfromcontinuingoperationsperdilutedshare": 1.94,
        "incomelossfromdiscontinuedoperationsnetoftaxperdilutedshare": 0.01,
        "earningspersharediluted": 1.95,
        "weightedaveragenumberofdilutedsharesoutstanding": 2289000000
    },
    {
        "date": "2019-03-30",
        "symbol": "C",
        "period": "Q1",
        "netincomeloss": 4710000000,
        "othercomprehensiveincomeavailableforsalesecuritiesadjustmentnetoftaxportionattributabletoparent": 1135000000,
        "othercomprehensiveincomelossfinancialliabilitiesadjustmentexcludingopeningimpactnetoftax": -571000000,
        "othercomprehensiveincomelosscashflowhedgegainlossafterreclassificationandtaxparent": 286000000,
        "othercomprehensiveincomedefinedbenefitplansadjustmentnetoftaxportionattributabletoparent": 64000000,
        "othercomprehensiveincomeforeigncurrencytransactionandtranslationadjustmentnetoftaxportionattributabletoparent": 58000000,
        "othercomprehensiveincomelossderivativeexcludedcomponentincreasedecreaseafteradjustmentsandtaxparent": 18000000,
        "othercomprehensiveincomelossnetoftaxportionattributabletoparent": 862000000,
        "comprehensiveincomenetoftax": 5572000000,
        "othercomprehensiveincomelossnetoftaxportionattributabletononcontrollinginterest": -13000000,
        "netincomelossattributabletononcontrollinginterest": 25000000,
        "comprehensiveincomenetoftaxincludingportionattributabletononcontrollinginterest": 5584000000,
        "interestanddividendincomeoperating": 19076000000,
        "interestexpense": 7317000000,
        "interestincomeexpensenet": 11759000000,
        "commissionsandfees": 2926000000,
        "principaltransactionsrevenue": 2804000000,
        "administrationandotherfiduciaryfees": 839000000,
        "marketablesecuritiesrealizedgainlossexcludingotherthantemporaryimpairments": 130000000,
        "impairmentofinvestmentsandequitymethodinvestmentotherthantemporaryimpairment": 8000000,
        "otherthantemporaryimpairmentlossesinvestmentsportionrecognizedinearningsnetequitymethodinvestmentotherthantemporaryimpairmentandinvestmentimpairmentmeasurementalternative": 8000000,
        "othernonoperatingincomeexpense": 126000000,
        "noninterestincome": 6817000000,
        "revenues": 18576000000,
        "provisionforloanlossesexpensed": 1944000000,
        "policyholderbenefitsandclaimsincurrednet": 12000000,
        "provisionchargedorreleaseforunfundedlendingcommitmentsothernet": 24000000,
        "provisionforloanleaseandotherlosses": 1980000000,
        "laborandrelatedexpense": 5658000000,
        "occupancynet": 564000000,
        "communicationsandinformationtechnology": 1720000000,
        "marketingandadvertisingexpense": 359000000,
        "othernoninterestexpense": 2283000000,
        "noninterestexpense": 10584000000,
        "incomelossfromcontinuingoperationsbeforeincometaxesminorityinterestandincomelossfromequitymethodinvestments": 6012000000,
        "incometaxexpensebenefit": 1275000000,
        "incomelossfromcontinuingoperationsincludingportionattributabletononcontrollinginterest": 4737000000,
        "discontinuedoperationincomelossfromdiscontinuedoperationbeforeincometax": -2000000,
        "incomelossfromdiscontinuedoperationsnetoftax": -2000000,
        "profitloss": 4735000000,
        "incomelossfromcontinuingoperationsperbasicshare": 1.88,
        "earningspersharebasic": 1.88,
        "weightedaveragenumberofsharesoutstandingbasic": 2340400000,
        "incomelossfromcontinuingoperationsperdilutedshare": 1.87,
        "earningspersharediluted": 1.87,
        "weightedaveragenumberofdilutedsharesoutstanding": 2342400000
    },
    {
        "date": "2018-09-29",
        "symbol": "C",
        "period": "Q3",
        "netincomeloss": -4850000000,
        "othercomprehensiveincomeavailableforsalesecuritiesadjustmentnetoftaxportionattributabletoparent": -605000000,
        "othercomprehensiveincomelossfinancialliabilitiesadjustmentexcludingopeningimpactnetoftax": -287000000,
        "othercomprehensiveincomelosscashflowhedgegainlossafterreclassificationtaxparent": 74000000,
        "othercomprehensiveincomedefinedbenefitplansadjustmentnetoftaxportionattributabletoparent": -26000000,
        "othercomprehensiveincomeforeigncurrencytransactionandtranslationadjustmentnetoftaxportionattributabletoparent": -221000000,
        "othercomprehensiveincomelossderivativeexcludedcomponentincreasedecreaseafteradjustmentsandtaxparent": 10000000,
        "othercomprehensiveincomelossnetoftaxportionattributabletoparent": 654000000,
        "comprehensiveincomenetoftax": -4196000000,
        "othercomprehensiveincomelossnetoftaxportionattributabletononcontrollinginterest": 8000000,
        "netincomelossattributabletononcontrollinginterest": 3000000,
        "comprehensiveincomenetoftaxincludingportionattributabletononcontrollinginterest": -4196000000,
        "interestanddividendincomeoperating": 2291000000,
        "interestexpense": 1405000000,
        "interestincomeexpensenet": -54000000,
        "commissionsandfees": 7000000,
        "principaltransactionsrevenue": 1403000000,
        "administrationandotherfiduciaryfees": 1000000,
        "marketablesecuritiesrealizedgainlossexcludingotherthantemporaryimpairments": 69000000,
        "impairmentofinvestmentsandequitymethodinvestmentotherthantemporaryimpairment": 70000000,
        "otherthantemporaryimpairmentlossesinvestmentsportionrecognizedinearningsnetequitymethodinvestmentotherthantemporaryimpairmentandinvestmentimpairmentmeasurementalternative": 70000000,
        "othernonoperatingincomeexpense": 2000000,
        "noninterestincome": 2219000000,
        "revenues": 250000000,
        "provisionforloanlossesexpensed": 1906000000,
        "policyholderbenefitsandclaimsincurrednet": 26000000,
        "provisionchargedorreleaseforunfundedlendingcommitmentsothernet": 42000000,
        "provisionforloanleaseandotherlosses": 71000000,
        "laborandrelatedexpense": 1148000000,
        "occupancynet": 565000000,
        "communicationsandinformationtechnology": 1806000000,
        "marketingandadvertisingexpense": 378000000,
        "othernoninterestexpense": 2243000000,
        "noninterestexpense": 250000000,
        "incomelossfromcontinuingoperationsbeforeincometaxesminorityinterestandincomelossfromequitymethodinvestments": -52000000,
        "incometaxexpensebenefit": -12000000,
        "incomelossfromcontinuingoperationsincludingportionattributabletononcontrollinginterest": -40000000,
        "discontinuedoperationincomelossfromdiscontinuedoperationbeforeincometax": -8000000,
        "incomelossfromdiscontinuedoperationsnetoftax": -8000000,
        "profitloss": 4622000000,
        "incomelossfromcontinuingoperationsperbasicshare": 1.74,
        "earningspersharebasic": 1.73,
        "weightedaveragenumberofsharesoutstandingbasic": 2479800000,
        "incomelossfromcontinuingoperationsperdilutedshare": 1.74,
        "earningspersharediluted": 1.73,
        "weightedaveragenumberofdilutedsharesoutstanding": 2481400000
    },
    {
        "date": "2018-06-29",
        "symbol": "C",
        "period": "Q2",
        "netincomeloss": -4598000000,
        "othercomprehensiveincomeavailableforsalesecuritiesadjustmentnetoftaxportionattributabletoparent": -498000000,
        "othercomprehensiveincomelossfinancialliabilitiesadjustmentexcludingopeningimpactnetoftax": 318000000,
        "othercomprehensiveincomelosscashflowhedgegainlossafterreclassificationtaxparent": 101000000,
        "othercomprehensiveincomedefinedbenefitplansadjustmentnetoftaxportionattributabletoparent": -301000000,
        "othercomprehensiveincomeforeigncurrencytransactionandtranslationadjustmentnetoftaxportionattributabletoparent": -2867000000,
        "othercomprehensiveincomelossderivativeexcludedcomponentincreasedecreaseafteradjustmentsandtaxparent": -28000000,
        "othercomprehensiveincomelossnetoftaxportionattributabletoparent": -5329000000,
        "comprehensiveincomenetoftax": -9927000000,
        "othercomprehensiveincomelossnetoftaxportionattributabletononcontrollinginterest": -57000000,
        "netincomelossattributabletononcontrollinginterest": 26000000,
        "comprehensiveincomenetoftaxincludingportionattributabletononcontrollinginterest": -9927000000,
        "interestanddividendincomeoperating": 2398000000,
        "interestexpense": 1314000000,
        "interestincomeexpensenet": -88000000,
        "commissionsandfees": 23000000,
        "principaltransactionsrevenue": 1551000000,
        "administrationandotherfiduciaryfees": 2000000,
        "marketablesecuritiesrealizedgainlossexcludingotherthantemporaryimpairments": 102000000,
        "impairmentofinvestmentsandequitymethodinvestmentotherthantemporaryimpairment": 15000000,
        "otherthantemporaryimpairmentlossesinvestmentsportionrecognizedinearningsnetequitymethodinvestmentotherthantemporaryimpairmentandinvestmentimpairmentmeasurementalternative": 15000000,
        "othernonoperatingincomeexpense": -6000000,
        "noninterestincome": 2189000000,
        "revenues": 528000000,
        "provisionforloanlossesexpensed": 1795000000,
        "policyholderbenefitsandclaimsincurrednet": 21000000,
        "provisionchargedorreleaseforunfundedlendingcommitmentsothernet": -4000000,
        "provisionforloanleaseandotherlosses": -118000000,
        "laborandrelatedexpense": 1282000000,
        "occupancynet": 570000000,
        "communicationsandinformationtechnology": 1797000000,
        "marketingandadvertisingexpense": 411000000,
        "othernoninterestexpense": 2482000000,
        "noninterestexpense": 2553000000,
        "incomelossfromcontinuingoperationsbeforeincometaxesminorityinterestandincomelossfromequitymethodinvestments": 86000000,
        "incometaxexpensebenefit": 62000000,
        "incomelossfromcontinuingoperationsincludingportionattributabletononcontrollinginterest": -15000000,
        "discontinuedoperationincomelossfromdiscontinuedoperationbeforeincometax": -2000000,
        "discontinuedoperationtaxeffectofdiscontinuedoperation": -17000000,
        "incomelossfromdiscontinuedoperationsnetoftax": 15000000,
        "profitloss": -4598000000,
        "incomelossfromcontinuingoperationsperbasicshare": 1.62,
        "incomelossfromdiscontinuedoperationsnetoftaxperbasicshare": 0.01,
        "earningspersharebasic": 1.63,
        "weightedaveragenumberofsharesoutstandingbasic": 2530900000,
        "incomelossfromcontinuingoperationsperdilutedshare": 1.62,
        "incomelossfromdiscontinuedoperationsnetoftaxperdilutedshare": 0.01,
        "earningspersharediluted": 1.63,
        "weightedaveragenumberofdilutedsharesoutstanding": 2532300000
    },
    {
        "date": "2017-09-29",
        "symbol": "C",
        "period": "Q3",
        "netincomeloss": -4345000000,
        "othercomprehensiveincomeavailableforsalesecuritiesadjustmentnetoftaxportionattributabletoparent": -66000000,
        "othercomprehensiveincomelossfinancialliabilitiesadjustmentexcludingopeningimpactnetoftax": -123000000,
        "othercomprehensiveincomederivativesqualifyingashedgesnetoftaxportionattributabletoparent": 8000000,
        "othercomprehensiveincomedefinedbenefitplansadjustmentnetoftaxportionattributabletoparent": 29000000,
        "othercomprehensiveincomeforeigncurrencytransactionandtranslationadjustmentnetoftaxportionattributabletoparent": 218000000,
        "othercomprehensiveincomelossnetoftaxportionattributabletoparent": 846000000,
        "comprehensiveincomenetoftax": -3499000000,
        "othercomprehensiveincomelossnetoftaxportionattributabletononcontrollinginterest": 12000000,
        "netincomelossattributabletononcontrollinginterest": -1000000,
        "comprehensiveincomenetoftaxincludingportionattributabletononcontrollinginterest": -3499000000,
        "interestanddividendincomeoperating": 1439000000,
        "interestexpense": 642000000,
        "interestincomeexpensenet": 529000000,
        "feesandcommissions": 556000000,
        "principaltransactionsrevenue": 1120000000,
        "revenueotherfinancialservices": 1010000000,
        "realizedgainlossonmarketablesecuritiesandcostmethodinvestmentsexcludingotherthantemporaryimpairmentsandotherinvestments": 213000000,
        "impairmentofinvestmentsandequitymethodinvestmentotherthantemporaryimpairment": 15000000,
        "otherthantemporaryimpairmentlossesinvestmentsportionrecognizedinearningsnetandequitymethodinvestmentotherthantemporaryimpairment": 1000000,
        "premiumsearnednet": 166000000,
        "othernonoperatingincomeexpense": 256000000,
        "noninterestincome": 2364000000,
        "revenues": 509000000,
        "provisionforloanlossesexpensed": 2146000000,
        "policyholderbenefitsandclaimsincurrednet": 28000000,
        "provisionchargedorreleaseforunfundedlendingcommitmentsothernet": -175000000,
        "provisionforloanleaseandotherlosses": -50000000,
        "laborandrelatedexpense": 1104000000,
        "occupancynet": 608000000,
        "communicationsandinformationtechnology": 1759000000,
        "marketingandadvertisingexpense": 417000000,
        "othernoninterestexpense": 2083000000,
        "noninterestexpense": 2078000000,
        "incomelossfromcontinuingoperationsbeforeincometaxesminorityinterestandincomelossfromequitymethodinvestments": 198000000,
        "incometaxexpensebenefit": 72000000,
        "incomelossfromcontinuingoperationsincludingportionattributabletononcontrollinginterest": 126000000,
        "discontinuedoperationincomelossfromdiscontinuedoperationbeforeincometax": -9000000,
        "discontinuedoperationtaxeffectofdiscontinuedoperation": -4000000,
        "incomelossfromdiscontinuedoperationsnetoftax": -5000000,
        "profitloss": -4345000000,
        "incomelossfromcontinuingoperationsperbasicshare": 1.42,
        "earningspersharebasic": 1.42,
        "weightedaveragenumberofsharesoutstandingbasic": 2683600000,
        "incomelossfromcontinuingoperationsperdilutedshare": 1.42,
        "earningspersharediluted": 1.42,
        "weightedaveragenumberofdilutedsharesoutstanding": 2683700000
    },
    {
        "date": "2017-06-29",
        "symbol": "C",
        "period": "Q2",
        "netincomeloss": -3698000000,
        "othercomprehensiveincomeavailableforsalesecuritiesadjustmentnetoftaxportionattributabletoparent": -27000000,
        "othercomprehensiveincomelossfinancialliabilitiesadjustmentexcludingopeningimpactnetoftax": -84000000,
        "othercomprehensiveincomederivativesqualifyingashedgesnetoftaxportionattributabletoparent": 117000000,
        "othercomprehensiveincomedefinedbenefitplansadjustmentnetoftaxportionattributabletoparent": 135000000,
        "othercomprehensiveincomeforeigncurrencytransactionandtranslationadjustmentnetoftaxportionattributabletoparent": 643000000,
        "othercomprehensiveincomelossnetoftaxportionattributabletoparent": 193000000,
        "comprehensiveincomenetoftax": -3505000000,
        "othercomprehensiveincomelossnetoftaxportionattributabletononcontrollinginterest": 39000000,
        "netincomelossattributabletononcontrollinginterest": 32000000,
        "comprehensiveincomenetoftaxincludingportionattributabletononcontrollinginterest": -3505000000,
        "interestanddividendincomeoperating": 1404000000,
        "interestexpense": 546000000,
        "interestincomeexpensenet": 582000000,
        "feesandcommissions": 542000000,
        "principaltransactionsrevenue": 1411000000,
        "revenueotherfinancialservices": 1003000000,
        "realizedgainlossonmarketablesecuritiesandcostmethodinvestmentsexcludingotherthantemporaryimpairmentsandotherinvestments": 221000000,
        "impairmentofinvestmentsandequitymethodinvestmentotherthantemporaryimpairment": 20000000,
        "otherthantemporaryimpairmentlossesinvestmentsportionrecognizedinearningsnetandequitymethodinvestmentotherthantemporaryimpairment": 20000000,
        "premiumsearnednet": 156000000,
        "othernonoperatingincomeexpense": -123000000,
        "noninterestincome": 2155000000,
        "revenues": 653000000,
        "provisionforloanlossesexpensed": 1666000000,
        "policyholderbenefitsandclaimsincurrednet": 23000000,
        "provisionchargedorreleaseforunfundedlendingcommitmentsothernet": 28000000,
        "provisionforloanleaseandotherlosses": -132000000,
        "laborandrelatedexpense": 1212000000,
        "occupancynet": 604000000,
        "communicationsandinformationtechnology": 1690000000,
        "marketingandadvertisingexpense": 432000000,
        "othernoninterestexpense": 2317000000,
        "noninterestexpense": 2157000000,
        "incomelossfromcontinuingoperationsbeforeincometaxesminorityinterestandincomelossfromequitymethodinvestments": 201000000,
        "incometaxexpensebenefit": 73000000,
        "incomelossfromcontinuingoperationsincludingportionattributabletononcontrollinginterest": 128000000,
        "discontinuedoperationincomelossfromdiscontinuedoperationbeforeincometax": 33000000,
        "discontinuedoperationtaxeffectofdiscontinuedoperation": 12000000,
        "incomelossfromdiscontinuedoperationsnetoftax": 21000000,
        "profitloss": -3698000000,
        "incomelossfromcontinuingoperationsperbasicshare": 1.27,
        "incomelossfromdiscontinuedoperationsnetoftaxperbasicshare": 0.01,
        "earningspersharebasic": 1.28,
        "weightedaveragenumberofsharesoutstandingbasic": 2739100000,
        "incomelossfromcontinuingoperationsperdilutedshare": 1.27,
        "incomelossfromdiscontinuedoperationsnetoftaxperdilutedshare": 0.01,
        "earningspersharediluted": 1.28,
        "weightedaveragenumberofdilutedsharesoutstanding": 2739200000
    },
    {
        "date": "2016-09-29",
        "symbol": "C",
        "period": "Q3",
        "profitloss": -4120000000,
        "othercomprehensiveincomeavailableforsalesecuritiesadjustmentnetoftaxportionattributabletoparent": -432000000,
        "othercomprehensiveincomelossfinancialliabilitiesadjustmentexcludingopeningimpactnetoftax": -200000000,
        "othercomprehensiveincomederivativesqualifyingashedgesnetoftaxportionattributabletoparent": -83000000,
        "othercomprehensiveincomedefinedbenefitplansadjustmentnetoftaxportionattributabletoparent": -12000000,
        "othercomprehensiveincomeforeigncurrencytransactionandtranslationadjustmentnetoftaxportionattributabletoparent": -375000000,
        "othercomprehensiveincomelossnetoftaxportionattributabletoparent": 1105000000,
        "comprehensiveincomenetoftaxincludingportionattributabletononcontrollinginterest": 2779000000,
        "comprehensiveincomenetoftaxattributabletononcontrollinginterest": 17000000,
        "comprehensiveincomenetoftax": -3015000000,
        "interestanddividendincomeoperating": 1158000000,
        "interestexpense": 345000000,
        "interestincomeexpensenet": 560000000,
        "feesandcommissions": 519000000,
        "principaltransactionsrevenue": 1282000000,
        "revenueotherfinancialservices": 862000000,
        "realizedgainlossonmarketablesecuritiesandcostmethodinvestmentsexcludingotherthantemporaryimpairmentsandotherinvestments": 287000000,
        "impairmentofinvestmentsandequitymethodinvestmentotherthantemporaryimpairment": 32000000,
        "otherthantemporaryimpairmentlossesinvestmentsportionrecognizedinearningsnetandequitymethodinvestmentotherthantemporaryimpairment": 12000000,
        "premiumsearnednet": 184000000,
        "othernonoperatingincomeexpense": 98000000,
        "noninterestincome": 2357000000,
        "revenues": 28000000,
        "provisionforloanlossesexpensed": 1746000000,
        "policyholderbenefitsandclaimsincurrednet": 35000000,
        "provisionchargedorreleaseforunfundedlendingcommitmentsothernet": -45000000,
        "provisionforloanleaseandotherlosses": -90000000,
        "laborandrelatedexpense": 1150000000,
        "occupancynet": 624000000,
        "communicationsandinformationtechnology": 1694000000,
        "marketingandadvertisingexpense": 403000000,
        "othernoninterestexpense": 2480000000,
        "noninterestexpense": 1973000000,
        "incomelossfromcontinuingoperationsbeforeincometaxesminorityinterestandincomelossfromequitymethodinvestments": 255000000,
        "incometaxexpensebenefit": 93000000,
        "incomelossfromcontinuingoperationsincludingportionattributabletononcontrollinginterest": 162000000,
        "discontinuedoperationincomelossfromdiscontinuedoperationbeforeincometax": -37000000,
        "discontinuedoperationtaxeffectofdiscontinuedoperation": -7000000,
        "incomelossfromdiscontinuedoperationsnetoftax": -24000000,
        "netincomelossattributabletononcontrollinginterest": -9000000,
        "netincomeloss": -4120000000,
        "incomelossfromcontinuingoperationsperbasicshare": 1.25,
        "incomelossfromdiscontinuedoperationsnetoftaxperbasicshare": -0.01,
        "earningspersharebasic": 1.24,
        "weightedaveragenumberofsharesoutstandingbasic": 2879900000,
        "incomelossfromcontinuingoperationsperdilutedshare": 1.25,
        "incomelossfromdiscontinuedoperationsnetoftaxperdilutedshare": -0.01,
        "earningspersharediluted": 1.24,
        "weightedaveragenumberofdilutedsharesoutstanding": 2880100000
    },
    {
        "date": "2016-06-29",
        "symbol": "C",
        "period": "Q2",
        "profitloss": -4609000000,
        "othercomprehensiveincomeavailableforsalesecuritiesadjustmentnetoftaxportionattributabletoparent": 927000000,
        "othercomprehensiveincomelossfinancialliabilitiesadjustmentexcludingopeningimpactnetoftax": 12000000,
        "othercomprehensiveincomederivativesqualifyingashedgesnetoftaxportionattributabletoparent": 151000000,
        "othercomprehensiveincomedefinedbenefitplansadjustmentnetoftaxportionattributabletoparent": 27000000,
        "othercomprehensiveincomeforeigncurrencytransactionandtranslationadjustmentnetoftaxportionattributabletoparent": -552000000,
        "othercomprehensiveincomelossnetoftaxportionattributabletoparent": -627000000,
        "comprehensiveincomenetoftaxincludingportionattributabletononcontrollinginterest": 4535000000,
        "comprehensiveincomenetoftaxattributabletononcontrollinginterest": 26000000,
        "comprehensiveincomenetoftax": -5236000000,
        "interestanddividendincomeoperating": 1251000000,
        "interestexpense": 401000000,
        "interestincomeexpensenet": 573000000,
        "feesandcommissions": 544000000,
        "principaltransactionsrevenue": 1140000000,
        "revenueotherfinancialservices": 878000000,
        "realizedgainlossonmarketablesecuritiesandcostmethodinvestmentsexcludingotherthantemporaryimpairmentsandotherinvestments": 200000000,
        "impairmentofinvestmentsandequitymethodinvestmentotherthantemporaryimpairment": 118000000,
        "otherthantemporaryimpairmentlossesinvestmentsportionrecognizedinearningsnetandequitymethodinvestmentotherthantemporaryimpairment": 70000000,
        "premiumsearnednet": 217000000,
        "othernonoperatingincomeexpense": 594000000,
        "noninterestincome": 2088000000,
        "revenues": 126000000,
        "provisionforloanlossesexpensed": 1390000000,
        "policyholderbenefitsandclaimsincurrednet": 49000000,
        "provisionchargedorreleaseforunfundedlendingcommitmentsothernet": -30000000,
        "provisionforloanleaseandotherlosses": 82000000,
        "laborandrelatedexpense": 1202000000,
        "occupancynet": 642000000,
        "communicationsandinformationtechnology": 1657000000,
        "marketingandadvertisingexpense": 433000000,
        "othernoninterestexpense": 2408000000,
        "noninterestexpense": 1936000000,
        "incomelossfromcontinuingoperationsbeforeincometaxesminorityinterestandincomelossfromequitymethodinvestments": 152000000,
        "incometaxexpensebenefit": 54000000,
        "incomelossfromcontinuingoperationsincludingportionattributabletononcontrollinginterest": 98000000,
        "discontinuedoperationincomelossfromdiscontinuedoperationbeforeincometax": -36000000,
        "discontinuedoperationtaxeffectofdiscontinuedoperation": -13000000,
        "incomelossfromdiscontinuedoperationsnetoftax": -20000000,
        "netincomelossattributabletononcontrollinginterest": -3000000,
        "netincomeloss": -4609000000,
        "incomelossfromcontinuingoperationsperbasicshare": 1.25,
        "incomelossfromdiscontinuedoperationsnetoftaxperbasicshare": -0.01,
        "earningspersharebasic": 1.24,
        "weightedaveragenumberofsharesoutstandingbasic": 2915800000,
        "incomelossfromcontinuingoperationsperdilutedshare": 1.25,
        "incomelossfromdiscontinuedoperationsnetoftaxperdilutedshare": -0.01,
        "earningspersharediluted": 1.24,
        "weightedaveragenumberofdilutedsharesoutstanding": 2915900000
    },
    {
        "date": "2015-09-29",
        "symbol": "C",
        "period": "Q3",
        "profitloss": 4296000000,
        "othercomprehensiveincomeavailableforsalesecuritiesadjustmentnetoftaxportionattributabletoparent": 511000000,
        "othercomprehensiveincomederivativesqualifyingashedgesnetoftaxportionattributabletoparent": 189000000,
        "othercomprehensiveincomedefinedbenefitplansadjustmentnetoftaxportionattributabletoparent": 360000000,
        "othercomprehensiveincomeforeigncurrencytransactionandtranslationadjustmentnetoftaxportionattributabletoparent": -2493000000,
        "othercomprehensiveincomelossnetoftaxportionattributabletoparent": -2153000000,
        "comprehensiveincomenetoftaxincludingportionattributabletononcontrollinginterest": 2143000000,
        "comprehensiveincomenetoftaxattributabletononcontrollinginterest": 5000000,
        "comprehensiveincomenetoftax": 2138000000,
        "interestanddividendincomeoperating": 14714000000,
        "interestexpense": 2941000000,
        "interestincomeexpensenet": 11773000000,
        "feesandcommissions": 428000000,
        "principaltransactionsrevenue": 907000000,
        "revenueotherfinancialservices": 870000000,
        "realizedgainlossonmarketablesecuritiesandcostmethodinvestmentsexcludingotherthantemporaryimpairmentsandotherinvestments": 151000000,
        "impairmentofinvestmentsandequitymethodinvestmentotherthantemporaryimpairment": 80000000,
        "otherthantemporaryimpairmentlossesinvestmentsportionrecognizedinearningsnetandequitymethodinvestmentotherthantemporaryimpairment": 1000000,
        "premiumsearnednet": 464000000,
        "othernonoperatingincomeexpense": 1455000000,
        "noninterestincome": 6919000000,
        "revenues": 218000000,
        "provisionforloanlossesexpensed": 1582000000,
        "policyholderbenefitsandclaimsincurrednet": 189000000,
        "provisionchargedorreleaseforunfundedlendingcommitmentsothernet": 65000000,
        "provisionforloanleaseandotherlosses": 309000000,
        "laborandrelatedexpense": 5321000000,
        "occupancynet": 722000000,
        "communicationsandinformationtechnology": 1628000000,
        "marketingandadvertisingexpense": 391000000,
        "othernoninterestexpense": 2607000000,
        "operatingexpenses": 10669000000,
        "incomelossfromcontinuingoperationsbeforeincometaxesminorityinterestandincomelossfromequitymethodinvestments": 71000000,
        "incometaxexpensebenefit": 26000000,
        "incomelossfromcontinuingoperationsincludingportionattributabletononcontrollinginterest": 45000000,
        "discontinuedoperationincomelossfromdiscontinuedoperationbeforeincometax": -15000000,
        "discontinuedoperationtaxeffectofdiscontinuedoperation": -5000000,
        "incomelossfromdiscontinuedoperationsnetoftax": -10000000,
        "netincomelossattributabletononcontrollinginterest": 5000000,
        "netincomeloss": 4291000000,
        "incomelossfromcontinuingoperationsperbasicshare": 1.36,
        "earningspersharebasic": 1.36,
        "weightedaveragenumberofsharesoutstandingbasic": 2993300000,
        "incomelossfromcontinuingoperationsperdilutedshare": 1.36,
        "earningspersharediluted": 1.35,
        "weightedaveragenumberofdilutedsharesoutstanding": 2996900000
    },
    {
        "date": "2015-06-29",
        "symbol": "C",
        "period": "Q2",
        "profitloss": 4864000000,
        "othercomprehensiveincomeavailableforsalesecuritiesadjustmentnetoftaxportionattributabletoparent": -935000000,
        "othercomprehensiveincomederivativesqualifyingashedgesnetoftaxportionattributabletoparent": 92000000,
        "othercomprehensiveincomedefinedbenefitplansadjustmentnetoftaxportionattributabletoparent": -578000000,
        "othercomprehensiveincomeforeigncurrencytransactionandtranslationadjustmentnetoftaxportionattributabletoparent": -148000000,
        "othercomprehensiveincomelossnetoftaxportionattributabletoparent": -413000000,
        "comprehensiveincomenetoftaxincludingportionattributabletononcontrollinginterest": 4451000000,
        "comprehensiveincomenetoftaxattributabletononcontrollinginterest": 18000000,
        "comprehensiveincomenetoftax": 4433000000,
        "interestanddividendincomeoperating": 14873000000,
        "interestexpense": 3051000000,
        "interestincomeexpensenet": 11822000000,
        "feesandcommissions": 448000000,
        "principaltransactionsrevenue": 1393000000,
        "revenueotherfinancialservices": 995000000,
        "realizedgainlossonmarketablesecuritiesandcostmethodinvestmentsexcludingotherthantemporaryimpairmentsandotherinvestments": 183000000,
        "impairmentofinvestmentsandequitymethodinvestmentotherthantemporaryimpairment": 43000000,
        "otherthantemporaryimpairmentlossesinvestmentsportionrecognizedinearningsnetandequitymethodinvestmentotherthantemporaryimpairment": 5000000,
        "premiumsearnednet": 482000000,
        "othernonoperatingincomeexpense": 664000000,
        "noninterestincome": 7648000000,
        "revenues": 370000000,
        "provisionforloanlossesexpensed": 1515000000,
        "policyholderbenefitsandclaimsincurrednet": 181000000,
        "provisionchargedorreleaseforunfundedlendingcommitmentsothernet": -48000000,
        "provisionforloanleaseandotherlosses": -95000000,
        "laborandrelatedexpense": 5483000000,
        "occupancynet": 737000000,
        "communicationsandinformationtechnology": 1656000000,
        "marketingandadvertisingexpense": 393000000,
        "othernoninterestexpense": 2659000000,
        "operatingexpenses": 10928000000,
        "incomelossfromcontinuingoperationsbeforeincometaxesminorityinterestandincomelossfromequitymethodinvestments": 140000000,
        "incometaxexpensebenefit": 49000000,
        "incomelossfromcontinuingoperationsincludingportionattributabletononcontrollinginterest": 91000000,
        "discontinuedoperationincomelossfromdiscontinuedoperationbeforeincometax": 9000000,
        "discontinuedoperationtaxeffectofdiscontinuedoperation": 3000000,
        "incomelossfromdiscontinuedoperationsnetoftax": -2000000,
        "netincomelossattributabletononcontrollinginterest": 18000000,
        "netincomeloss": 4846000000,
        "incomelossfromcontinuingoperationsperbasicshare": 1.51,
        "earningspersharebasic": 1.52,
        "weightedaveragenumberofsharesoutstandingbasic": 3020000000,
        "incomelossfromcontinuingoperationsperdilutedshare": 1.51,
        "earningspersharediluted": 1.51,
        "weightedaveragenumberofdilutedsharesoutstanding": 3025000000
    },
    {
        "date": "2014-09-29",
        "symbol": "C",
        "period": "Q3",
        "profitloss": 2898000000,
        "othercomprehensiveincomeavailableforsalesecuritiesadjustmentnetoftaxportionattributabletoparent": -207000000,
        "othercomprehensiveincomederivativesqualifyingashedgesnetoftaxportionattributabletoparent": 28000000,
        "othercomprehensiveincomedefinedbenefitplansadjustmentnetoftaxportionattributabletoparent": -71000000,
        "othercomprehensiveincomeforeigncurrencytransactionandtranslationadjustmentnetoftaxportionattributabletoparent": -1721000000,
        "othercomprehensiveincomelossnetoftaxportionattributabletoparent": -1829000000,
        "othercomprehensiveincomeavailableforsalesecuritiesadjustmentnetoftaxportionattributabletononcontrollinginterest": -3000000,
        "othercomprehensiveincomeforeigncurrencytransactionandtranslationadjustmentnetoftaxportionattributabletononcontrollinginterest": 58000000,
        "othercomprehensiveincomelossnetoftaxportionattributabletononcontrollinginterest": 55000000,
        "comprehensiveincomenetoftaxincludingportionattributabletononcontrollinginterest": 1014000000,
        "comprehensiveincomenetoftaxattributabletononcontrollinginterest": 59000000,
        "comprehensiveincomenetoftax": 955000000,
        "interestanddividendincomeoperating": 15512000000,
        "interestexpense": 3325000000,
        "interestincomeexpensenet": 12187000000,
        "feesandcommissions": 469000000,
        "principaltransactionsrevenue": 154000000,
        "revenueotherfinancialservices": 1029000000,
        "realizedgainlossonmarketablesecuritiesandcostmethodinvestmentsexcludingotherthantemporaryimpairmentsandotherinvestments": 136000000,
        "impairmentofinvestmentsandequitymethodinvestmentotherthantemporaryimpairment": 99000000,
        "otherthantemporaryimpairmentlossesinvestmentsportioninothercomprehensiveincomelossbeforetaxincludingportionattributabletononcontrollinginterest": 8000000,
        "otherthantemporaryimpairmentlossesinvestmentsportionrecognizedinearningsnetandequitymethodinvestmentotherthantemporaryimpairment": 91000000,
        "premiumsearnednet": 530000000,
        "othernonoperatingincomeexpense": 984000000,
        "noninterestincome": 7417000000,
        "revenues": 8000000,
        "provisionforloanlossesexpensed": 1575000000,
        "policyholderbenefitsandclaimsincurrednet": 205000000,
        "provisionchargedorreleaseforunfundedlendingcommitmentsothernet": -30000000,
        "provisionforloanleaseandotherlosses": 1400000000,
        "laborandrelatedexpense": 6114000000,
        "occupancynet": 804000000,
        "communicationsandinformationtechnology": 1630000000,
        "marketingandadvertisingexpense": 442000000,
        "othernoninterestexpense": 3965000000,
        "operatingexpenses": 12955000000,
        "incomelossfromcontinuingoperationsbeforeincometaxesminorityinterestandincomelossfromequitymethodinvestments": -85000000,
        "incometaxexpensebenefit": 11000000,
        "incomelossfromcontinuingoperationsincludingportionattributabletononcontrollinginterest": 34000000,
        "discontinuedoperationincomelossfromdiscontinuedoperationbeforeincometax": 173000000,
        "discontinuedoperationgainlossondisposalofdiscontinuedoperationnetoftax": 91000000,
        "discontinuedoperationtaxeffectofdiscontinuedoperation": -1000000,
        "incomelossfromdiscontinuedoperationsnetoftax": -3000000,
        "netincomelossattributabletononcontrollinginterest": 59000000,
        "netincomeloss": 2839000000,
        "incomelossfromcontinuingoperationsperbasicshare": 0.89,
        "incomelossfromdiscontinuedoperationsnetoftaxperbasicshare": -0.01,
        "earningspersharebasic": 0.88,
        "weightedaveragenumberofsharesoutstandingbasic": 3029500000,
        "incomelossfromcontinuingoperationsperdilutedshare": 0.88,
        "incomelossfromdiscontinuedoperationsnetoftaxperdilutedshare": -0.01,
        "earningspersharediluted": 0.88,
        "weightedaveragenumberofdilutedsharesoutstanding": 3034800000
    },
    {
        "date": "2014-06-29",
        "symbol": "C",
        "period": "Q2",
        "profitloss": 231000000,
        "othercomprehensiveincomeavailableforsalesecuritiesadjustmentnetoftaxportionattributabletoparent": 1006000000,
        "othercomprehensiveincomederivativesqualifyingashedgesnetoftaxportionattributabletoparent": 120000000,
        "othercomprehensiveincomedefinedbenefitplansadjustmentnetoftaxportionattributabletoparent": 144000000,
        "othercomprehensiveincomeforeigncurrencytransactionandtranslationadjustmentnetoftaxportionattributabletoparent": 17000000,
        "othercomprehensiveincomelossnetoftaxportionattributabletoparent": 999000000,
        "othercomprehensiveincomeavailableforsalesecuritiesadjustmentnetoftaxportionattributabletononcontrollinginterest": -8000000,
        "othercomprehensiveincomeforeigncurrencytransactionandtranslationadjustmentnetoftaxportionattributabletononcontrollinginterest": 2000000,
        "othercomprehensiveincomelossnetoftaxportionattributabletononcontrollinginterest": -6000000,
        "comprehensiveincomenetoftaxincludingportionattributabletononcontrollinginterest": 1236000000,
        "comprehensiveincomenetoftaxattributabletononcontrollinginterest": 50000000,
        "comprehensiveincomenetoftax": 1186000000,
        "interestanddividendincomeoperating": 15561000000,
        "interestexpense": 3615000000,
        "interestincomeexpensenet": 11946000000,
        "feesandcommissions": 135000000,
        "principaltransactionsrevenue": 77000000,
        "revenueotherfinancialservices": 1029000000,
        "realizedgainlossonmarketablesecuritiesandcostmethodinvestmentsexcludingotherthantemporaryimpairmentsandotherinvestments": 84000000,
        "impairmentofinvestmentsandequitymethodinvestmentotherthantemporaryimpairment": 37000000,
        "otherthantemporaryimpairmentlossesinvestmentsportionrecognizedinearningsnetandequitymethodinvestmentotherthantemporaryimpairment": 37000000,
        "premiumsearnednet": 488000000,
        "othernonoperatingincomeexpense": 498000000,
        "noninterestincome": 7396000000,
        "revenues": 3500000000,
        "provisionforloanlossesexpensed": 1579000000,
        "policyholderbenefitsandclaimsincurrednet": 182000000,
        "provisionchargedorreleaseforunfundedlendingcommitmentsothernet": -31000000,
        "provisionforloanleaseandotherlosses": 1500000000,
        "laborandrelatedexpense": 6028000000,
        "occupancynet": 819000000,
        "communicationsandinformationtechnology": 1619000000,
        "marketingandadvertisingexpense": 460000000,
        "othernoninterestexpense": 6595000000,
        "operatingexpenses": 15521000000,
        "incomelossfromcontinuingoperationsbeforeincometaxesminorityinterestandincomelossfromequitymethodinvestments": -28000000,
        "incometaxexpensebenefit": -39000000,
        "incomelossfromcontinuingoperationsincludingportionattributabletononcontrollinginterest": -62000000,
        "discontinuedoperationincomelossfromdiscontinuedoperationbeforeincometax": -25000000,
        "discontinuedoperationtaxeffectofdiscontinuedoperation": 2000000,
        "incomelossfromdiscontinuedoperationsnetoftax": 3000000,
        "netincomelossattributabletononcontrollinginterest": 50000000,
        "netincomeloss": 181000000,
        "incomelossfromcontinuingoperationsperbasicshare": 0.03,
        "incomelossfromdiscontinuedoperationsnetoftaxperbasicshare": -0.01,
        "earningspersharebasic": 0.03,
        "weightedaveragenumberofsharesoutstandingbasic": 3033800000,
        "incomelossfromcontinuingoperationsperdilutedshare": 0.03,
        "incomelossfromdiscontinuedoperationsnetoftaxperdilutedshare": -0.01,
        "earningspersharediluted": 0.03,
        "weightedaveragenumberofdilutedsharesoutstanding": 3038300000
    },
    {
        "date": "2013-09-29",
        "symbol": "C",
        "period": "Q3",
        "interestanddividendincomeoperating": 15463000000,
        "interestexpense": 3952000000,
        "interestincomeexpensenet": 11511000000,
        "feesandcommissions": 3095000000,
        "principaltransactionsrevenue": 1101000000,
        "revenueotherfinancialservices": 968000000,
        "availableforsalesecuritiesgrossrealizedgainlossexcludingotherthantemporaryimpairments": -63000000,
        "impairmentofinvestments": -39000000,
        "otherthantemporaryimpairmentlossesinvestmentsportionrecognizedinearningsnet": 39000000,
        "premiumsearnednet": 556000000,
        "othernonoperatingincomeexpense": 625000000,
        "noninterestincome": 6369000000,
        "revenues": 3500000000,
        "provisionforloanlossesexpensed": 1652000000,
        "policyholderbenefitsandclaimsincurrednet": 204000000,
        "provisionforotherlosses": 103000000,
        "provisionforloanleaseandotherlosses": 1959000000,
        "laborandrelatedexpense": 5828000000,
        "occupancynet": 763000000,
        "communicationsandinformationtechnology": 1568000000,
        "marketingandadvertisingexpense": 458000000,
        "othernoninterestexpense": 3038000000,
        "operatingexpenses": 11655000000,
        "incomelossfromcontinuingoperationsbeforeincometaxesminorityinterestandincomelossfromequitymethodinvestments": 4266000000,
        "incometaxexpensebenefit": 111000000,
        "incomelossfromcontinuingoperationsincludingportionattributabletononcontrollinginterest": 3186000000,
        "discontinuedoperationincomelossfromdiscontinuedoperationbeforeincometax": 27000000,
        "discontinuedoperationgainlossondisposalofdiscontinuedoperationnetoftax": 6000000,
        "discontinuedoperationtaxeffectofdiscontinuedoperation": -57000000,
        "incomelossfromdiscontinuedoperationsnetoftax": 85000000,
        "profitloss": 3278000000,
        "netincomelossattributabletononcontrollinginterest": 51000000,
        "netincomeloss": 175000000,
        "incomelossfromcontinuingoperationsperbasicshare": 0.98,
        "incomelossfromdiscontinuedoperationsnetoftaxperbasicshare": 0.03,
        "earningspersharebasic": 1.01,
        "weightedaveragenumberofsharesoutstandingbasic": 3034300000,
        "incomelossfromcontinuingoperationsperdilutedshare": 0.98,
        "incomelossfromdiscontinuedoperationsnetoftaxperdilutedshare": 0.03,
        "earningspersharediluted": 1,
        "weightedaveragenumberofdilutedsharesoutstanding": 3040900000,
        "othercomprehensiveincomeavailableforsalesecuritiesadjustmentnetoftaxportionattributabletoparent": -66000000,
        "othercomprehensiveincomederivativesqualifyingashedgesnetoftaxportionattributabletoparent": 330000000,
        "othercomprehensiveincomedefinedbenefitplansadjustmentnetoftaxportionattributabletoparent": -298000000,
        "othercomprehensiveincomeforeigncurrencytransactionandtranslationadjustmentnetoftaxportionattributabletoparent": 564000000,
        "othercomprehensiveincomelossnetoftaxportionattributabletoparent": 1126000000,
        "othercomprehensiveincomeavailableforsalesecuritiesadjustmentnetoftaxportionattributabletononcontrollinginterest": 3000000,
        "othercomprehensiveincomeforeigncurrencytransactionandtranslationadjustmentnetoftaxportionattributabletononcontrollinginterest": -34000000,
        "othercomprehensiveincomelossnetoftaxportionattributabletononcontrollinginterest": -31000000,
        "comprehensiveincomenetoftaxincludingportionattributabletononcontrollinginterest": 4435000000,
        "comprehensiveincomenetoftaxattributabletononcontrollinginterest": 82000000,
        "comprehensiveincomenetoftax": 4353000000
    },
    {
        "date": "2012-03-30",
        "symbol": "C",
        "period": "Q1",
        "impairmentchargerelatedtoinvestment": 1181000000,
        "interestanddividendincomeoperating": -846000000,
        "interestexpense": -26000000,
        "interestincomeexpensenet": -568000000,
        "feesandcommissions": -2000000,
        "principaltransactionsrevenue": 65000000,
        "revenueotherfinancialservices": 981000000,
        "availableforsalesecuritiesgrossrealizedgainlossexcludingotherthantemporaryimpairments": 1925000000,
        "marketablesecuritiesrealizedgainlossotherthantemporaryimpairmentsamount": 1327000000,
        "otherthantemporaryimpairmentlossesinvestmentsportioninothercomprehensiveincomelossbeforetaxincludingportionattributabletononcontrollinginterest": -22000000,
        "otherthantemporaryimpairmentlossesinvestmentsportionrecognizedinearningsnetavailableforsalesecurities": 1305000000,
        "premiumsearnednet": 635000000,
        "noninterestincomeother": 154000000,
        "noninterestincome": 94000000,
        "revenues": 10014000000,
        "provisionforloanlossesexpensed": 2828000000,
        "policyholderbenefitsandclaimsincurrednet": 229000000,
        "provisionforunfundedlendingcommitments": 38000000,
        "provisionsforcreditlossesandforbenefitsandclaimstotal": 3019000000,
        "laborandrelatedexpense": 60000000,
        "occupancynet": 799000000,
        "communicationsandinformationtechnology": 1382000000,
        "marketingandadvertisingexpense": 503000000,
        "othernoninterestexpense": 3250000000,
        "operatingexpenses": -236000000,
        "incomelossfromcontinuingoperationsbeforeincometaxesminorityinterestandincomelossfromequitymethodinvestments": -1270000000,
        "incometaxexpensebenefit": 1015000000,
        "incomelossfromcontinuingoperationsincludingportionattributabletononcontrollinginterest": 2931000000,
        "discontinuedoperationincomelossfromdiscontinuedoperationbeforeincometax": -3000000,
        "discontinuedoperationgainlossondisposalofdiscontinuedoperationnetoftax": -1000000,
        "discontinuedoperationtaxeffectofdiscontinuedoperation": 1000000,
        "incomelossfromdiscontinuedoperationsnetoftax": -5000000,
        "profitloss": 2931000000,
        "netincomelossattributabletononcontrollinginterest": 117000000,
        "netincomeloss": 2931000000,
        "incomelossfromcontinuingoperationsperbasicshare": 0.98,
        "earningspersharebasic": 0.98,
        "weightedaveragenumberofsharesoutstandingbasic": 2926200000,
        "incomelossfromcontinuingoperationsperdilutedshare": 0.96,
        "earningspersharediluted": 0.95,
        "weightedaveragenumberofdilutedsharesoutstanding": 3014500000,
        "othercomprehensiveincomeavailableforsalesecuritiesadjustmentnetoftaxportionattributabletoparent": -774000000,
        "othercomprehensiveincomederivativesqualifyingashedgesnetoftaxportionattributabletoparent": 220000000,
        "othercomprehensiveincomeforeigncurrencytransactionandtranslationadjustmentnetoftaxportionattributabletoparent": 1697000000,
        "othercomprehensiveincomedefinedbenefitplansadjustmentnetoftaxportionattributabletoparent": -90000000,
        "othercomprehensiveincomelossnetoftaxportionattributabletoparent": 1053000000,
        "othercomprehensiveincomeavailableforsalesecuritiesadjustmentnetoftaxportionattributabletononcontrollinginterest": 9000000,
        "othercomprehensiveincomeforeigncurrencytransactionandtranslationadjustmentnetoftaxportionattributabletononcontrollinginterest": 55000000,
        "othercomprehensiveincomelossnetoftaxportionattributabletononcontrollinginterest": 64000000,
        "comprehensiveincomenetoftaxincludingportionattributabletononcontrollinginterest": 4174000000,
        "comprehensiveincomenetoftaxattributabletononcontrollinginterest": 190000000,
        "comprehensiveincomenetoftax": 3984000000
    },
    {
        "date": "2011-06-29",
        "symbol": "C",
        "period": "Q2",
        "interestanddividendincomeoperating": -1034000000,
        "interestexpense": -23000000,
        "interestincomeexpensenet": -654000000,
        "feesandcommissions": -1000000,
        "principaltransactionsrevenue": 697000000,
        "administrationandotherfiduciaryfeesrevenue": 1068000000,
        "realizedgainlossonsalesofinvestments": 583000000,
        "marketablesecuritiesrealizedgainlossotherthantemporaryimpairmentsamount": 190000000,
        "othercomprehensiveincomereclassificationbeforetax": 19000000,
        "netimpairmentlossesonavailableforsalesecurities": 171000000,
        "premiumsearnednet": 684000000,
        "noninterestincomeother": 137000000,
        "noninterestincome": -134000000,
        "revenues": 3800000000,
        "provisionforloanlossesexpensed": 3181000000,
        "policyholderbenefitsandclaimsincurrednet": 219000000,
        "provisionforunfundedlendingcommitments": 13000000,
        "provisionsforcreditlossesandforbenefitsandclaimstotal": -376000000,
        "laborandrelatedexpense": -112000000,
        "occupancynet": 832000000,
        "communicationsandinformationtechnology": 1275000000,
        "marketingandadvertisingexpense": 627000000,
        "othernoninterestexpense": 3533000000,
        "operatingexpenses": -366000000,
        "incomelossfromcontinuingoperationsbeforeincometaxesminorityinterestandincomelossfromequitymethodinvestments": -6691000000,
        "incometaxexpensebenefit": -7000000,
        "incomelossfromcontinuingoperationsincludingportionattributabletononcontrollinginterest": -4196000000,
        "discontinuedoperationincomelossfromdiscontinuedoperationbeforeincometax": -17000000,
        "discontinuedoperationgainlossondisposalofdiscontinuedoperationnetoftax": 126000000,
        "discontinuedoperationtaxeffectofdiscontinuedoperation": 38000000,
        "incomelossfromdiscontinuedoperationsnetoftax": 71000000,
        "profitloss": -4196000000,
        "netincomelossattributabletononcontrollinginterest": 43000000,
        "netincomeloss": -4196000000,
        "incomelossfromcontinuingoperationsperbasicshare": 1.1,
        "incomelossfromdiscontinuedoperationsnetoftaxperbasicshare": 0.02,
        "earningspersharebasic": 1.12,
        "weightedaveragenumberofsharesoutstandingbasic": 2908600000,
        "incomelossfromcontinuingoperationsperdilutedshare": 1.07,
        "incomelossfromdiscontinuedoperationsnetoftaxperdilutedshare": 0.02,
        "earningspersharediluted": 1.09,
        "weightedaveragenumberofdilutedsharesoutstanding": 2997000000
    },
    {
        "date": "2010-09-29",
        "symbol": "C",
        "period": "Q3",
        "interestanddividendincomeoperating": -1255000000,
        "interestexpense": -18000000,
        "interestincomeexpensenet": -796000000,
        "feesandcommissions": -14000000,
        "principaltransactionsrevenue": 128000000,
        "administrationandotherfiduciaryfeesrevenue": 976000000,
        "realizedgainlossonsalesofinvestments": 962000000,
        "marketablesecuritiesrealizedgainlossotherthantemporaryimpairmentsamount": 230000000,
        "othercomprehensiveincomereclassificationbeforetax": 8000000,
        "netimpairmentlossesonavailableforsalesecurities": 220000000,
        "premiumsearnednet": 655000000,
        "noninterestincomeother": 4256000000,
        "noninterestincome": -222000000,
        "revenues": -2668000000,
        "provisionforloanlossesexpensed": 5666000000,
        "policyholderbenefitsandclaimsincurrednet": 227000000,
        "provisionforunfundedlendingcommitments": 26000000,
        "provisionsforcreditlossesandforbenefitsandclaimstotal": 5919000000,
        "laborandrelatedexpense": -121000000,
        "occupancynet": 964000000,
        "communicationsandinformationtechnology": 1131000000,
        "marketingandadvertisingexpense": 458000000,
        "othernoninterestexpense": 2850000000,
        "operatingexpenses": -3301000000,
        "incomelossfromcontinuingoperationsbeforeincometaxesminorityinterestandincomelossfromequitymethodinvestments": 1183000000,
        "incometaxexpensebenefit": 829000000,
        "incomelossfromcontinuingoperationsincludingportionattributabletononcontrollinginterest": -743000000,
        "discontinuedoperationincomelossfromdiscontinuedoperationbeforeincometax": 20000000,
        "discontinuedoperationgainlossondisposalofdiscontinuedoperationnetoftax": -784000000,
        "discontinuedoperationtaxeffectofdiscontinuedoperation": -365000000,
        "incomelossfromdiscontinuedoperationsnetoftax": -435000000,
        "profitloss": -743000000,
        "netincomelossattributabletononcontrollinginterest": 44000000,
        "netincomeloss": -743000000,
        "incomelossfromcontinuingoperationsperbasicshare": 0.09,
        "incomelossfromdiscontinuedoperationsnetoftaxperbasicshare": -0.02,
        "earningspersharebasic": 0.07,
        "weightedaveragenumberofsharesoutstandingbasic": 28877500000,
        "incomelossfromcontinuingoperationsperdilutedshare": 0.08,
        "incomelossfromdiscontinuedoperationsnetoftaxperdilutedshare": -0.01,
        "earningspersharediluted": 0.07,
        "weightedaveragenumberofdilutedsharesoutstanding": 29778300000
    },
    {
        "date": "2009-06-29",
        "symbol": "C",
        "period": "Q2",
        "interestanddividendincomeoperating": 19671000000,
        "interestexpense": 6842000000,
        "interestincomeexpensenet": 12829000000,
        "feesandcommissions": 5437000000,
        "principaltransactionsrevenue": 433000000,
        "administrationandotherfiduciaryfeesrevenue": 1472000000,
        "realizedgainlossonsalesofinvestments": 535000000,
        "marketablesecuritiesrealizedgainlossotherthantemporaryimpairmentsamount": 2329000000,
        "othercomprehensiveincomereclassificationbeforetax": 1634000000,
        "netimpairmentlossesonavailableforsalesecurities": 695000000,
        "premiumsearnednet": 745000000,
        "noninterestincomeother": 9213000000,
        "noninterestincome": 17140000000,
        "revenues": 29969000000,
        "provisionforloanlossesexpensed": 12233000000,
        "policyholderbenefitsandclaimsincurrednet": 308000000,
        "provisionforunfundedlendingcommitments": 135000000,
        "provisionsforcreditlossesandforbenefitsandclaimstotal": 12676000000,
        "laborandrelatedexpense": 6359000000,
        "occupancynet": 1091000000,
        "communicationsandinformationtechnology": 1154000000,
        "marketingandadvertisingexpense": 351000000,
        "restructuringcharges": -32000000,
        "othernoninterestexpense": 3076000000,
        "operatingexpenses": 11999000000,
        "incomelossfromcontinuingoperationsbeforeincometaxesminorityinterestandincomelossfromequitymethodinvestments": 5294000000,
        "incometaxexpensebenefit": 907000000,
        "incomelossfromcontinuingoperationsincludingportionattributabletononcontrollinginterest": 4387000000,
        "discontinuedoperationincomelossfromdiscontinuedoperationbeforeincometax": -279000000,
        "discontinuedoperationgainlossondisposalofdiscontinuedoperationnetoftax": 14000000,
        "discontinuedoperationtaxeffectofdiscontinuedoperation": -123000000,
        "incomelossfromdiscontinuedoperationsnetoftax": -142000000,
        "profitloss": 4245000000,
        "netincomelossattributabletononcontrollinginterest": -34000000,
        "netincomeloss": 4279000000,
        "incomelossfromcontinuingoperationsperbasicshare": 0.51,
        "incomelossfromdiscontinuedoperationsnetoftaxperbasicshare": -0.02,
        "earningspersharebasic": 0.49,
        "weightedaveragenumberofsharesoutstandingbasic": 5399500000,
        "incomelossfromcontinuingoperationsperdilutedshare": 0.51,
        "incomelossfromdiscontinuedoperationsnetoftaxperdilutedshare": -0.02,
        "earningspersharediluted": 0.49,
        "weightedaveragenumberofdilutedsharesoutstanding": 5967800000
    }
]