[
    {
        "date": "2024-09-29",
        "symbol": "PLTR",
        "period": "Q3",
        "revenuefromcontractwithcustomerexcludingassessedtax": 725516000,
        "costofrevenue": 146639000,
        "grossprofit": 578877000,
        "sellingandmarketingexpense": 209474000,
        "researchanddevelopmentexpense": 117555000,
        "generalandadministrativeexpense": 138708000,
        "operatingexpenses": 465737000,
        "operatingincomeloss": 113140000,
        "investmentincomeinterest": 52120000,
        "othernonoperatingincomeexpense": -8110000,
        "incomelossfromcontinuingoperationsbeforeincometaxesextraordinaryitemsnoncontrollinginterest": 157150000,
        "incometaxexpensebenefit": 7800000,
        "profitloss": 149341000,
        "netincomelossattributabletononcontrollinginterest": 5816000,
        "netincomeloss": 143525000,
        "earningspersharebasic": 0.06,
        "earningspersharediluted": 0.06,
        "weightedaveragenumberofsharesoutstandingbasic": 2250032000,
        "weightedaveragenumberofdilutedsharesoutstanding": 2459589000,
        "othercomprehensiveincomelossforeigncurrencytransactionandtranslationadjustmentnetoftax": 5887000,
        "othercomprehensiveincomelossavailableforsalesecuritiesadjustmentnetoftax": 4094000,
        "comprehensiveincomenetoftaxincludingportionattributabletononcontrollinginterest": 159322000,
        "comprehensiveincomenetoftaxattributabletononcontrollinginterest": 5937000,
        "comprehensiveincomenetoftax": 153385000
    },
    {
        "date": "2024-03-30",
        "symbol": "PLTR",
        "period": "Q1",
        "revenuefromcontractwithcustomerexcludingassessedtax": 634338000,
        "costofrevenue": 116256000,
        "grossprofit": 518082000,
        "sellingandmarketingexpense": 193177000,
        "researchanddevelopmentexpense": 110040000,
        "generalandadministrativeexpense": 133984000,
        "operatingexpenses": 437201000,
        "operatingincomeloss": 80881000,
        "investmentincomeinterest": 43352000,
        "othernonoperatingincomeexpense": -13507000,
        "incomelossfromcontinuingoperationsbeforeincometaxesextraordinaryitemsnoncontrollinginterest": 110726000,
        "incometaxexpensebenefit": 4655000,
        "profitloss": 106071000,
        "netincomelossattributabletononcontrollinginterest": 541000,
        "netincomeloss": 105530000,
        "earningspersharebasic": 0.05,
        "earningspersharediluted": 0.04,
        "weightedaveragenumberofsharesoutstandingbasic": 2213545000,
        "weightedaveragenumberofdilutedsharesoutstanding": 2400107000,
        "othercomprehensiveincomelossforeigncurrencytransactionandtranslationadjustmentnetoftax": -1899000,
        "othercomprehensiveincomelossavailableforsalesecuritiesadjustmentnetoftax": -4622000,
        "comprehensiveincomeincludingnci": 99550000,
        "comprehensiveincomenetoftaxattributabletononcontrollinginterest": 541000,
        "comprehensiveincomenetoftax": 99009000
    },
    {
        "date": "2023-12-30",
        "symbol": "PLTR",
        "period": "Q4",
        "revenuefromcontractwithcustomerexcludingassessedtax": 608350000,
        "costofrevenue": 108639000,
        "grossprofit": 499711000,
        "sellingandmarketingexpense": 197363000,
        "researchanddevelopmentexpense": 109283000,
        "generalandadministrativeexpense": 127271000,
        "operatingexpenses": 433917000,
        "operatingincomeloss": 65794000,
        "investmentincomeinterest": 44545000,
        "interestexpense": 136000,
        "othernonoperatingincomeexpense": -3956000,
        "incomelossfromcontinuingoperationsbeforeincometaxesextraordinaryitemsnoncontrollinginterest": 106247000,
        "incometaxexpensebenefit": 9334000,
        "profitloss": 96913000,
        "netincomelossattributabletononcontrollinginterest": 3522000,
        "netincomeloss": 93391000,
        "earningspersharebasic": 0.05,
        "earningspersharediluted": 0.039999999999999994,
        "weightedaveragenumberofsharesoutstandingbasic": 2147446000,
        "weightedaveragenumberofdilutedsharesoutstanding": 2297927000,
        "othercomprehensiveincomelossforeigncurrencytransactionandtranslationadjustmentnetoftax": 3682000,
        "othercomprehensiveincomelossavailableforsalesecuritiesadjustmentnetoftax": 4039000,
        "comprehensiveincomenetoftaxincludingportionattributabletononcontrollinginterest": 104634000,
        "comprehensiveincomenetoftaxattributabletononcontrollinginterest": 3522000,
        "comprehensiveincomenetoftax": 101112000
    },
    {
        "date": "2023-09-29",
        "symbol": "PLTR",
        "period": "Q3",
        "revenuefromcontractwithcustomerexcludingassessedtax": 558159000,
        "costofrevenue": 107922000,
        "grossprofit": 450237000,
        "sellingandmarketingexpense": 176373000,
        "researchanddevelopmentexpense": 105708000,
        "generalandadministrativeexpense": 128173000,
        "operatingexpenses": 410254000,
        "operatingincomeloss": 39983000,
        "investmentincomeinterest": 36864000,
        "interestexpense": 742000,
        "othernonoperatingincomeexpense": 3864000,
        "incomelossfromcontinuingoperationsbeforeincometaxesextraordinaryitemsnoncontrollinginterest": 79969000,
        "incometaxexpensebenefit": 6530000,
        "profitloss": 73439000,
        "netincomelossattributabletononcontrollinginterest": 1934000,
        "netincomeloss": 71505000,
        "earningspersharebasic": 0.03,
        "earningspersharediluted": 0.03,
        "weightedaveragenumberofsharesoutstandingbasic": 2162530000,
        "weightedaveragenumberofdilutedsharesoutstanding": 2325600000,
        "othercomprehensiveincomelossforeigncurrencytransactionandtranslationadjustmentnetoftax": -2164000,
        "othercomprehensiveincomelossavailableforsalesecuritiesadjustmentnetoftax": 168000,
        "comprehensiveincomenetoftaxincludingportionattributabletononcontrollinginterest": 71443000,
        "comprehensiveincomenetoftaxattributabletononcontrollinginterest": 1934000,
        "comprehensiveincomenetoftax": 69509000
    },
    {
        "date": "2023-06-29",
        "symbol": "PLTR",
        "period": "Q2",
        "revenuefromcontractwithcustomerexcludingassessedtax": 533317000,
        "costofrevenue": 106899000,
        "grossprofit": 426418000,
        "sellingandmarketingexpense": 184163000,
        "researchanddevelopmentexpense": 99533000,
        "generalandadministrativeexpense": 132648000,
        "operatingexpenses": 416344000,
        "operatingincomeloss": 10074000,
        "investmentincomeinterest": 30310000,
        "interestexpense": 1317000,
        "othernonoperatingincomeexpense": -9024000,
        "incomelossfromcontinuingoperationsbeforeincometaxesextraordinaryitemsnoncontrollinginterest": 30043000,
        "incometaxexpensebenefit": 2171000,
        "profitloss": 27872000,
        "netincomelossattributabletononcontrollinginterest": -255000,
        "netincomeloss": 28127000,
        "earningspersharebasic": 0.01,
        "earningspersharediluted": 0.01,
        "weightedaveragenumberofsharesoutstandingbasic": 2131224000,
        "weightedaveragenumberofdilutedsharesoutstanding": 2278155000,
        "othercomprehensiveincomelossforeigncurrencytransactionandtranslationadjustmentnetoftax": 166000,
        "othercomprehensiveincomelossavailableforsalesecuritiesadjustmentnetoftax": -1057000,
        "comprehensiveincomenetoftaxincludingportionattributabletononcontrollinginterest": 26981000,
        "comprehensiveincomenetoftaxattributabletononcontrollinginterest": -255000,
        "comprehensiveincomenetoftax": 27236000
    },
    {
        "date": "2023-03-30",
        "symbol": "PLTR",
        "period": "Q1",
        "revenuefromcontractwithcustomerexcludingassessedtax": 525186000,
        "costofrevenue": 107645000,
        "grossprofit": 417541000,
        "sellingandmarketingexpense": 187093000,
        "researchanddevelopmentexpense": 90100000,
        "generalandadministrativeexpense": 136233000,
        "operatingexpenses": 413426000,
        "operatingincomeloss": 4115000,
        "investmentincomeinterest": 20853000,
        "interestexpense": 1275000,
        "othernonoperatingincomeexpense": -2861000,
        "incomelossfromcontinuingoperationsbeforeincometaxesextraordinaryitemsnoncontrollinginterest": 20832000,
        "incometaxexpensebenefit": 1681000,
        "profitloss": 19151000,
        "netincomelossattributabletononcontrollinginterest": 2349000,
        "netincomeloss": 16802000,
        "earningspersharebasic": 0.01,
        "earningspersharediluted": 0.01,
        "weightedaveragenumberofsharesoutstandingbasic": 2107780000,
        "weightedaveragenumberofdilutedsharesoutstanding": 2217439000,
        "othercomprehensiveincomelossforeigncurrencytransactionandtranslationadjustmentnetoftax": 1015000,
        "othercomprehensiveincomelossavailableforsalesecuritiesadjustmentnetoftax": 285000,
        "comprehensiveincomenetoftaxincludingportionattributabletononcontrollinginterest": 20451000,
        "comprehensiveincomenetoftaxattributabletononcontrollinginterest": 2349000,
        "comprehensiveincomenetoftax": 18102000
    },
    {
        "date": "2022-12-30",
        "symbol": "PLTR",
        "period": "Q4",
        "revenuefromcontractwithcustomerexcludingassessedtax": 508624000,
        "costofrevenue": 104311000,
        "grossprofit": 404313000,
        "sellingandmarketingexpense": 190233000,
        "researchanddevelopmentexpense": 82044000,
        "generalandadministrativeexpense": 149862000,
        "operatingexpenses": 422139000,
        "operatingincomeloss": -17826000,
        "investmentincomeinterest": 12750000,
        "interestexpense": 1712000,
        "othernonoperatingincomeexpense": 44637000,
        "incomelossfromcontinuingoperationsbeforeincometaxesextraordinaryitemsnoncontrollinginterest": 37849000,
        "incometaxexpensebenefit": 4360000,
        "netincomeloss": 30878000,
        "earningspersharebasic": 0.020000000000000004,
        "earningspersharediluted": 0.020000000000000004,
        "weightedaveragenumberofsharesoutstandingbasic": -4100578000,
        "weightedaveragenumberofdilutedsharesoutstanding": -4100578000,
        "othercomprehensiveincomelossforeigncurrencytransactionandtranslationadjustmentnetoftax": 4502000,
        "comprehensiveincomenetoftax": 35380000
    },
    {
        "date": "2022-09-29",
        "symbol": "PLTR",
        "period": "Q3",
        "revenuefromcontractwithcustomerexcludingassessedtax": 477880000,
        "costofrevenue": 107611000,
        "grossprofit": 370269000,
        "sellingandmarketingexpense": 182918000,
        "researchanddevelopmentexpense": 100863000,
        "generalandadministrativeexpense": 148679000,
        "operatingexpenses": 432460000,
        "operatingincomeloss": -62191000,
        "investmentincomeinterest": 5540000,
        "interestexpense": 1082000,
        "othernonoperatingincomeexpense": -65046000,
        "incomelossfromcontinuingoperationsbeforeincometaxesextraordinaryitemsnoncontrollinginterest": -122779000,
        "incometaxexpensebenefit": 1096000,
        "netincomeloss": -123875000,
        "earningspersharebasic": -0.06,
        "earningspersharediluted": -0.06,
        "weightedaveragenumberofsharesoutstandingbasic": 2073265000,
        "weightedaveragenumberofdilutedsharesoutstanding": 2073265000,
        "othercomprehensiveincomelossforeigncurrencytransactionandtranslationadjustmentnetoftax": -3161000,
        "comprehensiveincomenetoftax": -127036000
    },
    {
        "date": "2022-06-29",
        "symbol": "PLTR",
        "period": "Q2",
        "revenuefromcontractwithcustomerexcludingassessedtax": 473010000,
        "costofrevenue": 102224000,
        "grossprofit": 370786000,
        "sellingandmarketingexpense": 168875000,
        "researchanddevelopmentexpense": 88171000,
        "generalandadministrativeexpense": 155485000,
        "operatingexpenses": 412531000,
        "operatingincomeloss": -41745000,
        "investmentincomeinterest": 1472000,
        "interestexpense": 670000,
        "othernonoperatingincomeexpense": -135798000,
        "incomelossfromcontinuingoperationsbeforeincometaxesextraordinaryitemsnoncontrollinginterest": -176741000,
        "incometaxexpensebenefit": 2588000,
        "netincomeloss": -179329000,
        "earningspersharebasic": -0.09,
        "earningspersharediluted": -0.09,
        "weightedaveragenumberofsharesoutstandingbasic": 2054799000,
        "weightedaveragenumberofdilutedsharesoutstanding": 2054799000,
        "othercomprehensiveincomelossforeigncurrencytransactionandtranslationadjustmentnetoftax": -2630000,
        "comprehensiveincomenetoftax": -181959000
    },
    {
        "date": "2022-03-30",
        "symbol": "PLTR",
        "period": "Q1",
        "revenuefromcontractwithcustomerexcludingassessedtax": 446357000,
        "costofrevenue": 94403000,
        "grossprofit": 351954000,
        "sellingandmarketingexpense": 160485000,
        "researchanddevelopmentexpense": 88601000,
        "generalandadministrativeexpense": 142307000,
        "operatingexpenses": 391393000,
        "operatingincomeloss": -39439000,
        "investmentincomeinterest": 547000,
        "interestexpense": 594000,
        "othernonoperatingincomeexpense": -59870000,
        "incomelossfromcontinuingoperationsbeforeincometaxesextraordinaryitemsnoncontrollinginterest": -99356000,
        "incometaxexpensebenefit": 2023000,
        "netincomeloss": -101379000,
        "earningspersharebasic": -0.05,
        "earningspersharediluted": -0.05,
        "weightedaveragenumberofsharesoutstandingbasic": 2036307000,
        "weightedaveragenumberofdilutedsharesoutstanding": 2036307000,
        "othercomprehensiveincomelossforeigncurrencytransactionandtranslationadjustmentnetoftax": -1695000,
        "comprehensiveincomenetoftax": -103074000
    },
    {
        "date": "2021-12-30",
        "symbol": "PLTR",
        "period": "Q4",
        "revenuefromcontractwithcustomerexcludingassessedtax": 432867000,
        "costofrevenue": 87563000,
        "grossprofit": 345304000,
        "sellingandmarketingexpense": 162593000,
        "researchanddevelopmentexpense": 84176000,
        "generalandadministrativeexpense": 157478000,
        "operatingexpenses": 404247000,
        "operatingincomeloss": -58943000,
        "investmentincomeinterest": 480000,
        "interestexpense": 601000,
        "othernonoperatingincomeexpense": -64118000,
        "incomelossfromcontinuingoperationsbeforeincometaxesextraordinaryitemsnoncontrollinginterest": -123182000,
        "incometaxexpensebenefit": 33006000,
        "netincomeloss": -156188000,
        "earningspersharebasic": -0.08000000000000002,
        "earningspersharediluted": -0.08000000000000002,
        "weightedaveragenumberofsharesoutstandingbasic": -3756542000,
        "weightedaveragenumberofdilutedsharesoutstanding": -3756542000,
        "othercomprehensiveincomelossforeigncurrencytransactionandtranslationadjustmentnetoftax": -654000,
        "comprehensiveincomenetoftax": -156842000
    },
    {
        "date": "2021-09-29",
        "symbol": "PLTR",
        "period": "Q3",
        "revenuefromcontractwithcustomerexcludingassessedtax": 392146000,
        "costofrevenue": 86804000,
        "grossprofit": 305342000,
        "sellingandmarketingexpense": 153443000,
        "researchanddevelopmentexpense": 94316000,
        "generalandadministrativeexpense": 149524000,
        "operatingexpenses": 397283000,
        "operatingincomeloss": -91941000,
        "investmentincomeinterest": 379000,
        "interestexpense": 609000,
        "othernonoperatingincomeexpense": -8528000,
        "incomelossfromcontinuingoperationsbeforeincometaxesextraordinaryitemsnoncontrollinginterest": -100699000,
        "incometaxexpensebenefit": 1438000,
        "netincomeloss": -102137000,
        "earningspersharebasic": -0.05,
        "earningspersharediluted": -0.05,
        "weightedaveragenumberofsharesoutstandingbasic": 1964395000,
        "weightedaveragenumberofdilutedsharesoutstanding": 1964395000,
        "othercomprehensiveincomelossforeigncurrencytransactionandtranslationadjustmentnetoftax": -1760000,
        "comprehensiveincomenetoftax": -103897000
    },
    {
        "date": "2021-06-29",
        "symbol": "PLTR",
        "period": "Q2",
        "revenuefromcontractwithcustomerexcludingassessedtax": 375642000,
        "costofrevenue": 90926000,
        "grossprofit": 284716000,
        "sellingandmarketingexpense": 162379000,
        "researchanddevelopmentexpense": 110524000,
        "generalandadministrativeexpense": 157961000,
        "operatingexpenses": 430864000,
        "operatingincomeloss": -146148000,
        "investmentincomeinterest": 372000,
        "interestexpense": 590000,
        "othernonoperatingincomeexpense": 2125000,
        "incomelossfromcontinuingoperationsbeforeincometaxesextraordinaryitemsnoncontrollinginterest": -144241000,
        "incometaxexpensebenefit": -5661000,
        "netincomeloss": -138580000,
        "earningspersharebasic": -0.07,
        "earningspersharediluted": -0.07,
        "weightedaveragenumberofsharesoutstandingbasic": 1894606000,
        "weightedaveragenumberofdilutedsharesoutstanding": 1894606000,
        "othercomprehensiveincomelossforeigncurrencytransactionandtranslationadjustmentnetoftax": -800000,
        "comprehensiveincomenetoftax": -139380000
    },
    {
        "date": "2021-03-30",
        "symbol": "PLTR",
        "period": "Q1",
        "revenuefromcontractwithcustomerexcludingassessedtax": 341234000,
        "costofrevenue": 74111000,
        "grossprofit": 267123000,
        "sellingandmarketingexpense": 136097000,
        "researchanddevelopmentexpense": 98471000,
        "generalandadministrativeexpense": 146569000,
        "operatingexpenses": 381137000,
        "operatingincomeloss": -114014000,
        "investmentincomeinterest": 376000,
        "interestexpense": 1840000,
        "othernonoperatingincomeexpense": -4894000,
        "incomelossfromcontinuingoperationsbeforeincometaxesextraordinaryitemsnoncontrollinginterest": -120372000,
        "incometaxexpensebenefit": 3102000,
        "netincomeloss": -123474000,
        "earningspersharebasic": -0.07,
        "earningspersharediluted": -0.07,
        "weightedaveragenumberofsharesoutstandingbasic": 1821158000,
        "weightedaveragenumberofdilutedsharesoutstanding": 1821158000,
        "othercomprehensiveincomelossforeigncurrencytransactionandtranslationadjustmentnetoftax": 3610000,
        "comprehensiveincomenetoftax": -119864000
    },
    {
        "date": "2020-09-29",
        "symbol": "PLTR",
        "period": "Q3",
        "revenuefromcontractwithcustomerincludingassessedtax": 289366000,
        "costofrevenue": 149340000,
        "grossprofit": 140026000,
        "sellingandmarketingexpense": 334911000,
        "researchanddevelopmentexpense": 57146000,
        "generalandadministrativeexpense": 107130000,
        "operatingexpenses": 987803000,
        "operatingincomeloss": 163458000,
        "investmentincomeinterest": 494000,
        "interestexpense": 2085000,
        "fairvalueadjustmentofwarrants": 9201000,
        "othernonoperatingincomeexpense": -3293000,
        "incomelossfromcontinuingoperationsbeforeincometaxesextraordinaryitemsnoncontrollinginterest": -861862000,
        "incometaxexpensebenefit": -8543000,
        "netincomeloss": -853319000,
        "earningspersharebasic": -0.94,
        "earningspersharediluted": -0.94,
        "weightedaveragenumberofsharesoutstandingbasic": 905462010,
        "weightedaveragenumberofdilutedsharesoutstanding": 905462010,
        "othercomprehensiveincomelossforeigncurrencytransactionandtranslationadjustmentnetoftax": 268000,
        "comprehensiveincomenetoftax": -853051000
    }
]