[
    {
        "date": "2024-09-29",
        "symbol": "EQT",
        "period": "Q3",
        "revenuefromcontractwithcustomerexcludingassessedtax": 1211036000,
        "derivativeinstrumentsnotdesignatedashedginginstrumentsgainlossnet": 66816000,
        "revenuenotfromcontractwithcustomerother": 5950000,
        "revenues": 1283802000,
        "costofgoodsandservicessold": 440845000,
        "resultsofoperationsproductionorliftingcosts": 93842000,
        "operatingcostsandexpenses": 40518000,
        "explorationexpense": 282000,
        "sellinggeneralandadministrativeexpense": 88470000,
        "depreciationdepletionandamortization": 589299000,
        "gainlossonsaleofpropertyplantequipment": -10117000,
        "gainlossonexpirationandimpairmentoflease": -12095000,
        "otheroperatingincomeexpensenet": -290174000,
        "costsandexpenses": 1565642000,
        "operatingincomeloss": -281840000,
        "unrealizedgainlossoninvestments": 34242000,
        "othernonoperatingincomeexpense": 3960000,
        "gainslossesonextinguishmentofdebt": -365000,
        "interestexpensenonoperating": 158299000,
        "incomelossfromcontinuingoperationsbeforeincometaxesextraordinaryitemsnoncontrollinginterest": -402302000,
        "incometaxexpensebenefit": -104870000,
        "profitloss": -297432000,
        "netincomelossattributabletononcontrollinginterest": 3391000,
        "netincomeloss": -300823000,
        "weightedaveragenumberofsharesoutstandingbasic": 559603000,
        "earningspersharebasic": -0.54,
        "weightedaveragenumberofdilutedsharesoutstanding": 559603000,
        "earningspersharediluted": -0.54,
        "othercomprehensiveincomelosspensionandotherpostretirementbenefitplansadjustmentnetoftax": -28000,
        "comprehensiveincomenetoftaxincludingportionattributabletononcontrollinginterest": -297404000,
        "comprehensiveincomenetoftaxattributabletononcontrollinginterest": 3391000,
        "comprehensiveincomenetoftax": -300795000,
        "othercomprehensiveincomelosspensionandotherpostretirementbenefitplanstax": -13000
    },
    {
        "date": "2024-06-29",
        "symbol": "EQT",
        "period": "Q2",
        "revenuefromcontractwithcustomerexcludingassessedtax": 889517000,
        "derivativeinstrumentsnotdesignatedashedginginstrumentsgainlossnet": 61333000,
        "revenuenotfromcontractwithcustomerother": 1662000,
        "revenues": 952512000,
        "costofgoodsandservicessold": 543067000,
        "resultsofoperationsproductionorliftingcosts": 102187000,
        "explorationexpense": 1378000,
        "sellinggeneralandadministrativeexpense": 67207000,
        "depreciationdepletionandamortization": 465982000,
        "gainlossonsaleofpropertyplantequipment": 320129000,
        "gainlossonexpirationandimpairmentoflease": -37659000,
        "otheroperatingincomeexpensenet": -52190000,
        "costsandexpenses": 949541000,
        "operatingincomeloss": 2971000,
        "unrealizedgainlossoninvestments": 172000,
        "othernonoperatingincomeexpense": 19431000,
        "gainslossesonextinguishmentofdebt": -1837000,
        "interestexpensenonoperating": 55720000,
        "incomelossfromcontinuingoperationsbeforeincometaxesextraordinaryitemsnoncontrollinginterest": -34983000,
        "incometaxexpensebenefit": -44222000,
        "profitloss": 9239000,
        "netincomelossattributabletononcontrollinginterest": -278000,
        "netincomeloss": 9517000,
        "weightedaveragenumberofsharesoutstandingbasic": 441968000,
        "earningspersharebasic": 0.02,
        "weightedaveragenumberofdilutedsharesoutstanding": 444921000,
        "earningspersharediluted": 0.02,
        "othercomprehensiveincomelosspensionandotherpostretirementbenefitplansadjustmentnetoftax": -43000,
        "comprehensiveincomenetoftaxincludingportionattributabletononcontrollinginterest": 9282000,
        "comprehensiveincomenetoftaxattributabletononcontrollinginterest": -278000,
        "comprehensiveincomenetoftax": 9560000,
        "othercomprehensiveincomelosspensionandotherpostretirementbenefitplanstax": -13000
    },
    {
        "date": "2023-12-30",
        "symbol": "EQT",
        "period": "Q4",
        "revenuefromcontractwithcustomerexcludingassessedtax": 1364202000,
        "derivativeinstrumentsnotdesignatedashedginginstrumentsgainlossnet": 671797000,
        "revenuenotfromcontractwithcustomerother": 7000000,
        "revenues": 2042999000,
        "costofgoodsandservicessold": 564326000,
        "resultsofoperationsproductionorliftingcosts": 84629000,
        "explorationexpense": 728000,
        "sellinggeneralandadministrativeexpense": 67172000,
        "depreciationdepletionandamortization": 501887000,
        "gainlossonsaleofpropertyplantequipment": 369000,
        "gainlossonexpirationandimpairmentoflease": -87131000,
        "otheroperatingincomeexpensenet": -14778000,
        "costsandexpenses": 1320282000,
        "operatingincomeloss": 722717000,
        "unrealizedgainlossoninvestments": 2286000,
        "othernonoperatingincomeexpense": 362000,
        "gainslossesonextinguishmentofdebt": -135000,
        "interestexpense": 72804000,
        "incomelossfromcontinuingoperationsbeforeincometaxesextraordinaryitemsnoncontrollinginterest": 652426000,
        "incometaxexpensebenefit": 150979000,
        "profitloss": 1653369000,
        "netincomelossattributabletononcontrollinginterest": -608000,
        "netincomeloss": 502055000,
        "weightedaveragenumberofsharesoutstandingbasic": 380902000,
        "earningspersharebasic": 1.1599999999999993,
        "weightedaveragenumberofdilutedsharesoutstanding": 413224000,
        "earningspersharediluted": 1.0999999999999992,
        "othercomprehensiveincomelosspensionandotherpostretirementbenefitplansadjustmentnetoftax": -40000,
        "comprehensiveincomenetoftaxincludingportionattributabletononcontrollinginterest": 501487000,
        "comprehensiveincomenetoftaxattributabletononcontrollinginterest": -608000,
        "comprehensiveincomenetoftax": 502095000,
        "othercomprehensiveincomelosspensionandotherpostretirementbenefitplanstax": -15000
    },
    {
        "date": "2023-09-29",
        "symbol": "EQT",
        "period": "Q3",
        "revenuefromcontractwithcustomerexcludingassessedtax": 1001883000,
        "derivativeinstrumentsnotdesignatedashedginginstrumentsgainlossnet": 177906000,
        "revenuenotfromcontractwithcustomerother": 6313000,
        "revenues": 1186102000,
        "costofgoodsandservicessold": 554788000,
        "resultsofoperationsproductionorliftingcosts": 67093000,
        "explorationexpense": 447000,
        "sellinggeneralandadministrativeexpense": 56942000,
        "depreciationdepletionandamortization": 446886000,
        "gainlossonsaleofpropertyplantequipment": -1511000,
        "gainlossonexpirationandimpairmentoflease": -6419000,
        "otheroperatingincomeexpensenet": -36209000,
        "costsandexpenses": 1170295000,
        "operatingincomeloss": 15807000,
        "unrealizedgainlossoninvestments": -546000,
        "othernonoperatingincomeexpense": 132000,
        "gainslossesonextinguishmentofdebt": -1089000,
        "interestexpense": 60427000,
        "incomelossfromcontinuingoperationsbeforeincometaxesextraordinaryitemsnoncontrollinginterest": -46123000,
        "incometaxexpensebenefit": -126853000,
        "profitloss": 80730000,
        "netincomelossattributabletononcontrollinginterest": -525000,
        "netincomeloss": 81255000,
        "weightedaveragenumberofsharesoutstandingbasic": 383359000,
        "earningspersharebasic": 0.21,
        "weightedaveragenumberofdilutedsharesoutstanding": 416190000,
        "earningspersharediluted": 0.2,
        "othercomprehensiveincomelosspensionandotherpostretirementbenefitplansadjustmentnetoftax": -57000,
        "comprehensiveincomenetoftaxincludingportionattributabletononcontrollinginterest": 80787000,
        "comprehensiveincomenetoftaxattributabletononcontrollinginterest": -525000,
        "comprehensiveincomenetoftax": 81312000,
        "othercomprehensiveincomelosspensionandotherpostretirementbenefitplanstax": -15000
    },
    {
        "date": "2023-06-29",
        "symbol": "EQT",
        "period": "Q2",
        "revenuefromcontractwithcustomerexcludingassessedtax": 848325000,
        "derivativeinstrumentsnotdesignatedashedginginstrumentsgainlossnet": 164386000,
        "revenuenotfromcontractwithcustomerother": 6040000,
        "revenues": 1018751000,
        "costofgoodsandservicessold": 523162000,
        "resultsofoperationsproductionorliftingcosts": 55038000,
        "explorationexpense": 1203000,
        "sellinggeneralandadministrativeexpense": 60163000,
        "depreciationdepletionandamortization": 395684000,
        "gainlossonsaleofpropertyplantequipment": 225000,
        "gainlossonexpirationandimpairmentoflease": -5325000,
        "otheroperatingincomeexpensenet": -13394000,
        "costsandexpenses": 1053744000,
        "operatingincomeloss": -34993000,
        "unrealizedgainlossoninvestments": 1092000,
        "othernonoperatingincomeexpense": 562000,
        "gainslossesonextinguishmentofdebt": -5462000,
        "interestexpense": 39883000,
        "incomelossfromcontinuingoperationsbeforeincometaxesextraordinaryitemsnoncontrollinginterest": -78684000,
        "incometaxexpensebenefit": -11818000,
        "profitloss": -240000,
        "netincomelossattributabletononcontrollinginterest": -240000,
        "netincomeloss": -66626000,
        "weightedaveragenumberofsharesoutstandingbasic": 361982000,
        "earningspersharebasic": -0.18,
        "weightedaveragenumberofdilutedsharesoutstanding": 361982000,
        "earningspersharediluted": -0.18,
        "othercomprehensiveincomelosspensionandotherpostretirementbenefitplansadjustmentnetoftax": -49000,
        "comprehensiveincomenetoftaxincludingportionattributabletononcontrollinginterest": -66817000,
        "comprehensiveincomenetoftaxattributabletononcontrollinginterest": -240000,
        "comprehensiveincomenetoftax": -66577000,
        "othercomprehensiveincomelosspensionandotherpostretirementbenefitplanstax": -14000
    },
    {
        "date": "2023-03-30",
        "symbol": "EQT",
        "period": "Q1",
        "revenuefromcontractwithcustomerexcludingassessedtax": 1830358000,
        "derivativeinstrumentsnotdesignatedashedginginstrumentsgainlossnet": 824852000,
        "revenuenotfromcontractwithcustomerother": 5861000,
        "revenues": 2661071000,
        "costofgoodsandservicessold": 514984000,
        "resultsofoperationsproductionorliftingcosts": 47940000,
        "explorationexpense": 952000,
        "sellinggeneralandadministrativeexpense": 51894000,
        "depreciationdepletionandamortization": 387685000,
        "gainlossonsaleofpropertyplantequipment": -16528000,
        "gainlossonexpirationandimpairmentoflease": -10546000,
        "otheroperatingincomeexpensenet": -19662000,
        "costsandexpenses": 1050191000,
        "operatingincomeloss": 1610880000,
        "unrealizedgainlossoninvestments": 4764000,
        "othernonoperatingincomeexpense": 175000,
        "gainslossesonextinguishmentofdebt": 6606000,
        "interestexpense": 46546000,
        "incomelossfromcontinuingoperationsbeforeincometaxesextraordinaryitemsnoncontrollinginterest": 1575879000,
        "incometaxexpensebenefit": 356646000,
        "profitloss": 685000,
        "netincomelossattributabletononcontrollinginterest": 685000,
        "netincomeloss": 1218548000,
        "weightedaveragenumberofsharesoutstandingbasic": 361462000,
        "earningspersharebasic": 3.37,
        "weightedaveragenumberofdilutedsharesoutstanding": 393883000,
        "earningspersharediluted": 3.1,
        "othercomprehensiveincomelosspensionandotherpostretirementbenefitplansadjustmentnetoftax": -164000,
        "comprehensiveincomenetoftaxincludingportionattributabletononcontrollinginterest": 1219397000,
        "comprehensiveincomenetoftaxattributabletononcontrollinginterest": 685000,
        "comprehensiveincomenetoftax": 1218712000,
        "othercomprehensiveincomelosspensionandotherpostretirementbenefitplanstax": -15000
    },
    {
        "date": "2022-12-30",
        "symbol": "EQT",
        "period": "Q4",
        "revenuefromcontractwithcustomerexcludingassessedtax": 2568139000,
        "derivativeinstrumentsnotdesignatedashedginginstrumentsgainlossnet": 907096000,
        "revenuenotfromcontractwithcustomerother": 4593000,
        "revenues": 3479828000,
        "costofgoodsandservicessold": 520076000,
        "resultsofoperationsproductionorliftingcosts": 65632000,
        "explorationexpense": 568000,
        "sellinggeneralandadministrativeexpense": 57042000,
        "depreciationdepletionandamortization": 396026000,
        "gainlossonsaleofpropertyplantequipment": 5991000,
        "gainlossonexpirationandimpairmentoflease": -79070000,
        "otheroperatingincomeexpensenet": -18379000,
        "costsandexpenses": 1160052000,
        "operatingincomeloss": 2319776000,
        "unrealizedgainlossoninvestments": 9400000,
        "othernonoperatingincomeexpense": 214000,
        "gainslossesonextinguishmentofdebt": -944000,
        "interestexpense": 55630000,
        "incomelossfromcontinuingoperationsbeforeincometaxesextraordinaryitemsnoncontrollinginterest": 2272816000,
        "incometaxexpensebenefit": 558977000,
        "profitloss": 1857000,
        "netincomelossattributabletononcontrollinginterest": 1857000,
        "netincomeloss": 1711982000,
        "weightedaveragenumberofsharesoutstandingbasic": -1260000,
        "earningspersharebasic": 4.63,
        "weightedaveragenumberofdilutedsharesoutstanding": 29467000,
        "earningspersharediluted": 4.22,
        "othercomprehensiveincomelosspensionandotherpostretirementbenefitplansadjustmentnetoftax": -1427000,
        "comprehensiveincomenetoftaxincludingportionattributabletononcontrollinginterest": 1715266000,
        "comprehensiveincomenetoftaxattributabletononcontrollinginterest": 1857000,
        "comprehensiveincomenetoftax": 1713409000,
        "othercomprehensiveincomelosspensionandotherpostretirementbenefitplanstax": -427000
    },
    {
        "date": "2022-09-29",
        "symbol": "EQT",
        "period": "Q3",
        "revenuefromcontractwithcustomerexcludingassessedtax": 3694194000,
        "derivativeinstrumentsnotdesignatedashedginginstrumentsgainlossnet": -1627296000,
        "revenuenotfromcontractwithcustomerother": 2565000,
        "revenues": 2069463000,
        "costofgoodsandservicessold": 541092000,
        "resultsofoperationsproductionorliftingcosts": 81785000,
        "explorationexpense": 357000,
        "sellinggeneralandadministrativeexpense": 67231000,
        "depreciationdepletionandamortization": 418695000,
        "gainlossonsaleofpropertyplantequipment": 265000,
        "gainlossonexpirationandimpairmentoflease": -20497000,
        "otheroperatingincomeexpensenet": -15485000,
        "costsandexpenses": 1144877000,
        "operatingincomeloss": 924586000,
        "unrealizedgainlossoninvestments": 2877000,
        "othernonoperatingincomeexpense": 157000,
        "gainslossesonextinguishmentofdebt": -27814000,
        "interestexpense": 60138000,
        "incomelossfromcontinuingoperationsbeforeincometaxesextraordinaryitemsnoncontrollinginterest": 839668000,
        "incometaxexpensebenefit": 152206000,
        "profitloss": 3792000,
        "netincomelossattributabletononcontrollinginterest": 3792000,
        "netincomeloss": 683670000,
        "weightedaveragenumberofsharesoutstandingbasic": -715000,
        "earningspersharebasic": 1.8399999999999999,
        "weightedaveragenumberofdilutedsharesoutstanding": 5005000,
        "earningspersharediluted": 1.8399999999999999,
        "othercomprehensiveincomelosspensionandotherpostretirementbenefitplansadjustmentnetoftax": -63000,
        "comprehensiveincomenetoftaxincludingportionattributabletononcontrollinginterest": 687525000,
        "comprehensiveincomenetoftaxattributabletononcontrollinginterest": 3792000,
        "comprehensiveincomenetoftax": 683733000,
        "othercomprehensiveincomelosspensionandotherpostretirementbenefitplanstax": -20000
    },
    {
        "date": "2022-06-29",
        "symbol": "EQT",
        "period": "Q2",
        "revenuefromcontractwithcustomerexcludingassessedtax": 3365211000,
        "derivativeinstrumentsnotdesignatedashedginginstrumentsgainlossnet": -845095000,
        "revenuenotfromcontractwithcustomerother": 7392000,
        "revenues": 2527508000,
        "costofgoodsandservicessold": 539704000,
        "resultsofoperationsproductionorliftingcosts": 82556000,
        "explorationexpense": 1741000,
        "sellinggeneralandadministrativeexpense": 59276000,
        "depreciationdepletionandamortization": 429143000,
        "gainlossonsaleofpropertyplantequipment": 981000,
        "impairmentofcontractasset": 0,
        "gainlossonexpirationandimpairmentoflease": -47048000,
        "otheroperatingincomeexpensenet": -7120000,
        "costsandexpenses": 1165607000,
        "operatingincomeloss": 1361901000,
        "unrealizedgainlossoninvestments": 3577000,
        "othernonoperatingincomeexpense": 7313000,
        "gainslossesonextinguishmentofdebt": -104348000,
        "interestexpense": 65985000,
        "incomelossfromcontinuingoperationsbeforeincometaxesextraordinaryitemsnoncontrollinginterest": 1202458000,
        "incometaxexpensebenefit": 308234000,
        "profitloss": 2863000,
        "netincomelossattributabletononcontrollinginterest": 2863000,
        "netincomeloss": 891361000,
        "weightedaveragenumberofsharesoutstandingbasic": -2119000,
        "earningspersharebasic": 2.37,
        "weightedaveragenumberofdilutedsharesoutstanding": -2119000,
        "earningspersharediluted": 2.37,
        "othercomprehensiveincomelosspensionandotherpostretirementbenefitplansadjustmentnetoftax": -64000,
        "comprehensiveincomenetoftaxincludingportionattributabletononcontrollinginterest": 894288000,
        "comprehensiveincomenetoftaxattributabletononcontrollinginterest": 2863000,
        "comprehensiveincomenetoftax": 891425000,
        "othercomprehensiveincomelosspensionandotherpostretirementbenefitplanstax": -21000
    },
    {
        "date": "2022-03-30",
        "symbol": "EQT",
        "period": "Q1",
        "revenuefromcontractwithcustomerexcludingassessedtax": 2486624000,
        "derivativeinstrumentsnotdesignatedashedginginstrumentsgainlossnet": -3077637000,
        "revenuenotfromcontractwithcustomerother": 11903000,
        "revenues": -579110000,
        "costofgoodsandservicessold": 516104000,
        "resultsofoperationsproductionorliftingcosts": 71012000,
        "explorationexpense": 772000,
        "sellinggeneralandadministrativeexpense": 69096000,
        "depreciationdepletionandamortization": 422098000,
        "gainlossonsaleofpropertyplantequipment": 1209000,
        "impairmentofcontractasset": 184945000,
        "gainlossonexpirationandimpairmentoflease": -29991000,
        "otheroperatingincomeexpensenet": -16347000,
        "costsandexpenses": 1309156000,
        "operatingincomeloss": -1888266000,
        "unrealizedgainlossoninvestments": -20785000,
        "othernonoperatingincomeexpense": 3596000,
        "gainslossesonextinguishmentofdebt": -6923000,
        "interestexpense": 67902000,
        "incomelossfromcontinuingoperationsbeforeincometaxesextraordinaryitemsnoncontrollinginterest": -1980280000,
        "incometaxexpensebenefit": -465697000,
        "profitloss": 1465000,
        "netincomelossattributabletononcontrollinginterest": 1465000,
        "netincomeloss": -1516048000,
        "weightedaveragenumberofsharesoutstandingbasic": 374142000,
        "weightedaveragenumberofdilutedsharesoutstanding": 374142000,
        "earningspersharebasic": -4.05,
        "earningspersharediluted": -4.05,
        "othercomprehensiveincomelosspensionandotherpostretirementbenefitplansadjustmentnetoftax": -63000,
        "comprehensiveincomenetoftaxincludingportionattributabletononcontrollinginterest": -1514520000,
        "comprehensiveincomenetoftaxattributabletononcontrollinginterest": 1465000,
        "comprehensiveincomenetoftax": -1515985000,
        "othercomprehensiveincomelosspensionandotherpostretirementbenefitplanstax": -20000
    },
    {
        "date": "2021-12-30",
        "symbol": "EQT",
        "period": "Q4",
        "revenuefromcontractwithcustomerexcludingassessedtax": 2811115000,
        "derivativeinstrumentsnotdesignatedashedginginstrumentsgainlossnet": 1016540000,
        "revenuenotfromcontractwithcustomerother": 12039000,
        "revenues": 3839694000,
        "costofgoodsandservicessold": 537468000,
        "resultsofoperationsproductionorliftingcosts": 72680000,
        "explorationexpense": 1180000,
        "sellinggeneralandadministrativeexpense": 52343000,
        "depreciationdepletionandamortization": 476422000,
        "costsandexpenses": 1382347000,
        "operatingincomeloss": 2457347000,
        "othernonoperatingincomeexpense": 7776000,
        "interestexpense": -251584000,
        "incomelossfromcontinuingoperationsbeforeincometaxesextraordinaryitemsnoncontrollinginterest": 2393634000,
        "incometaxexpensebenefit": 1031393000,
        "profitloss": -13037000,
        "netincomelossattributabletononcontrollinginterest": 1221000,
        "netincomeloss": 2944080000,
        "weightedaveragenumberofsharesoutstandingbasic": 18235000,
        "weightedaveragenumberofdilutedsharesoutstanding": 18235000,
        "earningspersharebasic": 9.74,
        "earningspersharediluted": 9.74,
        "othercomprehensiveincomelosspensionandotherpostretirementbenefitplansadjustmentnetoftax": -546000,
        "comprehensiveincomenetoftaxincludingportionattributabletononcontrollinginterest": 1803100000,
        "comprehensiveincomenetoftaxattributabletononcontrollinginterest": 1221000,
        "comprehensiveincomenetoftax": 1801879000,
        "othercomprehensiveincomelosspensionandotherpostretirementbenefitplanstax": -130000
    },
    {
        "date": "2021-09-29",
        "symbol": "EQT",
        "period": "Q3",
        "revenuefromcontractwithcustomerexcludingassessedtax": 3992905000,
        "derivativeinstrumentsnotdesignatedashedginginstrumentsgainlossnet": -4602769000,
        "revenuenotfromcontractwithcustomerother": 8349000,
        "revenues": -1464838000,
        "costofgoodsandservicessold": 494897000,
        "resultsofoperationsproductionorliftingcosts": 57823000,
        "explorationexpense": 20495000,
        "sellinggeneralandadministrativeexpense": 49113000,
        "depreciationdepletionandamortization": 442876000,
        "nonmonetarytransactiongainlossrecognizedontransfer": 391000,
        "lossonexpirationandimpairmentoflease": 41109000,
        "othercostandexpenseoperating": 38766000,
        "costsandexpenses": 1144688000,
        "operatingincomeloss": -3827167000,
        "investmentincomenet": 43184000,
        "othernonoperatingincomeexpense": 4260000,
        "gainslossesonextinguishmentofdebt": 0,
        "interestexpense": 80349000,
        "incomelossfromcontinuingoperationsbeforeincometaxesextraordinaryitemsnoncontrollinginterest": -3926796000,
        "incometaxexpensebenefit": -662915000,
        "profitloss": 601000,
        "netincomelossattributabletononcontrollinginterest": 601000,
        "netincomeloss": -1980117000,
        "weightedaveragenumberofsharesoutstandingbasic": -253047000,
        "earningspersharebasic": -6.199999999999999,
        "weightedaveragenumberofdilutedsharesoutstanding": -253047000,
        "earningspersharediluted": -6.199999999999999,
        "othercomprehensiveincomelosspensionandotherpostretirementbenefitplansadjustmentnetoftax": -37000,
        "comprehensiveincomenetoftaxincludingportionattributabletononcontrollinginterest": -1979479000,
        "comprehensiveincomenetoftaxattributabletononcontrollinginterest": 601000,
        "comprehensiveincomenetoftax": -1980080000,
        "othercomprehensiveincomelosspensionandotherpostretirementbenefitplanstax": -70000
    },
    {
        "date": "2021-06-29",
        "symbol": "EQT",
        "period": "Q2",
        "revenuefromcontractwithcustomerexcludingassessedtax": 1077904000,
        "derivativeinstrumentsnotdesignatedashedginginstrumentsgainlossnet": -1345532000,
        "revenuenotfromcontractwithcustomerother": 7512000,
        "revenues": -260116000,
        "costofgoodsandservicessold": 464016000,
        "resultsofoperationsproductionorliftingcosts": 47546000,
        "explorationexpense": 1779000,
        "sellinggeneralandadministrativeexpense": 49853000,
        "depreciationdepletionandamortization": 380288000,
        "nonmonetarytransactiongainlossrecognizedontransfer": 16816000,
        "lossonexpirationandimpairmentoflease": 25634000,
        "othercostandexpenseoperating": 5225000,
        "costsandexpenses": 957525000,
        "operatingincomeloss": -1217641000,
        "investmentincomenet": 11829000,
        "othernonoperatingincomeexpense": 3765000,
        "gainslossesonextinguishmentofdebt": -5332000,
        "interestexpense": 76986000,
        "incomelossfromcontinuingoperationsbeforeincometaxesextraordinaryitemsnoncontrollinginterest": -1284365000,
        "incometaxexpensebenefit": -347846000,
        "profitloss": -936519000,
        "netincomelossattributabletononcontrollinginterest": -62000,
        "netincomeloss": -936457000,
        "weightedaveragenumberofsharesoutstandingbasic": 279156000,
        "earningspersharebasic": -3.35,
        "weightedaveragenumberofdilutedsharesoutstanding": 279156000,
        "earningspersharediluted": -3.35,
        "othercomprehensiveincomelosspensionandotherpostretirementbenefitplansadjustmentnetoftax": -81000,
        "comprehensiveincomenetoftaxincludingportionattributabletononcontrollinginterest": -936438000,
        "comprehensiveincomenetoftaxattributabletononcontrollinginterest": -62000,
        "comprehensiveincomenetoftax": -936376000,
        "othercomprehensiveincomelosspensionandotherpostretirementbenefitplanstax": -27000
    },
    {
        "date": "2021-03-30",
        "symbol": "EQT",
        "period": "Q1",
        "revenuefromcontractwithcustomerexcludingassessedtax": 1130951000,
        "derivativeinstrumentsnotdesignatedashedginginstrumentsgainlossnet": -188813000,
        "revenuenotfromcontractwithcustomerother": 7785000,
        "revenues": 949923000,
        "costofgoodsandservicessold": 445784000,
        "resultsofoperationsproductionorliftingcosts": 47230000,
        "explorationexpense": 949000,
        "sellinggeneralandadministrativeexpense": 45006000,
        "depreciationdepletionandamortization": 377116000,
        "nonmonetarytransactiongainlossrecognizedontransfer": 1207000,
        "lossonexpirationandimpairmentoflease": 16757000,
        "othercostandexpenseoperating": 9443000,
        "costsandexpenses": 941078000,
        "operatingincomeloss": 8845000,
        "investmentincomenet": 11848000,
        "othernonoperatingincomeexpense": 3304000,
        "gainslossesonextinguishmentofdebt": -4424000,
        "interestexpense": 75099000,
        "incomelossfromcontinuingoperationsbeforeincometaxesextraordinaryitemsnoncontrollinginterest": -55526000,
        "incometaxexpensebenefit": -14494000,
        "profitloss": -41032000,
        "netincomelossattributabletononcontrollinginterest": -514000,
        "netincomeloss": -40518000,
        "weightedaveragenumberofsharesoutstandingbasic": 278852000,
        "earningspersharebasic": -0.15,
        "weightedaveragenumberofdilutedsharesoutstanding": 278852000,
        "earningspersharediluted": -0.15,
        "othercomprehensiveincomelosspensionandotherpostretirementbenefitplansadjustmentnetoftax": -80000,
        "comprehensiveincomenetoftaxincludingportionattributabletononcontrollinginterest": -40952000,
        "comprehensiveincomenetoftaxattributabletononcontrollinginterest": -514000,
        "comprehensiveincomenetoftax": -40438000,
        "othercomprehensiveincomelosspensionandotherpostretirementbenefitplanstax": -27000
    },
    {
        "date": "2020-12-30",
        "symbol": "EQT",
        "period": "Q4",
        "revenuefromcontractwithcustomerexcludingassessedtax": 837334000,
        "revenuefromcontractwithcustomerproductandserviceextensiblelist": "us-gaap:OilAndGasMember",
        "derivativeinstrumentsnotdesignatedashedginginstrumentsgainlossnet": 411534000,
        "revenuenotfromcontractwithcustomerother": 3717000,
        "revenues": 1252585000,
        "costofgoodsandservicessold": 437573000,
        "resultsofoperationsproductionorliftingcosts": 37024000,
        "explorationexpense": 525000,
        "sellinggeneralandadministrativeexpense": 40160000,
        "depreciationdepletionandamortization": 371816000,
        "costsandexpenses": 1106502000,
        "operatingincomeloss": 146083000,
        "unrealizedgainlossoninvestments": -10624000,
        "othernonoperatingincomeexpense": 4308000,
        "gainslossesonextinguishmentofdebt": -4723000,
        "interestexpense": 74286000,
        "incomelossfromcontinuingoperationsbeforeincometaxesextraordinaryitemsnoncontrollinginterest": 60758000,
        "incometaxexpensebenefit": -2920000,
        "netincomeloss": 63688000,
        "othercomprehensiveincomelosspensionandotherpostretirementbenefitplansadjustmentnetoftax": 312000,
        "othercomprehensiveincomelossnetoftax": -312000,
        "comprehensiveincomenetoftaxincludingportionattributabletononcontrollinginterest": 63366000,
        "othercomprehensiveincomelosspensionandotherpostretirementbenefitplanstax": -35000
    },
    {
        "date": "2020-09-29",
        "symbol": "EQT",
        "period": "Q3",
        "revenuefromcontractwithcustomerexcludingassessedtax": 598992000,
        "derivativeinstrumentsnotdesignatedashedginginstrumentsgainlossnet": -427182000,
        "revenuenotfromcontractwithcustomerother": 317000,
        "revenues": 172127000,
        "costofgoodsandservicessold": 427691000,
        "resultsofoperationsproductionorliftingcosts": 39670000,
        "explorationexpense": 3160000,
        "sellinggeneralandadministrativeexpense": 56330000,
        "depreciationdepletionandamortization": 341027000,
        "amortizationofintangibleassets": 7478000,
        "nonmonetarytransactiongainlossrecognizedontransfer": -4662000,
        "lossonexpirationandimpairmentoflease": 50449000,
        "costsandexpenses": 932322000,
        "operatingincomeloss": -760195000,
        "unrealizedgainlossoninvestments": 3801000,
        "othernonoperatingincomeexpense": 2900000,
        "gainslossesonextinguishmentofdebt": -3749000,
        "interestexpense": 69154000,
        "incomelossfromcontinuingoperationsbeforeincometaxesextraordinaryitemsnoncontrollinginterest": -826397000,
        "incometaxexpensebenefit": -225757000,
        "netincomeloss": -600640000,
        "weightedaveragenumberofsharesoutstandingbasic": 39000,
        "earningspersharebasic": -2.3500000000000005,
        "weightedaveragenumberofdilutedsharesoutstanding": 39000,
        "earningspersharediluted": -2.3500000000000005,
        "othercomprehensiveincomelosspensionandotherpostretirementbenefitplansadjustmentnetoftax": -72000,
        "othercomprehensiveincomelossnetoftax": 72000,
        "comprehensiveincomenetoftaxincludingportionattributabletononcontrollinginterest": -600568000,
        "othercomprehensiveincomelosspensionandotherpostretirementbenefitplanstax": 23000,
        "accountingstandardsupdateextensiblelist": "us-gaap:AccountingStandardsUpdate201802Member"
    },
    {
        "date": "2020-06-29",
        "symbol": "EQT",
        "period": "Q2",
        "revenuefromcontractwithcustomerexcludingassessedtax": 498772000,
        "derivativeinstrumentsnotdesignatedashedginginstrumentsgainlossnet": 26426000,
        "revenuenotfromcontractwithcustomerother": 1876000,
        "revenues": 527074000,
        "costofgoodsandservicessold": 405636000,
        "resultsofoperationsproductionorliftingcosts": 38329000,
        "explorationexpense": 876000,
        "sellinggeneralandadministrativeexpense": 43341000,
        "depreciationdepletionandamortization": 323096000,
        "amortizationofintangibleassets": 7477000,
        "nonmonetarytransactiongainlossrecognizedontransfer": -49207000,
        "lossonexpirationandimpairmentoflease": 41279000,
        "costsandexpenses": 913986000,
        "operatingincomeloss": -386912000,
        "realizedinvestmentgainslosses": 0,
        "unrealizedgainlossoninvestments": 82983000,
        "othernonoperatingincomeexpense": 3590000,
        "gainslossesonextinguishmentofdebt": -353000,
        "interestexpense": 65386000,
        "incomelossfromcontinuingoperationsbeforeincometaxesextraordinaryitemsnoncontrollinginterest": -366078000,
        "incometaxexpensebenefit": -103003000,
        "netincomeloss": -263075000,
        "weightedaveragenumberofsharesoutstandingbasic": 42000,
        "earningspersharebasic": -1.0299999999999998,
        "weightedaveragenumberofdilutedsharesoutstanding": 42000,
        "earningspersharediluted": -1.0299999999999998,
        "othercomprehensiveincomelosspensionandotherpostretirementbenefitplansadjustmentnetoftax": -72000,
        "othercomprehensiveincomelossnetoftax": 72000,
        "comprehensiveincomenetoftaxincludingportionattributabletononcontrollinginterest": -263003000,
        "othercomprehensiveincomelosspensionandotherpostretirementbenefitplanstax": 24000
    },
    {
        "date": "2020-03-30",
        "symbol": "EQT",
        "period": "Q1",
        "revenuefromcontractwithcustomerexcludingassessedtax": 715201000,
        "derivativeinstrumentsnotdesignatedashedginginstrumentsgainlossnet": 389436000,
        "revenuenotfromcontractwithcustomerother": 2420000,
        "revenues": 1107057000,
        "costofgoodsandservicessold": 439834000,
        "resultsofoperationsproductionorliftingcosts": 40380000,
        "explorationexpense": 923000,
        "sellinggeneralandadministrativeexpense": 34938000,
        "depreciationdepletionandamortization": 357526000,
        "amortizationofintangibleassets": 7478000,
        "nonmonetarytransactiongainlossrecognizedontransfer": -48852000,
        "lossonexpirationandimpairmentoflease": 53768000,
        "costsandexpenses": 983699000,
        "operatingincomeloss": 123358000,
        "realizedinvestmentgainslosses": 187223000,
        "unrealizedgainlossoninvestments": -390628000,
        "othernonoperatingincomeexpense": 24714000,
        "interestexpense": 62374000,
        "gainslossesonextinguishmentofdebt": -16610000,
        "incomelossfromcontinuingoperationsbeforeincometaxesextraordinaryitemsnoncontrollinginterest": -134317000,
        "incometaxexpensebenefit": 32822000,
        "netincomeloss": -167139000,
        "weightedaveragenumberofsharesoutstandingbasic": 255435000,
        "earningspersharebasic": -0.65,
        "weightedaveragenumberofdilutedsharesoutstanding": 255435000,
        "earningspersharediluted": -0.65,
        "othercomprehensiveincomelosspensionandotherpostretirementbenefitplansadjustmentnetoftax": -12000,
        "othercomprehensiveincomelossnetoftax": 12000,
        "comprehensiveincomenetoftaxincludingportionattributabletononcontrollinginterest": -167127000,
        "othercomprehensiveincomelosspensionandotherpostretirementbenefitplanstax": 24000
    },
    {
        "date": "2019-12-30",
        "symbol": "EQT",
        "period": "Q4",
        "profitloss": -1176924000,
        "othercomprehensiveincomelossinterestratederivativesqualifyingashedgesnetoftax": 260000,
        "othercomprehensiveincomelosspensionandotherpostretirementbenefitplansadjustmentnetoftax": -87000,
        "othercomprehensiveincomelossnetoftax": 347000,
        "comprehensiveincomenetoftaxincludingportionattributabletononcontrollinginterest": -1176577000,
        "comprehensiveincomenetoftax": -1176577000,
        "othercomprehensiveincomelossinterestratederivativesqualifyingashedgestax": 180000,
        "othercomprehensiveincomelosspensionandotherpostretirementbenefitplanstax": -72000,
        "revenuefromcontractwithcustomerexcludingassessedtax": 849647000,
        "derivativeinstrumentsnotdesignatedashedginginstrumentsgainlossnet": 160682000,
        "revenuefromcontractwithcustomerandotherrevenue": 1154000,
        "revenues": 1011483000,
        "costofgoodsandservicessold": 438580000,
        "resultsofoperationsproductionorliftingcosts": 36240000,
        "explorationexpense": 867000,
        "sellinggeneralandadministrativeexpense": 38444000,
        "depreciationdepletionandamortization": 384226000,
        "amortizationofintangibleassetsexcludingdiscontinuedoperations": 7477000,
        "costsandexpenses": 2473550000,
        "operatingincomeloss": -1462067000,
        "unrealizedgainlossoninvestments": -60214000,
        "interestexpense": 45066000,
        "incomelossfromcontinuingoperationsbeforeincometaxesextraordinaryitemsnoncontrollinginterest": -1543456000,
        "incometaxexpensebenefit": -366532000,
        "incomelossfromcontinuingoperationsincludingportionattributabletononcontrollinginterest": -1176924000,
        "incomelossfromcontinuingoperations": -1176924000,
        "netincomeloss": -1176924000,
        "weightedaveragenumberofsharesoutstandingbasic": 72000,
        "incomelossfromcontinuingoperationsperbasicshare": -4.61,
        "earningspersharebasic": -4.61,
        "weightedaveragenumberofdilutedsharesoutstanding": 72000,
        "incomelossfromcontinuingoperationsperdilutedshare": -4.61,
        "earningspersharediluted": -4.61
    },
    {
        "date": "2019-09-29",
        "symbol": "EQT",
        "period": "Q3",
        "profitloss": -361028000,
        "othercomprehensiveincomelossinterestratederivativesqualifyingashedgesnetoftax": 43000,
        "othercomprehensiveincomelosspensionandotherpostretirementbenefitplansadjustmentnetoftax": -77000,
        "othercomprehensiveincomelossnetoftax": 120000,
        "comprehensiveincomenetoftaxincludingportionattributabletononcontrollinginterest": -360908000,
        "comprehensiveincomenetoftax": -360908000,
        "othercomprehensiveincomelossinterestratederivativesqualifyingashedgestax": 10000,
        "othercomprehensiveincomelosspensionandotherpostretirementbenefitplanstax": -26000,
        "revenuefromcontractwithcustomerexcludingassessedtax": 769627000,
        "derivativeinstrumentsnotdesignatedashedginginstrumentsgainlossnet": 180313000,
        "revenuefromcontractwithcustomerandotherrevenue": 1636000,
        "revenues": 951576000,
        "costofgoodsandservicessold": 437942000,
        "resultsofoperationsproductionorliftingcosts": 37821000,
        "explorationexpense": 3492000,
        "sellinggeneralandadministrativeexpense": 79376000,
        "depreciationdepletionandamortization": 390993000,
        "amortizationofintangibleassetsexcludingdiscontinuedoperations": 7755000,
        "costsandexpenses": 1113105000,
        "operatingincomeloss": -161529000,
        "unrealizedgainlossoninvestments": -261093000,
        "dividendandotherincomeexpense": 22960000,
        "interestexpense": 47709000,
        "incomelossfromcontinuingoperationsbeforeincometaxesextraordinaryitemsnoncontrollinginterest": -447371000,
        "incometaxexpensebenefit": -86343000,
        "incomelossfromcontinuingoperationsincludingportionattributabletononcontrollinginterest": -361028000,
        "incomelossfromcontinuingoperations": -361028000,
        "netincomeloss": -361028000,
        "weightedaveragenumberofsharesoutstandingbasic": 94000,
        "incomelossfromcontinuingoperationsperbasicshare": -1.42,
        "earningspersharebasic": -1.42,
        "weightedaveragenumberofdilutedsharesoutstanding": -142000,
        "incomelossfromcontinuingoperationsperdilutedshare": -1.42,
        "earningspersharediluted": -1.42
    },
    {
        "date": "2019-06-29",
        "symbol": "EQT",
        "period": "Q2",
        "profitloss": 125566000,
        "othercomprehensiveincomelossinterestratederivativesqualifyingashedgesnetoftax": 42000,
        "othercomprehensiveincomelosspensionandotherpostretirementbenefitplansadjustmentnetoftax": -76000,
        "newaccountingpronouncementorchangeinaccountingprincipleeffectofadoptionquantification": 0,
        "othercomprehensiveincomelossnetoftax": 118000,
        "comprehensiveincomenetoftaxincludingportionattributabletononcontrollinginterest": 125684000,
        "comprehensiveincomenetoftax": 125684000,
        "othercomprehensiveincomelossinterestratederivativesqualifyingashedgestax": 10000,
        "othercomprehensiveincomelosspensionandotherpostretirementbenefitplanstax": -26000,
        "revenuefromcontractwithcustomerexcludingassessedtax": 900527000,
        "derivativeinstrumentsnotdesignatedashedginginstrumentsgainlossnet": 407635000,
        "revenuefromcontractwithcustomerandotherrevenue": 2090000,
        "revenues": 1310252000,
        "costofgoodsandservicessold": 436984000,
        "resultsofoperationsproductionorliftingcosts": 36316000,
        "explorationexpense": 1857000,
        "sellinggeneralandadministrativeexpense": 86208000,
        "depreciationdepletionandamortization": 372413000,
        "amortizationofintangibleassetsexcludingdiscontinuedoperations": 10342000,
        "costsandexpenses": 1014222000,
        "operatingincomeloss": 296030000,
        "unrealizedgainlossoninvestments": -104741000,
        "dividendandotherincomeexpense": 23645000,
        "interestexpense": 50503000,
        "incomelossfromcontinuingoperationsbeforeincometaxesextraordinaryitemsnoncontrollinginterest": 164431000,
        "incometaxexpensebenefit": 38865000,
        "incomelossfromcontinuingoperationsincludingportionattributabletononcontrollinginterest": 125566000,
        "incomelossfromcontinuingoperations": 125566000,
        "netincomeloss": 125566000,
        "weightedaveragenumberofsharesoutstandingbasic": -71000,
        "incomelossfromcontinuingoperationsperbasicshare": 0.49,
        "earningspersharebasic": 0.49,
        "weightedaveragenumberofdilutedsharesoutstanding": -176000,
        "incomelossfromcontinuingoperationsperdilutedshare": 0.49,
        "earningspersharediluted": 0.49
    },
    {
        "date": "2019-03-30",
        "symbol": "EQT",
        "period": "Q1",
        "profitloss": 190691000,
        "othercomprehensiveincomelossinterestratederivativesqualifyingashedgesnetoftax": 42000,
        "othercomprehensiveincomelosspensionandotherpostretirementbenefitplansadjustmentnetoftax": -76000,
        "newaccountingpronouncementorchangeinaccountingprincipleeffectofadoptionquantification": -496000,
        "othercomprehensiveincomelossnetoftax": -378000,
        "comprehensiveincomenetoftaxincludingportionattributabletononcontrollinginterest": 190313000,
        "comprehensiveincomenetoftax": 190313000,
        "othercomprehensiveincomelossinterestratederivativesqualifyingashedgestax": 10000,
        "othercomprehensiveincomelosspensionandotherpostretirementbenefitplanstax": -26000,
        "revenuefromcontractwithcustomerexcludingassessedtax": 1271613000,
        "derivativeinstrumentsnotdesignatedashedginginstrumentsgainlossnet": -131996000,
        "revenuefromcontractwithcustomerandotherrevenue": 3556000,
        "revenues": 1143173000,
        "costofgoodsandservicessold": 439246000,
        "resultsofoperationsproductionorliftingcosts": 43408000,
        "explorationexpense": 1007000,
        "sellinggeneralandadministrativeexpense": 48978000,
        "depreciationdepletionandamortization": 391113000,
        "gainlossonexpirationandimpairmentoflease": -29534000,
        "businesscombinationacquisitionrelatedcosts": 4089000,
        "amortizationofintangibleassetsexcludingdiscontinuedoperations": 10342000,
        "costsandexpenses": 967717000,
        "operatingincomeloss": 175456000,
        "unrealizedgainlossoninvestments": 89055000,
        "dividendandotherincomeexpense": 20987000,
        "interestexpense": 56573000,
        "incomelossfromcontinuingoperationsbeforeincometaxesextraordinaryitemsnoncontrollinginterest": 228925000,
        "incometaxexpensebenefit": 38234000,
        "incomelossfromcontinuingoperationsincludingportionattributabletononcontrollinginterest": 190691000,
        "incomelossfromcontinuingoperations": 190691000,
        "netincomeloss": 190691000,
        "weightedaveragenumberofsharesoutstandingbasic": 255046000,
        "incomelossfromcontinuingoperationsperbasicshare": 0.75,
        "earningspersharebasic": 0.75,
        "weightedaveragenumberofdilutedsharesoutstanding": 255387000,
        "incomelossfromcontinuingoperationsperdilutedshare": 0.75,
        "earningspersharediluted": 0.75,
        "commonstockdividendspersharedeclared": 0.03
    },
    {
        "date": "2018-12-30",
        "symbol": "EQT",
        "period": "Q4",
        "profitloss": -858368000,
        "othercomprehensiveincomelossderivativesqualifyingashedgesnetoftax": -3442000,
        "othercomprehensiveincomelossinterestratederivativesqualifyingashedgesnetoftax": 36000,
        "othercomprehensiveincomelosspensionandotherpostretirementbenefitplansadjustmentnetoftax": -348000,
        "othercomprehensiveincomelossnetoftax": -3058000,
        "comprehensiveincomenetoftaxincludingportionattributabletononcontrollinginterest": -765031000,
        "netincomelossattributabletononcontrollinginterest": -125286000,
        "comprehensiveincomenetoftax": -639745000,
        "othercomprehensiveincomelossderivativesqualifyingashedgestax": 2997000,
        "othercomprehensiveincomelossinterestratederivativesqualifyingashedgestax": 26000,
        "othercomprehensiveincomelosspensionandotherpostretirementbenefitplanstax": -421000,
        "derivativeinstrumentsnotdesignatedashedginginstrumentsgainlossnet": -184211000,
        "resultsofoperationsproductionorliftingcosts": 45020000,
        "explorationexpense": -35293000,
        "sellinggeneralandadministrativeexpense": 88392000,
        "depreciationdepletionandamortization": 734264000,
        "businesscombinationacquisitionrelatedcosts": -51400000,
        "costsandexpenses": 2142145000,
        "operatingincomeloss": -961911000,
        "interestexpense": -11101000,
        "incomelossfromcontinuingoperationsbeforeincometaxesextraordinaryitemsnoncontrollinginterest": -1328741000,
        "incometaxexpensebenefit": -193006000,
        "netincomeloss": -636687000,
        "weightedaveragenumberofsharesoutstandingbasic": -528535000,
        "earningspersharebasic": -2.5299999999999994,
        "weightedaveragenumberofdilutedsharesoutstanding": -528659000,
        "earningspersharediluted": -2.5299999999999994
    },
    {
        "date": "2018-09-29",
        "symbol": "EQT",
        "period": "Q3",
        "profitloss": 63448000,
        "othercomprehensiveincomelossderivativesqualifyingashedgesnetoftax": -430000,
        "othercomprehensiveincomelossinterestratederivativesqualifyingashedgesnetoftax": 52000,
        "othercomprehensiveincomelosspensionandotherpostretirementbenefitplansadjustmentnetoftax": -86000,
        "othercomprehensiveincomelossnetoftax": -292000,
        "comprehensiveincomenetoftaxincludingportionattributabletononcontrollinginterest": 63156000,
        "comprehensiveincomenetoftaxattributabletononcontrollinginterest": 103141000,
        "comprehensiveincomenetoftax": -39985000,
        "othercomprehensiveincomelossderivativesqualifyingashedgestax": -150000,
        "othercomprehensiveincomelossinterestratederivativesqualifyingashedgestax": 10000,
        "othercomprehensiveincomelosspensionandotherpostretirementbenefitplanstax": -29000,
        "revenuefromcontractwithcustomerexcludingassessedtax": 1046989000,
        "revenuefromcontractwithcustomerandotherrevenue": 114956000,
        "derivativeinstrumentsnotdesignatedashedginginstrumentsgainlossnet": -3075000,
        "revenues": 1050046000,
        "costofgoodsandservicessold": 186407000,
        "operatingcostsandexpenses": 29892000,
        "resultsofoperationsproductionorliftingcosts": 42751000,
        "explorationexpense": 15772000,
        "sellinggeneralandadministrativeexpense": 65400000,
        "depreciationdepletionandamortization": 391083000,
        "disposalgroupnotdiscontinuedoperationgainlossondisposalandimpairment": -259279000,
        "businesscombinationacquisitionrelatedcosts": 29300000,
        "amortizationofintangibleassets": 20728000,
        "costsandexpenses": 1087046000,
        "operatingincomeloss": -121678000,
        "othernonoperatingincome": 21755000,
        "interestexpense": 93042000,
        "incomelossfromcontinuingoperationsbeforeincometaxesextraordinaryitemsnoncontrollinginterest": 537000,
        "incometaxexpensebenefit": -62911000,
        "netincomelossattributabletononcontrollinginterest": 103141000,
        "netincomeloss": -39693000,
        "weightedaveragenumberofsharesoutstandingbasic": 259560000,
        "earningspersharebasic": -0.15,
        "weightedaveragenumberofdilutedsharesoutstanding": 259560000,
        "earningspersharediluted": -0.15,
        "commonstockdividendspersharedeclared": 0.03
    },
    {
        "date": "2018-06-29",
        "symbol": "EQT",
        "period": "Q2",
        "profitloss": 136346000,
        "othercomprehensiveincomelossderivativesqualifyingashedgesnetoftax": -466000,
        "othercomprehensiveincomelossinterestratederivativesqualifyingashedgesnetoftax": 36000,
        "othercomprehensiveincomelosspensionandotherpostretirementbenefitplansadjustmentnetoftax": -86000,
        "othercomprehensiveincomelossnetoftax": -344000,
        "comprehensiveincomenetoftaxincludingportionattributabletononcontrollinginterest": 136002000,
        "comprehensiveincomenetoftaxattributabletononcontrollinginterest": 118540000,
        "comprehensiveincomenetoftax": 17462000,
        "othercomprehensiveincomelossderivativesqualifyingashedgestax": -163000,
        "othercomprehensiveincomelossinterestratederivativesqualifyingashedgestax": 26000,
        "othercomprehensiveincomelosspensionandotherpostretirementbenefitplanstax": -30000,
        "revenuefromcontractwithcustomerexcludingassessedtax": 991365000,
        "revenuefromcontractwithcustomerandotherrevenue": 117203000,
        "derivativeinstrumentsnotdesignatedashedginginstrumentsgainlossnet": -53897000,
        "revenues": 42655000,
        "costofgoodsandservicessold": 200050000,
        "operatingcostsandexpenses": 25302000,
        "resultsofoperationsproductionorliftingcosts": 47881000,
        "explorationexpense": 21182000,
        "sellinggeneralandadministrativeexpense": 77813000,
        "depreciationdepletionandamortization": 5798000,
        "disposalgroupnotdiscontinuedoperationgainlossondisposalandimpairment": -118114000,
        "businesscombinationacquisitionrelatedcosts": 19700000,
        "amortizationofintangibleassets": 20729000,
        "costsandexpenses": 954702000,
        "operatingincomeloss": 23981000,
        "othernonoperatingincome": 11752000,
        "interestexpense": 77004000,
        "incomelossfromcontinuingoperationsbeforeincometaxesextraordinaryitemsnoncontrollinginterest": 34717000,
        "incometaxexpensebenefit": -101629000,
        "netincomelossattributabletononcontrollinginterest": 118540000,
        "netincomeloss": 17806000,
        "weightedaveragenumberofsharesoutstandingbasic": 265030000,
        "earningspersharebasic": 0.07,
        "weightedaveragenumberofdilutedsharesoutstanding": 265154000,
        "earningspersharediluted": 0.07,
        "commonstockdividendspersharedeclared": 0.03
    },
    {
        "date": "2018-03-30",
        "symbol": "EQT",
        "period": "Q1",
        "profitloss": -1585994000,
        "othercomprehensiveincomelossderivativesqualifyingashedgesnetoftax": -287000,
        "othercomprehensiveincomelossinterestratederivativesqualifyingashedgesnetoftax": 44000,
        "othercomprehensiveincomelosspensionandotherpostretirementbenefitplansadjustmentnetoftax": -86000,
        "othercomprehensiveincomelossnetoftax": -157000,
        "comprehensiveincomenetoftaxincludingportionattributabletononcontrollinginterest": -1445136000,
        "comprehensiveincomenetoftaxattributabletononcontrollinginterest": 141015000,
        "comprehensiveincomenetoftax": -1586151000,
        "othercomprehensiveincomelossderivativesqualifyingashedgestax": -100000,
        "othercomprehensiveincomelossinterestratederivativesqualifyingashedgestax": 18000,
        "othercomprehensiveincomelosspensionandotherpostretirementbenefitplanstax": -30000,
        "oilandgassalesrevenue": 1226374000,
        "gasgatheringtransportationmarketingandprocessingrevenue": -232325000,
        "derivativeinstrumentsnotdesignatedashedginginstrumentsgainlossnet": 62592000,
        "oilandgasrevenue": -232325000,
        "gasgatheringtransportationmarketingandprocessingcosts": 190140000,
        "operatingcostsandexpenses": 25740000,
        "resultsofoperationsproductionorliftingcosts": 60123000,
        "explorationexpense": 5104000,
        "sellinggeneralandadministrativeexpense": 52615000,
        "depreciationdepletionandamortization": 437893000,
        "impairmentofoilandgasproperties": 2300000000,
        "businesscombinationacquisitionrelatedcosts": 15900000,
        "amortizationofintangibleassets": 20728000,
        "costsandexpenses": 3157099000,
        "operatingincomeloss": -1723516000,
        "othernonoperatingincome": 9585000,
        "interestexpense": 70013000,
        "incomelossfromcontinuingoperationsbeforeincometaxesextraordinaryitemsnoncontrollinginterest": -1783944000,
        "incometaxexpensebenefit": -338965000,
        "netincomelossattributabletononcontrollinginterest": 141015000,
        "netincomeloss": -1585994000,
        "weightedaveragenumberofsharesoutstandingbasic": 264877000,
        "earningspersharebasic": -5.99,
        "weightedaveragenumberofdilutedsharesoutstanding": 264877000,
        "earningspersharediluted": -5.99,
        "commonstockdividendspersharedeclared": 0.03
    },
    {
        "date": "2017-12-30",
        "symbol": "EQT",
        "period": "Q4",
        "profitloss": 1116435000,
        "othercomprehensiveincomelossderivativesqualifyingashedgesnetoftax": -971000,
        "othercomprehensiveincomelosspensionandotherpostretirementbenefitplansadjustmentnetoftax": -108000,
        "othercomprehensiveincomelossnetoftax": -827000,
        "comprehensiveincomenetoftaxincludingportionattributabletononcontrollinginterest": 1378508000,
        "netincomelossattributabletononcontrollinginterest": 99264000,
        "comprehensiveincomenetoftax": 1279244000,
        "othercomprehensiveincomelossderivativesqualifyingashedgestax": -551000,
        "othercomprehensiveincomelosspensionandotherpostretirementbenefitplanstax": -46000,
        "oilandgassalesrevenue": 848186000,
        "gasgatheringtransportationmarketingandprocessingrevenue": -247203000,
        "derivativeinstrumentsnotdesignatedashedginginstrumentsgainlossnet": 167328000,
        "oilandgasrevenue": -240919000,
        "gasgatheringtransportationmarketingandprocessingcosts": 155096000,
        "operatingcostsandexpenses": 27395000,
        "resultsofoperationsproductionorliftingcosts": 1208257000,
        "explorationexpense": 16078000,
        "sellinggeneralandadministrativeexpense": 56427000,
        "depreciationdepletionandamortization": -252509000,
        "costsandexpenses": -1274194000,
        "operatingincomeloss": -503970000,
        "othernonoperatingincome": 8077000,
        "interestexpense": 65662000,
        "incomelossfromcontinuingoperationsbeforeincometaxesextraordinaryitemsnoncontrollinginterest": 144623000,
        "incometaxexpensebenefit": -1234712000,
        "netincomeloss": 1280071000,
        "weightedaveragenumberofsharesoutstandingbasic": -332771000,
        "earningspersharebasic": 6.73,
        "weightedaveragenumberofdilutedsharesoutstanding": -333041000,
        "earningspersharediluted": 6.719999999999999
    },
    {
        "date": "2017-09-29",
        "symbol": "EQT",
        "period": "Q3",
        "profitloss": 105457000,
        "othercomprehensiveincomelossderivativesqualifyingashedgesnetoftax": -1451000,
        "othercomprehensiveincomelossinterestratederivativesqualifyingashedgesnetoftax": 36000,
        "othercomprehensiveincomelosspensionandotherpostretirementbenefitplansadjustmentnetoftax": -77000,
        "othercomprehensiveincomelossnetoftax": -1338000,
        "comprehensiveincomenetoftaxincludingportionattributabletononcontrollinginterest": 104119000,
        "comprehensiveincomenetoftaxattributabletononcontrollinginterest": 82117000,
        "comprehensiveincomenetoftax": 22002000,
        "othercomprehensiveincomelossderivativesqualifyingashedgestax": -955000,
        "othercomprehensiveincomelossinterestratederivativesqualifyingashedgestax": 26000,
        "othercomprehensiveincomelosspensionandotherpostretirementbenefitplanstax": -49000,
        "oilandgassalesrevenue": 552953000,
        "gasgatheringtransportationmarketingandprocessingrevenue": 90671000,
        "derivativeinstrumentsnotdesignatedashedginginstrumentsgainlossnet": 35625000,
        "oilandgasrevenue": 90671000,
        "gasgatheringtransportationmarketingandprocessingcosts": 136219000,
        "operatingcostsandexpenses": 20604000,
        "resultsofoperationsproductionorliftingcosts": 39630000,
        "explorationexpense": 2436000,
        "sellinggeneralandadministrativeexpense": 77170000,
        "depreciationdepletionandamortization": 12261000,
        "costsandexpenses": 522619000,
        "operatingincomeloss": 59689000,
        "othernonoperatingincome": 6859000,
        "interestexpense": 50377000,
        "incomelossfromcontinuingoperationsbeforeincometaxesextraordinaryitemsnoncontrollinginterest": 94176000,
        "incometaxexpensebenefit": -11281000,
        "netincomelossattributabletononcontrollinginterest": 82117000,
        "netincomeloss": 23340000,
        "weightedaveragenumberofsharesoutstandingbasic": 173476000,
        "earningspersharebasic": 0.13,
        "weightedaveragenumberofdilutedsharesoutstanding": 173675000,
        "earningspersharediluted": 0.13,
        "commonstockdividendspersharedeclared": 0.03
    },
    {
        "date": "2017-06-29",
        "symbol": "EQT",
        "period": "Q2",
        "profitloss": 122645000,
        "othercomprehensiveincomelossderivativesqualifyingashedgesnetoftax": -1672000,
        "othercomprehensiveincomelossinterestratederivativesqualifyingashedgesnetoftax": 36000,
        "othercomprehensiveincomelosspensionandotherpostretirementbenefitplansadjustmentnetoftax": -77000,
        "othercomprehensiveincomelossnetoftax": -1559000,
        "comprehensiveincomenetoftaxincludingportionattributabletononcontrollinginterest": 121086000,
        "comprehensiveincomenetoftaxattributabletononcontrollinginterest": 81519000,
        "comprehensiveincomenetoftax": 39567000,
        "othercomprehensiveincomelossderivativesqualifyingashedgestax": -1101000,
        "othercomprehensiveincomelossinterestratederivativesqualifyingashedgestax": 27000,
        "othercomprehensiveincomelosspensionandotherpostretirementbenefitplanstax": -49000,
        "oilandgassalesrevenue": 576714000,
        "gasgatheringtransportationmarketingandprocessingrevenue": 86821000,
        "derivativeinstrumentsnotdesignatedashedginginstrumentsgainlossnet": 46326000,
        "oilandgasrevenue": 86821000,
        "gasgatheringtransportationmarketingandprocessingcosts": 134818000,
        "operatingcostsandexpenses": 20581000,
        "resultsofoperationsproductionorliftingcosts": 44393000,
        "explorationexpense": 3481000,
        "sellinggeneralandadministrativeexpense": 57009000,
        "depreciationdepletionandamortization": 11845000,
        "costsandexpenses": 501099000,
        "operatingincomeloss": 57782000,
        "othernonoperatingincome": 6638000,
        "interestexpense": 44078000,
        "incomelossfromcontinuingoperationsbeforeincometaxesextraordinaryitemsnoncontrollinginterest": 152354000,
        "incometaxexpensebenefit": 29709000,
        "netincomelossattributabletononcontrollinginterest": 81519000,
        "netincomeloss": 41126000,
        "weightedaveragenumberofsharesoutstandingbasic": 173462000,
        "earningspersharebasic": 0.24,
        "weightedaveragenumberofdilutedsharesoutstanding": 173582000,
        "earningspersharediluted": 0.24,
        "commonstockdividendspersharedeclared": 0.03
    },
    {
        "date": "2017-03-30",
        "symbol": "EQT",
        "period": "Q1",
        "profitloss": 163992000,
        "othercomprehensiveincomelossderivativesqualifyingashedgesnetoftax": -888000,
        "othercomprehensiveincomelossinterestratederivativesqualifyingashedgesnetoftax": 36000,
        "othercomprehensiveincomelosspensionandotherpostretirementbenefitplansadjustmentnetoftax": -76000,
        "othercomprehensiveincomelossnetoftax": -776000,
        "comprehensiveincomenetoftaxincludingportionattributabletononcontrollinginterest": 249929000,
        "comprehensiveincomenetoftaxattributabletononcontrollinginterest": 86713000,
        "comprehensiveincomenetoftax": 163216000,
        "othercomprehensiveincomelossderivativesqualifyingashedgestax": -584000,
        "othercomprehensiveincomelossinterestratederivativesqualifyingashedgestax": 25000,
        "othercomprehensiveincomelosspensionandotherpostretirementbenefitplanstax": -49000,
        "oilandgassalesrevenue": 673465000,
        "gasgatheringtransportationmarketingandprocessingrevenue": 83316000,
        "derivativeinstrumentsnotdesignatedashedginginstrumentsgainlossnet": 140742000,
        "oilandgasrevenue": 897523000,
        "gasgatheringtransportationmarketingandprocessingcosts": 133706000,
        "operatingcostsandexpenses": 20286000,
        "resultsofoperationsproductionorliftingcosts": 45789000,
        "explorationexpense": 3122000,
        "sellinggeneralandadministrativeexpense": 72058000,
        "depreciationdepletionandamortization": 231918000,
        "costsandexpenses": 506879000,
        "operatingincomeloss": 390644000,
        "othernonoperatingincome": 3381000,
        "interestexpense": 42655000,
        "incomelossfromcontinuingoperationsbeforeincometaxesextraordinaryitemsnoncontrollinginterest": 351370000,
        "incometaxexpensebenefit": 100665000,
        "netincomelossattributabletononcontrollinginterest": 86713000,
        "netincomeloss": 163992000,
        "weightedaveragenumberofsharesoutstandingbasic": 173213000,
        "earningspersharebasic": 0.95,
        "weightedaveragenumberofdilutedsharesoutstanding": 173511000,
        "earningspersharediluted": 0.95,
        "commonstockdividendspersharedeclared": 0.03
    },
    {
        "date": "2016-12-30",
        "symbol": "EQT",
        "period": "Q4",
        "profitloss": -347916000,
        "othercomprehensiveincomelossderivativesqualifyingashedgesnetoftax": -12051000,
        "othercomprehensiveincomelosspensionandotherpostretirementbenefitplansadjustmentnetoftax": -758000,
        "othercomprehensiveincomelossnetoftax": -11257000,
        "comprehensiveincomenetoftaxincludingportionattributabletononcontrollinginterest": -120042000,
        "netincomelossattributabletononcontrollinginterest": 83173000,
        "comprehensiveincomenetoftax": -203215000,
        "othercomprehensiveincomelossderivativesqualifyingashedgestax": -7362000,
        "othercomprehensiveincomelosspensionandotherpostretirementbenefitplanstax": -491000,
        "oilandgassalesrevenue": 522099000,
        "gasgatheringtransportationmarketingandprocessingrevenue": 106017000,
        "derivativeinstrumentsnotdesignatedashedginginstrumentsgainlossnet": -216649000,
        "oilandgasrevenue": -461117000,
        "gasgatheringtransportationmarketingandprocessingcosts": 114534000,
        "operatingcostsandexpenses": -18655000,
        "resultsofoperationsproductionorliftingcosts": 969019000,
        "explorationexpense": 4025000,
        "sellinggeneralandadministrativeexpense": 76122000,
        "depreciationdepletionandamortization": -401994000,
        "costsandexpenses": -1106530000,
        "operatingincomeloss": 562073000,
        "othernonoperatingincome": 8494000,
        "interestexpense": 39451000,
        "incomelossfromcontinuingoperationsbeforeincometaxesextraordinaryitemsnoncontrollinginterest": -220423000,
        "incometaxexpensebenefit": -111638000,
        "netincomelossavailabletocommonstockholdersbasic": -191958000,
        "weightedaveragenumberofsharesoutstandingbasic": -329410000,
        "earningspersharebasic": -1.1500000000000001,
        "weightedaveragenumberofdilutedsharesoutstanding": -329885000,
        "earningspersharediluted": -1.1500000000000001
    },
    {
        "date": "2016-09-29",
        "symbol": "EQT",
        "period": "Q3",
        "profitloss": 70104000,
        "othercomprehensiveincomelossderivativesqualifyingashedgesnetoftax": -14740000,
        "othercomprehensiveincomelossinterestratederivativesqualifyingashedgesnetoftax": 36000,
        "othercomprehensiveincomelosspensionandotherpostretirementbenefitplansadjustmentnetoftax": -82000,
        "othercomprehensiveincomelossnetoftax": -14622000,
        "comprehensiveincomenetoftaxincludingportionattributabletononcontrollinginterest": 55482000,
        "comprehensiveincomenetoftaxattributabletononcontrollinginterest": 78120000,
        "comprehensiveincomenetoftax": -22638000,
        "othercomprehensiveincomelossderivativesqualifyingashedgestax": -9894000,
        "othercomprehensiveincomelossinterestratederivativesqualifyingashedgestax": 26000,
        "othercomprehensiveincomelosspensionandotherpostretirementbenefitplanstax": -52000,
        "oilandgassalesrevenue": 403939000,
        "gasgatheringtransportationmarketingandprocessingrevenue": 5251000,
        "derivativeinstrumentsnotdesignatedashedginginstrumentsgainlossnet": 93356000,
        "oilandgasrevenue": 502546000,
        "gasgatheringtransportationmarketingandprocessingcosts": 89883000,
        "operatingcostsandexpenses": 31185000,
        "resultsofoperationsproductionorliftingcosts": 26058000,
        "explorationexpense": 2671000,
        "sellinggeneralandadministrativeexpense": 61384000,
        "depreciationdepletionandamortization": 210066000,
        "costsandexpenses": 448269000,
        "operatingincomeloss": -22010000,
        "othernonoperatingincome": 10715000,
        "interestexpense": 35984000,
        "incomelossfromcontinuingoperationsbeforeincometaxesextraordinaryitemsnoncontrollinginterest": 83188000,
        "incometaxexpensebenefit": 13084000,
        "netincomelossattributabletononcontrollinginterest": 78120000,
        "netincomelossavailabletocommonstockholdersbasic": -8016000,
        "weightedaveragenumberofsharesoutstandingbasic": 172867000,
        "earningspersharebasic": -0.05,
        "weightedaveragenumberofdilutedsharesoutstanding": 172867000,
        "earningspersharediluted": -0.05,
        "commonstockdividendspersharedeclared": 0.03
    },
    {
        "date": "2016-06-29",
        "symbol": "EQT",
        "period": "Q2",
        "profitloss": -180807000,
        "othercomprehensiveincomelossderivativesqualifyingashedgesnetoftax": -15940000,
        "othercomprehensiveincomelossinterestratederivativesqualifyingashedgesnetoftax": 36000,
        "othercomprehensiveincomelosspensionandotherpostretirementbenefitplansadjustmentnetoftax": -9622000,
        "othercomprehensiveincomelossnetoftax": -6282000,
        "comprehensiveincomenetoftaxincludingportionattributabletononcontrollinginterest": -187089000,
        "comprehensiveincomenetoftaxattributabletononcontrollinginterest": 77838000,
        "comprehensiveincomenetoftax": -264927000,
        "othercomprehensiveincomelossderivativesqualifyingashedgestax": -10701000,
        "othercomprehensiveincomelossinterestratederivativesqualifyingashedgestax": 27000,
        "othercomprehensiveincomelosspensionandotherpostretirementbenefitplanstax": -6100000,
        "oilandgassalesrevenue": 304532000,
        "gasgatheringtransportationmarketingandprocessingrevenue": 2123000,
        "derivativeinstrumentsnotdesignatedashedginginstrumentsgainlossnet": -234693000,
        "oilandgasrevenue": 71962000,
        "gasgatheringtransportationmarketingandprocessingcosts": 84207000,
        "operatingcostsandexpenses": 29253000,
        "resultsofoperationsproductionorliftingcosts": 33044000,
        "explorationexpense": 3591000,
        "sellinggeneralandadministrativeexpense": 77299000,
        "depreciationdepletionandamortization": 197864000,
        "costsandexpenses": 452023000,
        "operatingincomeloss": -444000000,
        "othernonoperatingincome": 7644000,
        "interestexpense": 36305000,
        "incomelossfromcontinuingoperationsbeforeincometaxesextraordinaryitemsnoncontrollinginterest": -353153000,
        "incometaxexpensebenefit": -172346000,
        "netincomelossattributabletononcontrollinginterest": 77838000,
        "netincomelossavailabletocommonstockholdersbasic": -258645000,
        "weightedaveragenumberofsharesoutstandingbasic": 166801000,
        "earningspersharebasic": -1.55,
        "weightedaveragenumberofdilutedsharesoutstanding": 166801000,
        "earningspersharediluted": -1.55,
        "commonstockdividendspersharedeclared": 0.03
    },
    {
        "date": "2016-03-30",
        "symbol": "EQT",
        "period": "Q1",
        "profitloss": 5636000,
        "othercomprehensiveincomelossderivativesqualifyingashedgesnetoftax": -12424000,
        "othercomprehensiveincomelossinterestratederivativesqualifyingashedgesnetoftax": 36000,
        "othercomprehensiveincomelosspensionandotherpostretirementbenefitplansadjustmentnetoftax": -213000,
        "othercomprehensiveincomelossnetoftax": -12175000,
        "comprehensiveincomenetoftaxincludingportionattributabletononcontrollinginterest": 76250000,
        "comprehensiveincomenetoftaxattributabletononcontrollinginterest": 82789000,
        "comprehensiveincomenetoftax": -6539000,
        "othercomprehensiveincomelossderivativesqualifyingashedgestax": -8339000,
        "othercomprehensiveincomelossinterestratederivativesqualifyingashedgestax": 25000,
        "othercomprehensiveincomelosspensionandotherpostretirementbenefitplanstax": -135000,
        "oilandgassalesrevenue": 364427000,
        "gasgatheringtransportationmarketingandprocessingrevenue": 224729000,
        "derivativeinstrumentsnotdesignatedashedginginstrumentsgainlossnet": 108995000,
        "oilandgasrevenue": 224729000,
        "gasgatheringtransportationmarketingandprocessingcosts": 77193000,
        "operatingcostsandexpenses": 31483000,
        "resultsofoperationsproductionorliftingcosts": 26896000,
        "explorationexpense": 3123000,
        "sellinggeneralandadministrativeexpense": 57942000,
        "depreciationdepletionandamortization": 26333000,
        "costsandexpenses": 417868000,
        "operatingincomeloss": 141859000,
        "othernonoperatingincome": 4840000,
        "interestexpense": 36180000,
        "incomelossfromcontinuingoperationsbeforeincometaxesextraordinaryitemsnoncontrollinginterest": 95861000,
        "incometaxexpensebenefit": 7436000,
        "netincomelossattributabletononcontrollinginterest": 82789000,
        "netincomelossavailabletocommonstockholdersbasic": 5636000,
        "weightedaveragenumberofsharesoutstandingbasic": 156720000,
        "earningspersharebasic": 0.04,
        "weightedaveragenumberofdilutedsharesoutstanding": 157195000,
        "earningspersharediluted": 0.04,
        "commonstockdividendspersharedeclared": 0.03
    },
    {
        "date": "2015-12-30",
        "symbol": "EQT",
        "period": "Q4",
        "profitloss": -252236000,
        "othercomprehensiveincomelossderivativesqualifyingashedgesnetoftax": -29681000,
        "othercomprehensiveincomederivativesqualifyingashedgesperiodincreasedecreasenetoftaxinterestrate": 36000,
        "othercomprehensiveincomelosspensionandotherpostretirementbenefitplansadjustmentnetoftax": 1103000,
        "othercomprehensiveincomelossnetoftax": -31152000,
        "comprehensiveincomenetoftaxincludingportionattributabletononcontrollinginterest": -94414000,
        "netincomelossattributabletononcontrollinginterest": 71317000,
        "comprehensiveincomenetoftax": -165731000,
        "othercomprehensiveincomelossderivativesqualifyingashedgestax": -20967000,
        "othercomprehensiveincomederivativesqualifyingashedgesinterestratetax": 25000,
        "othercomprehensiveincomelosspensionandotherpostretirementbenefitplanstax": 947000,
        "derivativeinstrumentsnotdesignatedashedginginstrumentsgainlossnet": 176648000,
        "oilandgasrevenue": 206991000,
        "gasgatheringtransportationmarketingandprocessingcosts": 87639000,
        "operatingcostsandexpenses": 31337000,
        "resultsofoperationsproductionorliftingcosts": 302691000,
        "explorationexpense": 29817000,
        "sellinggeneralandadministrativeexpense": 56510000,
        "depreciationdepletionandamortization": 171095000,
        "costsandexpenses": 575509000,
        "operatingincomeloss": -199368000,
        "othernonoperatingincome": 3664000,
        "interestexpense": 35935000,
        "incomelossfromcontinuingoperationsbeforeincometaxesextraordinaryitemsnoncontrollinginterest": 13020000,
        "incometaxexpensebenefit": -164350000,
        "incomelossfromcontinuingoperationsincludingportionattributabletononcontrollinginterest": -63262000,
        "incomelossfromcontinuingoperations": -134579000,
        "netincomelossavailabletocommonstockholdersbasic": -134579000,
        "weightedaveragenumberofsharesoutstandingbasic": -304643000,
        "incomelossfromcontinuingoperationsperbasicshare": -0.8899999999999999,
        "earningspersharebasic": -0.8899999999999999,
        "weightedaveragenumberofdilutedsharesoutstanding": -305548000,
        "incomelossfromcontinuingoperationsperdilutedshare": -0.8899999999999999,
        "earningspersharediluted": -0.8899999999999999
    },
    {
        "date": "2015-09-29",
        "symbol": "EQT",
        "period": "Q3",
        "profitloss": 100233000,
        "othercomprehensiveincomelossderivativesqualifyingashedgesnetoftax": -39346000,
        "othercomprehensiveincomederivativesqualifyingashedgesperiodincreasedecreasenetoftaxinterestrate": 36000,
        "othercomprehensiveincomelosspensionandotherpostretirementbenefitplansadjustmentnetoftax": -202000,
        "othercomprehensiveincomelossnetoftax": -39108000,
        "comprehensiveincomenetoftaxincludingportionattributabletononcontrollinginterest": 61125000,
        "comprehensiveincomenetoftaxattributabletononcontrollinginterest": 59446000,
        "comprehensiveincomenetoftax": 1679000,
        "othercomprehensiveincomelossderivativesqualifyingashedgestax": -26093000,
        "othercomprehensiveincomederivativesqualifyingashedgesinterestratetax": 25000,
        "othercomprehensiveincomelosspensionandotherpostretirementbenefitplanstax": -127000,
        "oilandgassalesrevenue": 358977000,
        "gasgatheringtransportationmarketingandprocessingrevenue": 56775000,
        "derivativeinstrumentsnotdesignatedashedginginstrumentsgainlossnet": 161263000,
        "oilandgasrevenue": 381538000,
        "gasgatheringtransportationmarketingandprocessingcosts": 65033000,
        "operatingcostsandexpenses": 32385000,
        "resultsofoperationsproductionorliftingcosts": 32505000,
        "explorationexpense": 8177000,
        "sellinggeneralandadministrativeexpense": 60633000,
        "depreciationdepletionandamortization": 184277000,
        "costsandexpenses": 406960000,
        "operatingincomeloss": 56360000,
        "othernonoperatingincome": 2661000,
        "interestexpense": 36547000,
        "incomelossfromcontinuingoperationsbeforeincometaxesextraordinaryitemsnoncontrollinginterest": 136169000,
        "incometaxexpensebenefit": 35936000,
        "incomelossfromcontinuingoperationsincludingportionattributabletononcontrollinginterest": 100233000,
        "netincomelossattributabletononcontrollinginterest": 59446000,
        "netincomelossavailabletocommonstockholdersbasic": 40787000,
        "incomelossfromcontinuingoperations": 40787000,
        "weightedaveragenumberofsharesoutstandingbasic": 152551000,
        "incomelossfromcontinuingoperationsperbasicshare": 0.27,
        "earningspersharebasic": 0.27,
        "weightedaveragenumberofdilutedsharesoutstanding": 152854000,
        "incomelossfromcontinuingoperationsperdilutedshare": 0.27,
        "earningspersharediluted": 0.27,
        "commonstockdividendspersharedeclared": 0.03
    },
    {
        "date": "2015-06-29",
        "symbol": "EQT",
        "period": "Q2",
        "profitloss": 63747000,
        "othercomprehensiveincomelossderivativesqualifyingashedgesnetoftax": -42581000,
        "othercomprehensiveincomederivativesqualifyingashedgesperiodincreasedecreasenetoftaxinterestrate": 36000,
        "othercomprehensiveincomelosspensionandotherpostretirementbenefitplansadjustmentnetoftax": -202000,
        "othercomprehensiveincomelossnetoftax": -42343000,
        "comprehensiveincomenetoftaxincludingportionattributabletononcontrollinginterest": 21404000,
        "comprehensiveincomenetoftaxattributabletononcontrollinginterest": 58211000,
        "comprehensiveincomenetoftax": -36807000,
        "othercomprehensiveincomelossderivativesqualifyingashedgestax": -28211000,
        "othercomprehensiveincomederivativesqualifyingashedgesinterestratetax": 25000,
        "othercomprehensiveincomelosspensionandotherpostretirementbenefitplanstax": -128000,
        "oilandgassalesrevenue": 367342000,
        "gasgatheringtransportationmarketingandprocessingrevenue": 61573000,
        "derivativeinstrumentsnotdesignatedashedginginstrumentsgainlossnet": 4259000,
        "oilandgasrevenue": 243587000,
        "gasgatheringtransportationmarketingandprocessingcosts": 62942000,
        "operatingcostsandexpenses": 32061000,
        "resultsofoperationsproductionorliftingcosts": 31492000,
        "explorationexpense": 11422000,
        "sellinggeneralandadministrativeexpense": 65404000,
        "depreciationdepletionandamortization": 173331000,
        "costsandexpenses": 400140000,
        "operatingincomeloss": -66886000,
        "othernonoperatingincome": 2689000,
        "interestexpense": 36833000,
        "incomelossfromcontinuingoperationsbeforeincometaxesextraordinaryitemsnoncontrollinginterest": -1110000,
        "incometaxexpensebenefit": 35700000,
        "incomelossfromcontinuingoperationsincludingportionattributabletononcontrollinginterest": 63747000,
        "netincomelossattributabletononcontrollinginterest": 58211000,
        "netincomelossavailabletocommonstockholdersbasic": 5536000,
        "incomelossfromcontinuingoperations": 5536000,
        "weightedaveragenumberofsharesoutstandingbasic": 152454000,
        "incomelossfromcontinuingoperationsperbasicshare": 0.04,
        "earningspersharebasic": 0.04,
        "weightedaveragenumberofdilutedsharesoutstanding": 152877000,
        "incomelossfromcontinuingoperationsperdilutedshare": 0.04,
        "earningspersharediluted": 0.04,
        "commonstockdividendspersharedeclared": 0.03
    },
    {
        "date": "2015-03-30",
        "symbol": "EQT",
        "period": "Q1",
        "profitloss": 173427000,
        "othercomprehensiveincomelossderivativesqualifyingashedgesnetoftax": -40751000,
        "othercomprehensiveincomederivativesqualifyingashedgesperiodincreasedecreasenetoftaxinterestrate": 36000,
        "othercomprehensiveincomelosspensionandotherpostretirementbenefitplansadjustmentnetoftax": 202000,
        "othercomprehensiveincomelossnetoftax": -40513000,
        "comprehensiveincomenetoftaxincludingportionattributabletononcontrollinginterest": 180655000,
        "comprehensiveincomenetoftaxattributabletononcontrollinginterest": 47741000,
        "comprehensiveincomenetoftax": 132914000,
        "othercomprehensiveincomelossderivativesqualifyingashedgestax": -27000000,
        "othercomprehensiveincomederivativesqualifyingashedgesinterestratetax": 25000,
        "othercomprehensiveincomelosspensionandotherpostretirementbenefitplanstax": -128000,
        "revenueoilandgasservices": 665181000,
        "derivativeinstrumentsnotdesignatedashedginginstrumentsgainlossnet": 43592000,
        "oilandgasrevenue": 708773000,
        "gasgatheringtransportationmarketingandprocessingcosts": 59734000,
        "operatingcostsandexpenses": 28247000,
        "resultsofoperationsproductionorliftingcosts": 31356000,
        "explorationexpense": 12554000,
        "sellinggeneralandadministrativeexpense": 67378000,
        "depreciationdepletionandamortization": 194745000,
        "costsandexpenses": 394014000,
        "operatingincomeloss": 314759000,
        "othernonoperatingincome": 939000,
        "interestexpense": 37216000,
        "incomelossfromcontinuingoperationsbeforeincometaxesextraordinaryitemsnoncontrollinginterest": 278482000,
        "incometaxexpensebenefit": 57314000,
        "incomelossfromcontinuingoperationsincludingportionattributabletononcontrollinginterest": 221168000,
        "netincomelossattributabletononcontrollinginterest": 47741000,
        "netincomelossavailabletocommonstockholdersbasic": 173427000,
        "incomelossfromcontinuingoperations": 173427000,
        "weightedaveragenumberofsharesoutstandingbasic": 152036000,
        "incomelossfromcontinuingoperationsperbasicshare": 1.14,
        "earningspersharebasic": 1.14,
        "weightedaveragenumberofdilutedsharesoutstanding": 152756000,
        "incomelossfromcontinuingoperationsperdilutedshare": 1.14,
        "earningspersharediluted": 1.14,
        "commonstockdividendspersharedeclared": 0.03
    },
    {
        "date": "2014-12-30",
        "symbol": "EQT",
        "period": "Q4",
        "profitloss": -14704000,
        "othercomprehensiveincomelossderivativesqualifyingashedgesnetoftax": 178840000,
        "othercomprehensiveincomederivativesqualifyingashedgesperiodincreasedecreasenetoftaxinterestrate": 37000,
        "othercomprehensiveincomelosspensionandotherpostretirementbenefitplansadjustmentnetoftax": 1303000,
        "othercomprehensiveincomelossnetoftax": 22642000,
        "comprehensiveincomenetoftaxincludingportionattributabletononcontrollinginterest": 207071000,
        "comprehensiveincomenetoftaxattributabletononcontrollinginterest": 44201000,
        "comprehensiveincomenetoftax": 162870000,
        "othercomprehensiveincomelossderivativesqualifyingashedgestax": 118886000,
        "othercomprehensiveincomederivativesqualifyingashedgesinterestratetax": 29000,
        "othercomprehensiveincomelosspensionandotherpostretirementbenefitplanstax": 855000,
        "oilandgasrevenue": 1110303000,
        "resultsofoperationsproductionorliftingcosts": 35826000,
        "explorationexpense": 9188000,
        "sellinggeneralandadministrativeexpense": 68752000,
        "depreciationdepletionandamortization": 529007000,
        "costsandexpenses": 659261000,
        "operatingincomeloss": 520011000,
        "othernonoperatingincome": 719000,
        "interestexpense": 36979000,
        "incomelossfromcontinuingoperationsbeforeincometaxesextraordinaryitemsnoncontrollinginterest": 4070000,
        "incometaxexpensebenefit": -25828000,
        "incomelossfromcontinuingoperationsincludingportionattributabletononcontrollinginterest": 29898000,
        "netincomelossattributabletononcontrollinginterest": 44176000,
        "netincomelossavailabletocommonstockholdersbasic": -14704000,
        "incomelossfromcontinuingoperations": -14303000,
        "incomelossfromcontinuingoperationsperbasicshare": -0.10000000000000009,
        "earningspersharebasic": -0.10000000000000009,
        "incomelossfromcontinuingoperationsperdilutedshare": -0.0900000000000003,
        "earningspersharediluted": -0.08999999999999986
    },
    {
        "date": "2014-09-29",
        "symbol": "EQT",
        "period": "Q3",
        "profitloss": 244663000,
        "othercomprehensiveincomelossderivativesqualifyingashedgesnetoftax": 17820000,
        "othercomprehensiveincomederivativesqualifyingashedgesperiodincreasedecreasenetoftaxinterestrate": 36000,
        "othercomprehensiveincomelosspensionandotherpostretirementbenefitplansadjustmentnetoftax": -175000,
        "othercomprehensiveincomelossnetoftax": 17396000,
        "comprehensiveincomenetoftaxincludingportionattributabletononcontrollinginterest": 150325000,
        "comprehensiveincomenetoftaxattributabletononcontrollinginterest": 33739000,
        "comprehensiveincomenetoftax": 116586000,
        "othercomprehensiveincomelossderivativesqualifyingashedgestax": 11844000,
        "othercomprehensiveincomederivativesqualifyingashedgesinterestratetax": 25000,
        "othercomprehensiveincomelosspensionandotherpostretirementbenefitplanstax": -113000,
        "oilandgasrevenue": -685366000,
        "resultsofoperationsproductionorliftingcosts": 33840000,
        "explorationexpense": 3606000,
        "sellinggeneralandadministrativeexpense": 57131000,
        "depreciationdepletionandamortization": -93234000,
        "costsandexpenses": 347220000,
        "operatingincomeloss": -595623000,
        "othernonoperatingincome": 1004000,
        "interestexpense": 35717000,
        "incomelossfromcontinuingoperationsbeforeincometaxesextraordinaryitemsnoncontrollinginterest": 196790000,
        "incometaxexpensebenefit": 64496000,
        "incomelossfromcontinuingoperationsincludingportionattributabletononcontrollinginterest": 132294000,
        "incomelossfromdiscontinuedoperationsnetoftax": 0,
        "netincomelossattributabletononcontrollinginterest": 33739000,
        "netincomelossavailabletocommonstockholdersbasic": 98555000,
        "incomelossfromcontinuingoperations": 98555000,
        "weightedaveragenumberofsharesoutstandingbasic": -151582000,
        "incomelossfromcontinuingoperationsperbasicshare": 0.6500000000000001,
        "earningspersharebasic": 0.6499999999999999,
        "weightedaveragenumberofdilutedsharesoutstanding": -152861000,
        "incomelossfromcontinuingoperationsperdilutedshare": 0.6400000000000001,
        "earningspersharediluted": 0.6399999999999999,
        "commonstockdividendspersharedeclared": 0.03
    },
    {
        "date": "2014-06-29",
        "symbol": "EQT",
        "period": "Q2",
        "oilandgasrevenue": 526168000,
        "gasgatheringtransportationmarketingandprocessingcosts": 51723000,
        "utilitiesoperatingexpensemaintenanceoperationsandothercostsandexpenses": 27587000,
        "resultsofoperationsproductionorliftingcosts": 31882000,
        "explorationexpense": 7452000,
        "sellinggeneralandadministrativeexpense": 63283000,
        "depreciationdepletionandamortization": 157219000,
        "costsandexpenses": 339146000,
        "gainlossonsaleofpropertyplantequipment": 37749000,
        "operatingincomeloss": 224771000,
        "othernonoperatingincome": 2579000,
        "interestexpense": 31873000,
        "incomelossfromcontinuingoperationsbeforeincometaxesextraordinaryitemsnoncontrollinginterest": 195477000,
        "incometaxexpensebenefit": 59089000,
        "incomelossfromcontinuingoperationsincludingportionattributabletononcontrollinginterest": 136388000,
        "incomelossfromdiscontinuedoperationsnetoftax": 1876000,
        "profitloss": 138264000,
        "netincomelossattributabletononcontrollinginterest": 27343000,
        "netincomelossavailabletocommonstockholdersbasic": 110921000,
        "incomelossfromcontinuingoperations": 109045000,
        "weightedaveragenumberofsharesoutstandingbasic": 151744000,
        "incomelossfromcontinuingoperationsperbasicshare": 0.72,
        "incomelossfromdiscontinuedoperationsnetoftaxperbasicshare": 0.01,
        "earningspersharebasic": 0.73,
        "weightedaveragenumberofdilutedsharesoutstanding": 152570000,
        "incomelossfromcontinuingoperationsperdilutedshare": 0.72,
        "incomelossfromdiscontinuedoperationsnetoftaxperdilutedshare": 0.01,
        "earningspersharediluted": 0.73,
        "commonstockdividendspersharedeclared": 0.03,
        "othercomprehensiveincomelossderivativesqualifyingashedgesnetoftax": -19307000,
        "othercomprehensiveincomederivativesqualifyingashedgesperiodincreasedecreasenetoftaxinterestrate": 36000,
        "othercomprehensiveincomelosspensionandotherpostretirementbenefitplansadjustmentnetoftax": -176000,
        "othercomprehensiveincomelossnetoftax": -19095000,
        "comprehensiveincomenetoftaxincludingportionattributabletononcontrollinginterest": 119169000,
        "comprehensiveincomenetoftaxattributabletononcontrollinginterest": 27343000,
        "comprehensiveincomenetoftax": 91826000,
        "othercomprehensiveincomelossderivativesqualifyingashedgestax": -12984000,
        "othercomprehensiveincomederivativesqualifyingashedgesinterestratetax": 25000,
        "othercomprehensiveincomelosspensionandotherpostretirementbenefitplanstax": -113000
    },
    {
        "date": "2014-03-30",
        "symbol": "EQT",
        "period": "Q1",
        "oilandgasrevenue": 661625000,
        "costofpurchasedoilandgas": 45175000,
        "utilitiesoperatingexpensemaintenanceoperationsandothercostsandexpenses": 25221000,
        "resultsofoperationsproductionorliftingcosts": 31940000,
        "explorationexpense": 1419000,
        "sellinggeneralandadministrativeexpense": 48968000,
        "depreciationdepletionandamortization": -137000,
        "costsandexpenses": 304834000,
        "operatingincomeloss": 356791000,
        "othernonoperatingincome": 2551000,
        "interestexpense": 31968000,
        "incomelossfromcontinuingoperationsbeforeincometaxesextraordinaryitemsnoncontrollinginterest": 327374000,
        "incometaxexpensebenefit": 116335000,
        "incomelossfromcontinuingoperationsincludingportionattributabletononcontrollinginterest": 211039000,
        "incomelossfromdiscontinuedoperationsnetoftax": -104000,
        "profitloss": 18742000,
        "netincomelossattributabletononcontrollinginterest": 18742000,
        "netincomelossavailabletocommonstockholdersbasic": 192193000,
        "incomelossfromcontinuingoperations": 192297000,
        "weightedaveragenumberofsharesoutstandingbasic": 151371000,
        "incomelossfromcontinuingoperationsperbasicshare": 1.27,
        "earningspersharebasic": 1.27,
        "weightedaveragenumberofdilutedsharesoutstanding": 152759000,
        "incomelossfromcontinuingoperationsperdilutedshare": 1.26,
        "earningspersharediluted": 1.26,
        "commonstockdividendspersharedeclared": 0.03,
        "othercomprehensiveincomelossderivativesqualifyingashedgesnetoftax": -21931000,
        "othercomprehensiveincomederivativesqualifyingashedgesperiodincreasedecreasenetoftaxinterestrate": 36000,
        "othercomprehensiveincomelosspensionandotherpostretirementbenefitplansadjustmentnetoftax": -176000,
        "othercomprehensiveincomelossnetoftax": -21719000,
        "comprehensiveincomenetoftaxincludingportionattributabletononcontrollinginterest": 189216000,
        "comprehensiveincomenetoftaxattributabletononcontrollinginterest": 18742000,
        "comprehensiveincomenetoftax": 170474000,
        "othercomprehensiveincomelossderivativesqualifyingashedgestax": -14896000,
        "othercomprehensiveincomederivativesqualifyingashedgesinterestratetax": 25000,
        "othercomprehensiveincomelosspensionandotherpostretirementbenefitplanstax": -114000
    },
    {
        "date": "2013-09-29",
        "symbol": "EQT",
        "period": "Q3",
        "oilandgasrevenue": -23744000,
        "costofpurchasedoilandgas": 37265000,
        "utilitiesoperatingexpensemaintenanceoperationsandothercostsandexpenses": 36861000,
        "resultsofoperationsproductionorliftingcosts": 28076000,
        "explorationexpense": 5256000,
        "sellinggeneralandadministrativeexpense": 52944000,
        "depreciationdepletionandamortization": -15000,
        "costsandexpenses": 336050000,
        "operatingincomeloss": -5498000,
        "othernonoperatingincome": 2405000,
        "interestexpense": 35554000,
        "incomelossfromcontinuingoperationsbeforeincometaxesextraordinaryitemsnoncontrollinginterest": 137399000,
        "incometaxexpensebenefit": 34789000,
        "profitloss": 102610000,
        "netincomelossattributabletononcontrollinginterest": 14354000,
        "netincomelossavailabletocommonstockholdersbasic": 88256000,
        "weightedaveragenumberofsharesoutstandingbasic": 150679000,
        "earningspersharebasic": 0.59,
        "weightedaveragenumberofdilutedsharesoutstanding": 151663000,
        "earningspersharediluted": 0.58,
        "commonstockdividendspersharedeclared": 0.03,
        "othercomprehensiveincomelossderivativesqualifyingashedgestax": -5448000,
        "othercomprehensiveincomederivativesqualifyingashedgesinterestratetax": 25000,
        "othercomprehensiveincomelosspensionandotherpostretirementbenefitplanstax": -307000,
        "othercomprehensiveincomelossderivativesqualifyingashedgesnetoftax": -8287000,
        "othercomprehensiveincomederivativesqualifyingashedgesperiodincreasedecreasenetoftaxinterestrate": 36000,
        "othercomprehensiveincomelosspensionandotherpostretirementbenefitplansadjustmentnetoftax": -433000,
        "othercomprehensiveincomelossnetoftax": 433000,
        "comprehensiveincomenetoftaxincludingportionattributabletononcontrollinginterest": 94792000,
        "comprehensiveincomenetoftaxattributabletononcontrollinginterest": 14354000,
        "comprehensiveincomenetoftax": 80438000
    },
    {
        "date": "2013-06-29",
        "symbol": "EQT",
        "period": "Q2",
        "oilandgasrevenue": 520092000,
        "costofpurchasedoilandgas": 50365000,
        "utilitiesoperatingexpensemaintenanceandoperations": 35040000,
        "resultsofoperationsproductionorliftingcosts": 27747000,
        "explorationexpense": 6138000,
        "sellinggeneralandadministrativeexpense": 60930000,
        "depreciationdepletionandamortization": 168577000,
        "costsandexpenses": 348797000,
        "operatingincomeloss": 171295000,
        "othernonoperatingincome": 2111000,
        "interestexpense": 37384000,
        "incomelossfromcontinuingoperationsbeforeincometaxesextraordinaryitemsnoncontrollinginterest": 136022000,
        "incometaxexpensebenefit": 41904000,
        "profitloss": 94118000,
        "netincomelossattributabletononcontrollinginterest": 7262000,
        "netincomelossavailabletocommonstockholdersbasic": 86856000,
        "weightedaveragenumberofsharesoutstandingbasic": 150525000,
        "earningspersharebasic": 0.58,
        "weightedaveragenumberofdilutedsharesoutstanding": 151393000,
        "earningspersharediluted": 0.57,
        "commonstockdividendspersharedeclared": 0.03,
        "othercomprehensiveincomelossderivativesqualifyingashedgestax": 41436000,
        "othercomprehensiveincomederivativesqualifyingashedgesinterestratetax": 25000,
        "othercomprehensiveincomelosspensionandotherpostretirementbenefitplanstax": -306000,
        "othercomprehensiveincomelossderivativesqualifyingashedgesnetoftax": 62939000,
        "othercomprehensiveincomederivativesqualifyingashedgesperiodincreasedecreasenetoftaxinterestrate": 36000,
        "othercomprehensiveincomelosspensionandotherpostretirementbenefitplansadjustmentnetoftax": -436000,
        "othercomprehensiveincomelossnetoftax": 63411000,
        "comprehensiveincomenetoftaxincludingportionattributabletononcontrollinginterest": 157529000,
        "comprehensiveincomenetoftaxattributabletononcontrollinginterest": 7262000,
        "comprehensiveincomenetoftax": 150267000
    },
    {
        "date": "2013-03-30",
        "symbol": "EQT",
        "period": "Q1",
        "oilandgasrevenue": -28098000,
        "costofpurchasedoilandgas": 100569000,
        "utilitiesoperatingexpensemaintenanceandoperations": 33223000,
        "resultsofoperationsproductionorliftingcosts": 24889000,
        "explorationexpense": 3730000,
        "sellinggeneralandadministrativeexpense": 48498000,
        "depreciationdepletionandamortization": -60000,
        "costsandexpenses": 360025000,
        "operatingincomeloss": -1952000,
        "othernonoperatingincome": 2330000,
        "interestexpense": 37752000,
        "incomelossfromcontinuingoperationsbeforeincometaxesextraordinaryitemsnoncontrollinginterest": 163213000,
        "incometaxexpensebenefit": 53932000,
        "profitloss": 9026000,
        "netincomelossattributabletononcontrollinginterest": 9026000,
        "netincomelossavailabletocommonstockholdersbasic": 100255000,
        "weightedaveragenumberofsharesoutstandingbasic": 150327000,
        "earningspersharebasic": 0.67,
        "weightedaveragenumberofdilutedsharesoutstanding": 150949000,
        "earningspersharediluted": 0.66,
        "commonstockdividendspersharedeclared": 0.03,
        "othercomprehensiveincomelossderivativesqualifyingashedgestax": -51583000,
        "othercomprehensiveincomederivativesqualifyingashedgesinterestratetax": 25000,
        "othercomprehensiveincomelosspensionandotherpostretirementbenefitplanstax": -307000,
        "othercomprehensiveincomelossderivativesqualifyingashedgesnetoftax": -78434000,
        "othercomprehensiveincomederivativesqualifyingashedgesperiodincreasedecreasenetoftaxinterestrate": 36000,
        "othercomprehensiveincomelosspensionandotherpostretirementbenefitplansadjustmentnetoftax": -433000,
        "othercomprehensiveincomelossnetoftax": 433000,
        "comprehensiveincomenetoftaxincludingportionattributabletononcontrollinginterest": 31316000,
        "comprehensiveincomenetoftaxattributabletononcontrollinginterest": 9026000,
        "comprehensiveincomenetoftax": 22290000
    },
    {
        "date": "2012-12-30",
        "symbol": "EQT",
        "period": "Q4",
        "othercomprehensiveincomederivativesqualifyingashedgesinterestratetax": 9320000,
        "oilandgasrevenue": -816538000,
        "costofpurchasedoilandgas": 70278000,
        "utilitiesoperatingexpensemaintenanceandoperations": 36471000,
        "resultsofoperationsproductionorliftingcosts": 23359000,
        "explorationexpense": 5492000,
        "sellinggeneralandadministrativeexpense": 58896000,
        "depreciationdepletionandamortization": -161049000,
        "costsandexpenses": 338797000,
        "operatingincomeloss": -186936000,
        "othernonoperatingincome": 3047000,
        "interestexpense": 62445000,
        "incomelossfromcontinuingoperationsbeforeincometaxesextraordinaryitemsnoncontrollinginterest": 90669000,
        "incometaxexpensebenefit": 34443000,
        "netincomelossavailabletocommonstockholdersbasic": 48041000,
        "earningspersharebasic": 0.33000000000000007,
        "earningspersharediluted": 0.32000000000000006,
        "othercomprehensiveincomederivativesqualifyingashedgesperiodincreasedecreasenetoftaxinterestrate": 12271000,
        "comprehensiveincomenetoftax": 64852000
    },
    {
        "date": "2012-09-29",
        "symbol": "EQT",
        "period": "Q3",
        "oilandgasrevenue": 364057000,
        "costofpurchasedoilandgas": 34394000,
        "utilitiesoperatingexpensemaintenanceandoperations": 36259000,
        "resultsofoperationsproductionorliftingcosts": 23201000,
        "explorationexpense": 1163000,
        "sellinggeneralandadministrativeexpense": 51481000,
        "depreciationdepletionandamortization": 131611000,
        "costsandexpenses": 278109000,
        "gainlossonsaleofproperty": -200000,
        "operatingincomeloss": 85761000,
        "othernonoperatingincome": 2988000,
        "interestexpense": 40460000,
        "incomelossfromcontinuingoperationsbeforeincometaxesextraordinaryitemsnoncontrollinginterest": 48289000,
        "incometaxexpensebenefit": 11585000,
        "profitloss": 36704000,
        "netincomelossattributabletononcontrollinginterest": 4831000,
        "netincomelossavailabletocommonstockholdersbasic": 31873000,
        "weightedaveragenumberofsharesoutstandingbasic": 149604000,
        "earningspersharebasic": 0.21,
        "weightedaveragenumberofdilutedsharesoutstanding": 150388000,
        "earningspersharediluted": 0.21,
        "commonstockdividendspersharedeclared": 0.22,
        "othercomprehensiveincomelossderivativesqualifyingashedgesnetoftax": -96680000,
        "othercomprehensiveincomederivativesqualifyingashedgesperiodincreasedecreasenetoftaxinterestrate": -1734000,
        "othercomprehensiveincomelosspensionandotherpostretirementbenefitplansadjustmentnetoftax": -455000,
        "othercomprehensiveincomelossnetoftax": -97959000,
        "comprehensiveincomenetoftaxincludingportionattributabletononcontrollinginterest": -66086000,
        "comprehensiveincomenetoftax": -66086000,
        "othercomprehensiveincomelossderivativesqualifyingashedgestax": -62383000,
        "othercomprehensiveincomederivativesqualifyingashedgesinterestratetax": -1322000,
        "othercomprehensiveincomelosspensionandotherpostretirementbenefitplanstax": -369000
    },
    {
        "date": "2012-06-29",
        "symbol": "EQT",
        "period": "Q2",
        "oilandgasrevenue": -95915000,
        "costofpurchasedoilandgas": 39667000,
        "utilitiesoperatingexpensemaintenanceandoperations": 34815000,
        "resultsofoperationsproductionorliftingcosts": 22572000,
        "explorationexpense": 1887000,
        "sellinggeneralandadministrativeexpense": 41778000,
        "depreciationdepletionandamortization": -77833000,
        "costsandexpenses": 256400000,
        "gainlossonsaleofproperty": 0,
        "operatingincomeloss": -75444000,
        "othernonoperatingincome": 7461000,
        "interestexpense": 40629000,
        "incomelossfromcontinuingoperationsbeforeincometaxesextraordinaryitemsnoncontrollinginterest": 46024000,
        "incometaxexpensebenefit": 14578000,
        "netincomelossavailabletocommonstockholdersbasic": 31446000,
        "weightedaveragenumberofsharesoutstandingbasic": 38000,
        "earningspersharebasic": 0.20999999999999996,
        "weightedaveragenumberofdilutedsharesoutstanding": -16000,
        "earningspersharediluted": 0.20999999999999996,
        "commonstockdividendspersharedeclared": 0.22,
        "othercomprehensiveincomederivativesqualifyingashedgesnetoftaxportionattributabletoparent": -64216000,
        "othercomprehensiveincomederivativesqualifyingashedgesperiodincreasedecreasenetoftaxinterestrate": -6606000,
        "othercomprehensiveincomedefinedbenefitplansadjustmentnetoftaxportionattributabletoparent": -489000,
        "othercomprehensiveincomelossnetoftaxportionattributabletoparent": -70333000,
        "comprehensiveincomenetoftax": -38887000,
        "othercomprehensiveincomederivativesqualifyingashedgesinterestratetax": -4966000,
        "othercomprehensiveincomedefinedbenefitplanstax": -336000
    },
    {
        "date": "2012-03-30",
        "symbol": "EQT",
        "period": "Q1",
        "othercomprehensiveincomederivativesqualifyingashedgestaxeffectperiodincreasedecrease": 38492000,
        "othercomprehensiveincomederivativesqualifyingashedgesinterestratetax": 1801000,
        "othercomprehensiveincomedefinedbenefitplanstax": 122000,
        "oilandgasrevenue": 449960000,
        "costofpurchasedoilandgas": 84066000,
        "utilitiesoperatingexpensemaintenanceandoperations": 34390000,
        "resultsofoperationsproductionorliftingcosts": 27023000,
        "explorationexpense": 1828000,
        "sellinggeneralandadministrativeexpense": 42942000,
        "depreciationdepletionandamortization": 107525000,
        "costsandexpenses": 297774000,
        "gainlossonsaleofproperty": 1110000,
        "operatingincomeloss": 153296000,
        "incomelossfromequitymethodinvestments": 2212000,
        "othernonoperatingincome": 2469000,
        "interestexpense": 41252000,
        "incomelossfromcontinuingoperationsbeforeincometaxesextraordinaryitemsnoncontrollinginterest": 116725000,
        "incometaxexpensebenefit": 44690000,
        "netincomelossavailabletocommonstockholdersbasic": 72035000,
        "weightedaveragenumberofsharesoutstandingbasic": 149494000,
        "earningspersharebasic": 0.48,
        "weightedaveragenumberofdilutedsharesoutstanding": 150216000,
        "earningspersharediluted": 0.48,
        "commonstockdividendspersharedeclared": 0.22,
        "othercomprehensiveincomederivativesqualifyingashedgesnetoftaxportionattributabletoparent": 59502000,
        "othercomprehensiveincomederivativesqualifyingashedgesperiodincreasedecreasenetoftaxinterestrate": 2438000,
        "othercomprehensiveincomedefinedbenefitplansadjustmentnetoftaxportionattributabletoparent": -947000,
        "othercomprehensiveincomelossnetoftaxportionattributabletoparent": 62887000,
        "comprehensiveincomenetoftax": 134922000
    },
    {
        "date": "2011-12-30",
        "symbol": "EQT",
        "period": "Q4",
        "oilandgasrevenue": 1405449000,
        "costofpurchasedoilandgas": 128597000,
        "utilitiesoperatingexpensemaintenanceandoperations": 36129000,
        "resultsofoperationsproductionorliftingcosts": 20127000,
        "explorationexpense": 1545000,
        "sellinggeneralandadministrativeexpense": 47722000,
        "depreciationdepletionandamortization": 91670000,
        "costsandexpenses": 325790000,
        "operatingincomeloss": -151667000,
        "othernonoperatingincome": 6190000,
        "interestexpense": 37686000,
        "incometaxexpensebenefit": 50411000,
        "earningspersharebasic": 0.6,
        "earningspersharediluted": 0.6
    },
    {
        "date": "2011-09-29",
        "symbol": "EQT",
        "period": "Q3",
        "oilandgasrevenue": 336720000,
        "costofpurchasedoilandgas": 8197000,
        "utilitiesoperatingexpensemaintenanceandoperations": 35872000,
        "resultsofoperationsproductionorliftingcosts": 24908000,
        "explorationexpense": 814000,
        "sellinggeneralandadministrativeexpense": 44745000,
        "depreciationdepletionandamortization": 87343000,
        "costsandexpenses": 201879000,
        "operatingincomeloss": 134841000,
        "gainlossonsaleofpropertyplantequipment": 180143000,
        "othernonoperatingincome": 3098000,
        "interestexpense": 32503000,
        "incomelossfromcontinuingoperationsbeforeincometaxesextraordinaryitemsnoncontrollinginterest": 285579000,
        "incometaxexpensebenefit": 106665000,
        "netincomelossavailabletocommonstockholdersbasic": 178914000,
        "weightedaveragenumberofsharesoutstandingbasic": 149441000,
        "earningspersharebasic": 1.2,
        "weightedaveragenumberofdilutedsharesoutstanding": 150301000,
        "earningspersharediluted": 1.19,
        "commonstockdividendspersharedeclared": 0.22
    },
    {
        "date": "2011-06-29",
        "symbol": "EQT",
        "period": "Q2",
        "oilandgasrevenue": -557906000,
        "costofpurchasedoilandgas": 21459000,
        "utilitiesoperatingexpensemaintenanceandoperations": 30586000,
        "resultsofoperationsproductionorliftingcosts": 19765000,
        "explorationexpense": 1198000,
        "sellinggeneralandadministrativeexpense": 40936000,
        "depreciationdepletionandamortization": 81886000,
        "costsandexpenses": 195830000,
        "operatingincomeloss": -210089000,
        "gainlossonsaleofpropertyplantequipment": 0,
        "othernonoperatingincome": 24419000,
        "interestexpense": 33287000,
        "incomelossfromcontinuingoperationsbeforeincometaxes": 137929000,
        "incometaxexpensebenefit": 50175000,
        "profitloss": 87754000,
        "weightedaveragenumberofsharesoutstandingbasic": 76000,
        "earningspersharebasic": 0.59,
        "weightedaveragenumberofdilutedsharesoutstanding": 32000,
        "earningspersharediluted": 0.58,
        "commonstockdividendspersharedeclared": 0.22
    },
    {
        "date": "2011-03-30",
        "symbol": "EQT",
        "period": "Q1",
        "oilandgasrevenue": 455671000,
        "costofpurchasedoilandgas": 98214000,
        "utilitiesoperatingexpensemaintenanceandoperations": 25055000,
        "resultsofoperationsproductionorliftingcosts": 16111000,
        "explorationexpense": 1375000,
        "sellinggeneralandadministrativeexpense": 38891000,
        "depreciationdepletionandamortization": 78398000,
        "costsandexpenses": 258044000,
        "operatingincomeloss": 197627000,
        "gainlossonsaleofpropertyplantequipment": 22785000,
        "marketablesecuritiesrealizedgainloss": 4015000,
        "incomelossfromequitymethodinvestments": 2358000,
        "othernonoperatingincome": 431000,
        "interestexpense": 32852000,
        "incomelossfromcontinuingoperationsbeforeincometaxes": 194364000,
        "incometaxexpensebenefit": 72109000,
        "profitloss": 122255000,
        "weightedaveragenumberofsharesoutstandingbasic": 149271000,
        "earningspersharebasic": 0.82,
        "weightedaveragenumberofdilutedsharesoutstanding": 150002000,
        "earningspersharediluted": 0.82,
        "commonstockdividendspersharedeclared": 0.22
    },
    {
        "date": "2010-09-29",
        "symbol": "EQT",
        "period": "Q3",
        "oilandgasrevenue": 257335000,
        "costofpurchasedoilandgas": 8838000,
        "utilitiesoperatingexpensemaintenanceandoperations": 41232000,
        "resultsofoperationsproductionorliftingcosts": 15261000,
        "explorationexpense": 941000,
        "sellinggeneralandadministrativeexpense": 34333000,
        "depreciationdepletionandamortization": 68548000,
        "costsandexpenses": 169153000,
        "operatingincomeloss": 88182000,
        "othernonoperatingincome": 278000,
        "incomelossfromequitymethodinvestments": 2646000,
        "interestexpense": 33861000,
        "incomelossfromcontinuingoperationsbeforeincometaxes": 57245000,
        "incometaxexpensebenefit": 20723000,
        "profitloss": 36522000,
        "weightedaveragenumberofsharesoutstandingbasic": 149133000,
        "earningspersharebasic": 0.24,
        "weightedaveragenumberofdilutedsharesoutstanding": 149775000,
        "earningspersharediluted": 0.24,
        "commonstockdividendspersharedeclared": 0.22
    },
    {
        "date": "2010-06-29",
        "symbol": "EQT",
        "period": "Q2",
        "oilandgasrevenue": 257515000,
        "costofpurchasedoilandgas": 15969000,
        "utilitiesoperatingexpensemaintenanceandoperations": 35567000,
        "resultsofoperationsproductionorliftingcosts": 16739000,
        "explorationexpense": 1078000,
        "sellinggeneralandadministrativeexpense": 44416000,
        "depreciationdepletionandamortization": 65217000,
        "operatingexpenses": 178986000,
        "operatingincomeloss": 78529000,
        "othernonoperatingincome": 153000,
        "incomelossfromequitymethodinvestments": 2420000,
        "interestexpense": 34080000,
        "incomelossfromcontinuingoperationsbeforeincometaxes": 47022000,
        "incometaxexpensebenefit": 17022000,
        "profitloss": 30000000,
        "weightedaveragenumberofsharesoutstandingbasic": 147575000,
        "earningspersharebasic": 0.2,
        "weightedaveragenumberofdilutedsharesoutstanding": 148289000,
        "earningspersharediluted": 0.2,
        "commonstockdividendspersharedeclared": 0.22
    },
    {
        "date": "2010-03-30",
        "symbol": "EQT",
        "period": "Q1",
        "oilandgasrevenue": 436640000,
        "costofpurchasedoilandgas": 113962000,
        "utilitiesoperatingexpensemaintenanceandoperations": 34339000,
        "resultsofoperationsproductionorliftingcosts": 16800000,
        "explorationexpense": 1335000,
        "sellinggeneralandadministrativeexpense": 39212000,
        "depreciationdepletionandamortization": 61879000,
        "operatingexpenses": 267527000,
        "operatingincomeloss": 169113000,
        "othernonoperatingincome": 527000,
        "incomelossfromequitymethodinvestments": 2527000,
        "interestexpense": 34134000,
        "incomelossfromcontinuingoperationsbeforeincometaxes": 138033000,
        "incometaxexpensebenefit": 49968000,
        "profitloss": 88065000,
        "weightedaveragenumberofsharesoutstandingbasic": 134084000,
        "earningspersharebasic": 0.66,
        "weightedaveragenumberofdilutedsharesoutstanding": 135009000,
        "earningspersharediluted": 0.65,
        "commonstockdividendspersharedeclared": 0.22
    },
    {
        "date": "2009-09-29",
        "symbol": "EQT",
        "period": "Q3",
        "oilandgasrevenue": 218357000,
        "costofpurchasedoilandgas": 13573000,
        "utilitiesoperatingexpensemaintenanceandoperations": 34561000,
        "resultsofoperationsproductionorliftingcosts": 16153000,
        "explorationexpense": 4526000,
        "sellinggeneralandadministrativeexpense": 59906000,
        "depreciationdepletionandamortization": 49706000,
        "costsandexpenses": 178425000,
        "operatingincomeloss": 39932000,
        "othernonoperatingincome": 511000,
        "incomelossfromequitymethodinvestments": 1950000,
        "interestexpense": 32393000,
        "incomelossfromcontinuingoperationsbeforeincometaxes": 10000000,
        "incometaxexpensebenefit": 7091000,
        "profitloss": 2909000,
        "weightedaveragenumberofsharesoutstandingbasic": 130850000,
        "earningspersharebasic": 0.02,
        "weightedaveragenumberofdilutedsharesoutstanding": 131505000,
        "earningspersharediluted": 0.02,
        "commonstockdividendspersharedeclared": 0.22
    },
    {
        "date": "2009-06-29",
        "symbol": "EQT",
        "period": "Q2",
        "oilandgasrevenue": 238040000,
        "costofpurchasedoilandgas": 34591000,
        "utilitiesoperatingexpensemaintenanceandoperations": 34892000,
        "resultsofoperationsproductionorliftingcosts": 14860000,
        "explorationexpense": 4414000,
        "sellinggeneralandadministrativeexpense": 35581000,
        "depreciationdepletionandamortization": 46188000,
        "costsandexpenses": 170526000,
        "operatingincomeloss": 67514000,
        "othernonoperatingincome": 698000,
        "incomelossfromequitymethodinvestments": 1610000,
        "interestexpense": 26460000,
        "incomelossfromcontinuingoperationsbeforeincometaxes": 43362000,
        "incometaxexpensebenefit": 16717000,
        "profitloss": 26645000,
        "weightedaveragenumberofsharesoutstandingbasic": 130830000,
        "earningspersharebasic": 0.2,
        "weightedaveragenumberofdilutedsharesoutstanding": 131443000,
        "earningspersharediluted": 0.2,
        "commonstockdividendspersharedeclared": 0.22
    }
]