[
    {
        "date": "2024-06-29",
        "symbol": "FE",
        "period": "Q2",
        "revenues": 2617000000,
        "fuelcosts": 128000000,
        "utilitiesoperatingexpensepurchasedpower": 877000000,
        "othercostandexpenseoperating": 1170000000,
        "depreciation": 397000000,
        "deferralofregulatoryassetsnet": -8000000,
        "utilitiesoperatingexpensetaxes": 293000000,
        "costsandexpenses": 2857000000,
        "operatingincomeloss": 423000000,
        "gainslossesonextinguishmentofdebt": -85000000,
        "incomelossfromequitymethodinvestments": 22000000,
        "othernonoperatingincomeexpense": 59000000,
        "interestcostsincurred": 285000000,
        "interestcostscapitalizedadjustment": 29000000,
        "nonoperatingincomeexpense": -260000000,
        "incomelossfromcontinuingoperationsbeforeincometaxesextraordinaryitemsnoncontrollinginterest": 163000000,
        "incometaxexpensebenefit": 65000000,
        "profitloss": 98000000,
        "netincomelossattributabletononcontrollinginterest": 53000000,
        "netincomeloss": 45000000,
        "earningspersharebasic": 0.08,
        "earningspersharediluted": 0.08,
        "weightedaveragenumberofsharesoutstandingbasic": 575000000,
        "weightedaveragenumberofdilutedsharesoutstanding": 576000000,
        "excisetaxescollected": 98000000,
        "othercomprehensiveincomelosscashflowhedgegainlossafterreclassificationbeforetax": 4000000,
        "othercomprehensiveincomelossbeforetax": 4000000,
        "othercomprehensiveincomelosstax": 1000000,
        "othercomprehensiveincomelossnetoftax": 3000000,
        "comprehensiveincomenetoftaxincludingportionattributabletononcontrollinginterest": 101000000,
        "comprehensiveincomenetoftaxattributabletononcontrollinginterest": 53000000,
        "comprehensiveincomenetoftax": 48000000
    },
    {
        "date": "2023-12-30",
        "symbol": "FE",
        "period": "Q4",
        "revenues": 2481000000,
        "fuelcosts": 99000000,
        "utilitiesoperatingexpensepurchasedpower": 935000000,
        "othercostandexpenseoperating": 896000000,
        "depreciation": 373000000,
        "utilitiesoperatingexpensetaxes": 283000000,
        "costsandexpenses": 2578000000,
        "operatingincomeloss": 568000000,
        "incomelossfromequitymethodinvestments": 41000000,
        "othernonoperatingincomeexpense": 62000000,
        "interestcostsincurred": 296000000,
        "interestcostscapitalizedadjustment": 28000000,
        "nonoperatingincomeexpense": -302000000,
        "incomelossfromcontinuingoperationsbeforeincometaxesextraordinaryitemsnoncontrollinginterest": 266000000,
        "incometaxexpensebenefit": 74000000,
        "profitloss": 192000000,
        "netincomelossattributabletononcontrollinginterest": 17000000,
        "netincomeloss": 175000000,
        "earningspersharebasic": 0.2999999999999998,
        "earningspersharediluted": 0.30999999999999983,
        "weightedaveragenumberofsharesoutstandingbasic": 573000000,
        "weightedaveragenumberofdilutedsharesoutstanding": 574000000,
        "excisetaxescollected": 105000000,
        "othercomprehensiveincomelosspensionandotherpostretirementbenefitplansadjustmentbeforetax": 1000000,
        "othercomprehensiveincomelossbeforetax": -1000000,
        "othercomprehensiveincomelosstax": 0,
        "comprehensiveincomenetoftaxincludingportionattributabletononcontrollinginterest": 191000000,
        "comprehensiveincomenetoftaxattributabletononcontrollinginterest": 17000000,
        "comprehensiveincomenetoftax": 174000000
    },
    {
        "date": "2023-09-29",
        "symbol": "FE",
        "period": "Q3",
        "revenues": 8041000000,
        "fuelcosts": 166000000,
        "utilitiesoperatingexpensepurchasedpower": 1155000000,
        "othercostandexpenseoperating": 967000000,
        "depreciation": 1054000000,
        "utilitiesoperatingexpensetaxes": 307000000,
        "costsandexpenses": 2821000000,
        "operatingincomeloss": 666000000,
        "incomelossfromequitymethodinvestments": 43000000,
        "othernonoperatingincomeexpense": 24000000,
        "interestcostsincurred": 289000000,
        "interestcostscapitalizedadjustment": 26000000,
        "nonoperatingincomeexpense": -196000000,
        "incomelossfromcontinuingoperationsbeforeincometaxesextraordinaryitemsnoncontrollinginterest": 470000000,
        "incometaxexpensebenefit": 215000000,
        "profitloss": 947000000,
        "netincomelossattributabletononcontrollinginterest": 20000000,
        "netincomeloss": 1061000000,
        "earningspersharebasic": 0.7000000000000002,
        "earningspersharediluted": 0.6900000000000002,
        "weightedaveragenumberofsharesoutstandingbasic": -572000000,
        "weightedaveragenumberofdilutedsharesoutstanding": -573000000,
        "excisetaxescollected": 114000000,
        "othercomprehensiveincomelosspensionandotherpostretirementbenefitplansadjustmentbeforetax": 2000000,
        "othercomprehensiveincomelossbeforetax": -2000000,
        "othercomprehensiveincomelosstax": -1000000,
        "comprehensiveincomenetoftaxincludingportionattributabletononcontrollinginterest": 419000000,
        "comprehensiveincomenetoftaxattributabletononcontrollinginterest": 20000000,
        "comprehensiveincomenetoftax": 399000000
    },
    {
        "date": "2023-06-29",
        "symbol": "FE",
        "period": "Q2",
        "revenues": -59000000,
        "fuelcosts": 140000000,
        "utilitiesoperatingexpensepurchasedpower": 894000000,
        "othercostandexpenseoperating": 885000000,
        "depreciation": 17000000,
        "amortizationdeferralofregulatoryasset": 1000000,
        "utilitiesoperatingexpensetaxes": 278000000,
        "costsandexpenses": 2525000000,
        "operatingincomeloss": 481000000,
        "gainslossesonextinguishmentofdebt": -36000000,
        "incomelossfromequitymethodinvestments": 35000000,
        "othernonoperatingincomeexpense": 43000000,
        "definedbenefitplanfairvalueofplanassetsperiodincreasedecrease": 59000000,
        "interestcostsincurred": 276000000,
        "interestcostscapitalizedadjustment": 22000000,
        "nonoperatingincomeexpense": -153000000,
        "incomelossfromcontinuingoperationsbeforeincometaxesextraordinaryitemsnoncontrollinginterest": 328000000,
        "incometaxexpensebenefit": -16000000,
        "profitloss": 19000000,
        "netincomelossattributabletononcontrollinginterest": 19000000,
        "netincomeloss": -76000000,
        "earningspersharebasic": 0.41,
        "earningspersharediluted": 0.41,
        "weightedaveragenumberofsharesoutstandingbasic": 573000000,
        "weightedaveragenumberofdilutedsharesoutstanding": 574000000,
        "excisetaxescollected": 92000000,
        "othercomprehensiveincomelosspensionandotherpostretirementbenefitplansadjustmentbeforetax": 1000000,
        "othercomprehensiveincomelosscashflowhedgegainlossafterreclassificationbeforetax": 2000000,
        "othercomprehensiveincomelossbeforetax": 1000000,
        "othercomprehensiveincomelosstax": 1000000,
        "comprehensiveincomenetoftaxincludingportionattributabletononcontrollinginterest": 254000000,
        "comprehensiveincomenetoftaxattributabletononcontrollinginterest": 19000000,
        "comprehensiveincomenetoftax": 235000000
    },
    {
        "date": "2023-03-30",
        "symbol": "FE",
        "period": "Q1",
        "revenues": -58000000,
        "fuelcosts": 133000000,
        "utilitiesoperatingexpensepurchasedpower": 1124000000,
        "othercostandexpenseoperating": 846000000,
        "depreciation": 17000000,
        "amortizationdeferralofregulatoryasset": -1000000,
        "utilitiesoperatingexpensetaxes": 296000000,
        "costsandexpenses": 2680000000,
        "operatingincomeloss": 551000000,
        "incomelossfromequitymethodinvestments": 56000000,
        "othernonoperatingincomeexpense": 35000000,
        "interestcostsincurred": 263000000,
        "interestcostscapitalizedadjustment": 21000000,
        "nonoperatingincomeexpense": -151000000,
        "incomelossfromcontinuingoperationsbeforeincometaxesextraordinaryitemsnoncontrollinginterest": 400000000,
        "incometaxexpensebenefit": -6000000,
        "profitloss": 18000000,
        "netincomelossattributabletononcontrollinginterest": 18000000,
        "netincomeloss": -58000000,
        "earningspersharebasic": 0.51,
        "earningspersharediluted": 0.51,
        "weightedaveragenumberofsharesoutstandingbasic": 572000000,
        "weightedaveragenumberofdilutedsharesoutstanding": 573000000,
        "excisetaxescollected": 109000000,
        "othercomprehensiveincomelosspensionandotherpostretirementbenefitplansadjustmentbeforetax": 2000000,
        "othercomprehensiveincomelossbeforetax": -2000000,
        "othercomprehensiveincomelosstax": -1000000,
        "othercomprehensiveincomelossnetoftax": -1000000,
        "comprehensiveincomenetoftaxincludingportionattributabletononcontrollinginterest": 309000000,
        "comprehensiveincomenetoftaxattributabletononcontrollinginterest": 18000000,
        "comprehensiveincomenetoftax": 291000000
    },
    {
        "date": "2022-09-29",
        "symbol": "FE",
        "period": "Q3",
        "revenues": -58000000,
        "fuelcosts": 209000000,
        "utilitiesoperatingexpensepurchasedpower": 1109000000,
        "othercostandexpenseoperating": 1111000000,
        "depreciation": 15000000,
        "amortizationdeferralofregulatoryasset": -1000000,
        "utilitiesoperatingexpensetaxes": 295000000,
        "costsandexpenses": 2970000000,
        "operatingincomeloss": 505000000,
        "gainslossesonextinguishmentofdebt": 1000000,
        "othernonoperatingincomeexpense": -24000000,
        "interestcostsincurred": 248000000,
        "interestcostscapitalizedadjustment": 23000000,
        "nonoperatingincomeexpense": -56000000,
        "incomelossfromcontinuingoperationsbeforeincometaxesextraordinaryitemsnoncontrollinginterest": 449000000,
        "incometaxexpensebenefit": 8000000,
        "incomelossfromcontinuingoperationsincludingportionattributabletononcontrollinginterest": 344000000,
        "profitloss": -54000000,
        "netincomelossattributabletononcontrollinginterest": 10000000,
        "netincomeloss": -54000000,
        "incomelossfromcontinuingoperationsperbasicshare": 0.58,
        "earningspersharebasic": 0.58,
        "incomelossfromcontinuingoperationsperdilutedshare": 0.58,
        "earningspersharediluted": 0.58,
        "weightedaveragenumberofsharesoutstandingbasic": 571000000,
        "weightedaveragenumberofdilutedsharesoutstanding": 572000000,
        "excisetaxescollected": 111000000,
        "othercomprehensiveincomelosspensionandotherpostretirementbenefitplansadjustmentbeforetax": 2000000,
        "othercomprehensiveincomelossbeforetax": -2000000,
        "othercomprehensiveincomelosstax": -1000000,
        "othercomprehensiveincomelossnetoftax": -1000000,
        "comprehensiveincomenetoftaxincludingportionattributabletononcontrollinginterest": 343000000,
        "comprehensiveincomenetoftaxattributabletononcontrollinginterest": 10000000,
        "comprehensiveincomenetoftax": 333000000
    },
    {
        "date": "2022-06-29",
        "symbol": "FE",
        "period": "Q2",
        "revenues": -57000000,
        "fuelcosts": 190000000,
        "utilitiesoperatingexpensepurchasedpower": 802000000,
        "othercostandexpenseoperating": 896000000,
        "depreciation": 18000000,
        "amortizationdeferralofregulatoryasset": -2000000,
        "utilitiesoperatingexpensetaxes": 264000000,
        "costsandexpenses": 2371000000,
        "operatingincomeloss": 447000000,
        "gainslossesonextinguishmentofdebt": -118000000,
        "othernonoperatingincomeexpense": -6000000,
        "interestcostsincurred": 265000000,
        "interestcostscapitalizedadjustment": 17000000,
        "nonoperatingincomeexpense": -206000000,
        "incomelossfromcontinuingoperationsbeforeincometaxesextraordinaryitemsnoncontrollinginterest": 241000000,
        "incometaxexpensebenefit": -42000000,
        "profitloss": -138000000,
        "netincomelossattributabletononcontrollinginterest": 5000000,
        "netincomeloss": -138000000,
        "earningspersharebasic": 0.33,
        "earningspersharediluted": 0.33,
        "weightedaveragenumberofsharesoutstandingbasic": 571000000,
        "weightedaveragenumberofdilutedsharesoutstanding": 572000000,
        "excisetaxescollected": 91000000,
        "othercomprehensiveincomelosspensionandotherpostretirementbenefitplansadjustmentbeforetax": 2000000,
        "othercomprehensiveincomelosscashflowhedgegainlossafterreclassificationbeforetax": 8000000,
        "othercomprehensiveincomelossbeforetax": 6000000,
        "othercomprehensiveincomelosstax": 2000000,
        "othercomprehensiveincomelossnetoftax": 4000000,
        "comprehensiveincomenetoftaxincludingportionattributabletononcontrollinginterest": 196000000,
        "comprehensiveincomenetoftaxattributabletononcontrollinginterest": 5000000,
        "comprehensiveincomenetoftax": 191000000
    },
    {
        "date": "2022-03-30",
        "symbol": "FE",
        "period": "Q1",
        "revenues": -59000000,
        "fuelcosts": 140000000,
        "utilitiesoperatingexpensepurchasedpower": 875000000,
        "othercostandexpenseoperating": 820000000,
        "depreciation": 17000000,
        "amortizationdeferralofregulatoryasset": 1000000,
        "utilitiesoperatingexpensetaxes": 292000000,
        "costsandexpenses": 2430000000,
        "operatingincomeloss": 559000000,
        "othernonoperatingincomeexpense": -2000000,
        "interestanddebtexpense": 313000000,
        "interestcostscapitalizedadjustment": 19000000,
        "nonoperatingincomeexpense": -188000000,
        "incomelossfromcontinuingoperationsbeforeincometaxesextraordinaryitemsnoncontrollinginterest": 371000000,
        "incometaxexpensebenefit": -27000000,
        "netincomeloss": 288000000,
        "earningspersharebasic": 0.51,
        "earningspersharediluted": 0.5,
        "weightedaveragenumberofsharesoutstandingbasic": 570000000,
        "weightedaveragenumberofdilutedsharesoutstanding": 571000000,
        "excisetaxescollected": 103000000,
        "othercomprehensiveincomelosspensionandotherpostretirementbenefitplansadjustmentbeforetax": 2000000,
        "othercomprehensiveincomelossbeforetax": -2000000,
        "othercomprehensiveincomelosstax": -1000000,
        "othercomprehensiveincomelossnetoftax": -1000000,
        "comprehensiveincomenetoftaxincludingportionattributabletononcontrollinginterest": 287000000
    },
    {
        "date": "2021-12-30",
        "symbol": "FE",
        "period": "Q4",
        "revenues": -51000000,
        "fuelcosts": 119000000,
        "othercostandexpenseoperating": 870000000,
        "depreciation": 16000000,
        "amortizationdeferralofregulatoryasset": -3000000,
        "utilitiesoperatingexpensetaxes": 261000000,
        "costsandexpenses": 2436000000,
        "operatingincomeloss": 224000000,
        "interestanddebtexpense": -856000000,
        "interestcostscapitalizedadjustment": 21000000,
        "nonoperatingincomeexpense": 255000000,
        "incomelossfromcontinuingoperationsbeforeincometaxesextraordinaryitemsnoncontrollinginterest": 479000000,
        "incometaxexpensebenefit": -88000000,
        "incomelossfromcontinuingoperationsincludingportionattributabletononcontrollinginterest": 32000000,
        "netincomeloss": 427000000,
        "incomelossfromcontinuingoperationsperbasicshare": 0.7900000000000001,
        "earningspersharebasic": 0.7799999999999999,
        "incomelossfromcontinuingoperationsperdilutedshare": 0.7900000000000001,
        "earningspersharediluted": 0.7799999999999999,
        "excisetaxescollected": 91000000,
        "othercomprehensiveincomelosspensionandotherpostretirementbenefitplansadjustmentbeforetax": 4000000,
        "othercomprehensiveincomelossbeforetax": -5000000,
        "othercomprehensiveincomelosstax": 0,
        "othercomprehensiveincomelossnetoftax": -5000000
    },
    {
        "date": "2021-09-29",
        "symbol": "FE",
        "period": "Q3",
        "revenues": -49000000,
        "fuelcosts": 132000000,
        "utilitiesoperatingexpensepurchasedpower": 874000000,
        "othercostandexpenseoperating": 856000000,
        "depreciation": 16000000,
        "amortizationdeferralofregulatoryasset": 1000000,
        "utilitiesoperatingexpensetaxes": 275000000,
        "costsandexpenses": 2493000000,
        "operatingincomeloss": 631000000,
        "othernonoperatingincomeexpense": -1000000,
        "interestanddebtexpense": 283000000,
        "interestcostscapitalizedadjustment": 20000000,
        "nonoperatingincomeexpense": -127000000,
        "incomelossfromcontinuingoperationsbeforeincometaxesextraordinaryitemsnoncontrollinginterest": 504000000,
        "incometaxexpensebenefit": -43000000,
        "incomelossfromcontinuingoperationsincludingportionattributabletononcontrollinginterest": -70000000,
        "netincomeloss": 463000000,
        "incomelossfromcontinuingoperationsperbasicshare": 0.7599999999999999,
        "earningspersharebasic": 0.8500000000000002,
        "incomelossfromcontinuingoperationsperdilutedshare": 0.7599999999999999,
        "earningspersharediluted": 0.8500000000000002,
        "weightedaveragenumberofsharesoutstandingbasic": 0,
        "weightedaveragenumberofdilutedsharesoutstanding": 0,
        "excisetaxescollected": 103000000,
        "othercomprehensiveincomelosspensionandotherpostretirementbenefitplansadjustmentbeforetax": 3000000,
        "othercomprehensiveincomelossbeforetax": -3000000,
        "othercomprehensiveincomelosstax": -1000000,
        "othercomprehensiveincomelossnetoftax": -2000000,
        "comprehensiveincomenetoftaxincludingportionattributabletononcontrollinginterest": 461000000
    },
    {
        "date": "2021-06-29",
        "symbol": "FE",
        "period": "Q2",
        "revenues": 2096000000,
        "fuelcosts": 112000000,
        "utilitiesoperatingexpensepurchasedpower": 614000000,
        "othercostandexpenseoperating": 718000000,
        "depreciation": 323000000,
        "amortizationdeferralofregulatoryasset": 49000000,
        "utilitiesoperatingexpensetaxes": 264000000,
        "gainlossonsaleofpropertyplantequipment": 0,
        "costsandexpenses": 2310000000,
        "operatingincomeloss": 312000000,
        "othernonoperatingincomeexpense": 108000000,
        "interestanddebtexpense": 287000000,
        "interestcostscapitalizedadjustment": 21000000,
        "nonoperatingincomeexpense": -158000000,
        "incomelossfromcontinuingoperationsbeforeincometaxesextraordinaryitemsnoncontrollinginterest": 154000000,
        "incometaxexpensebenefit": 96000000,
        "incomelossfromcontinuingoperationsincludingportionattributabletononcontrollinginterest": 58000000,
        "netincomeloss": 58000000,
        "incomelossfromcontinuingoperationsperbasicshare": 0.09999999999999998,
        "earningspersharebasic": 0.09999999999999998,
        "incomelossfromcontinuingoperationsperdilutedshare": 0.09999999999999998,
        "earningspersharediluted": 0.09999999999999998,
        "weightedaveragenumberofsharesoutstandingbasic": 1000000,
        "weightedaveragenumberofdilutedsharesoutstanding": 1000000,
        "excisetaxescollected": 85000000,
        "othercomprehensiveincomelosspensionandotherpostretirementbenefitplansadjustmentbeforetax": 4000000,
        "othercomprehensiveincomelossbeforetax": -3000000,
        "othercomprehensiveincomelosstax": -1000000,
        "othercomprehensiveincomelossnetoftax": -2000000,
        "comprehensiveincomenetoftaxincludingportionattributabletononcontrollinginterest": 56000000
    },
    {
        "date": "2021-03-30",
        "symbol": "FE",
        "period": "Q1",
        "revenues": 2236000000,
        "fuelcosts": 118000000,
        "utilitiesoperatingexpensepurchasedpower": 718000000,
        "othercostandexpenseoperating": 752000000,
        "depreciation": 323000000,
        "amortizationdeferralofregulatoryasset": 92000000,
        "utilitiesoperatingexpensetaxes": 273000000,
        "gainlossonsaleofpropertyplantequipment": 109000000,
        "costsandexpenses": 2167000000,
        "operatingincomeloss": 559000000,
        "othernonoperatingincomeexpense": 135000000,
        "interestanddebtexpense": 285000000,
        "interestcostscapitalizedadjustment": 13000000,
        "nonoperatingincomeexpense": -137000000,
        "incomelossfromcontinuingoperationsbeforeincometaxesextraordinaryitemsnoncontrollinginterest": 422000000,
        "incometaxexpensebenefit": 87000000,
        "incomelossfromcontinuingoperationsincludingportionattributabletononcontrollinginterest": 335000000,
        "netincomeloss": 335000000,
        "incomelossfromcontinuingoperationsperbasicshare": 0.62,
        "earningspersharebasic": 0.62,
        "incomelossfromcontinuingoperationsperdilutedshare": 0.62,
        "earningspersharediluted": 0.62,
        "weightedaveragenumberofsharesoutstandingbasic": 543000000,
        "weightedaveragenumberofdilutedsharesoutstanding": 544000000,
        "excisetaxescollected": 95000000,
        "othercomprehensiveincomelosspensionandotherpostretirementbenefitplansadjustmentbeforetax": 3000000,
        "othercomprehensiveincomelossbeforetax": -3000000,
        "othercomprehensiveincomelosstax": -1000000,
        "othercomprehensiveincomelossnetoftax": -2000000,
        "comprehensiveincomenetoftaxincludingportionattributabletononcontrollinginterest": 333000000
    },
    {
        "date": "2020-12-30",
        "symbol": "FE",
        "period": "Q4",
        "revenues": 2064000000,
        "fuelcosts": 93000000,
        "othercostandexpenseoperating": 875000000,
        "depreciation": 320000000,
        "amortizationdeferralofregulatoryasset": -27000000,
        "utilitiesoperatingexpensetaxes": 254000000,
        "costsandexpenses": 2143000000,
        "operatingincomeloss": 394000000,
        "interestanddebtexpense": 273000000,
        "interestcostscapitalizedadjustment": 20000000,
        "nonoperatingincomeexpense": -178000000,
        "incomelossfromcontinuingoperationsbeforeincometaxesextraordinaryitemsnoncontrollinginterest": 216000000,
        "incometaxexpensebenefit": 4000000,
        "incomelossfromcontinuingoperationsincludingportionattributabletononcontrollinginterest": 212000000,
        "incomelossfromdiscontinuedoperationsnetoftaxattributabletoreportingentity": 30000000,
        "netincomeloss": 242000000,
        "netincomelossavailabletocommonstockholdersbasic": 242000000,
        "incomelossfromcontinuingoperationsperbasicshare": 0.39000000000000007,
        "incomelossfromdiscontinuedoperationsnetoftaxperbasicshare": 0.060000000000000026,
        "earningspersharebasic": 0.44999999999999996,
        "incomelossfromcontinuingoperationsperdilutedshare": 0.39000000000000007,
        "incomelossfromdiscontinuedoperationsnetoftaxperdilutedshare": 0.060000000000000026,
        "earningspersharediluted": 0.44999999999999996,
        "excisetaxescollected": 86000000,
        "discontinuedoperationtaxeffectofdiscontinuedoperation": -30000000,
        "othercomprehensiveincomelosspensionandotherpostretirementbenefitplansadjustmentbeforetax": 4000000,
        "othercomprehensiveincomelossbeforetax": -4000000,
        "othercomprehensiveincomelosstax": -1000000,
        "othercomprehensiveincomelossnetoftax": -3000000
    },
    {
        "date": "2020-09-29",
        "symbol": "FE",
        "period": "Q3",
        "revenues": 2470000000,
        "fuelcosts": 101000000,
        "utilitiesoperatingexpensepurchasedpower": 766000000,
        "othercostandexpenseoperating": 937000000,
        "depreciation": 316000000,
        "amortizationdeferralofregulatoryasset": -91000000,
        "utilitiesoperatingexpensetaxes": 272000000,
        "costsandexpenses": 2301000000,
        "operatingincomeloss": 721000000,
        "othernonoperatingincomeexpense": 100000000,
        "interestanddebtexpense": 266000000,
        "interestcostscapitalizedadjustment": 21000000,
        "nonoperatingincomeexpense": -145000000,
        "incomelossfromcontinuingoperationsbeforeincometaxesextraordinaryitemsnoncontrollinginterest": 576000000,
        "incometaxexpensebenefit": 116000000,
        "incomelossfromcontinuingoperationsincludingportionattributabletononcontrollinginterest": 460000000,
        "incomelossfromdiscontinuedoperationsnetoftaxattributabletoreportingentity": -6000000,
        "netincomeloss": 454000000,
        "netincomelossavailabletocommonstockholdersbasic": 454000000,
        "incomelossfromcontinuingoperationsperbasicshare": 0.85,
        "incomelossfromdiscontinuedoperationsnetoftaxperbasicshare": -0.020000000000000004,
        "earningspersharebasic": 0.8300000000000001,
        "incomelossfromcontinuingoperationsperdilutedshare": 0.85,
        "incomelossfromdiscontinuedoperationsnetoftaxperdilutedshare": -0.020000000000000004,
        "earningspersharediluted": 0.8300000000000001,
        "excisetaxescollected": 100000000,
        "discontinuedoperationtaxeffectofdiscontinuedoperation": 6000000,
        "othercomprehensiveincomelosspensionandotherpostretirementbenefitplansadjustmentbeforetax": 3000000,
        "othercomprehensiveincomelossbeforetax": -3000000,
        "othercomprehensiveincomelosstax": -1000000,
        "othercomprehensiveincomelossnetoftax": -2000000,
        "comprehensiveincomenetoftaxincludingportionattributabletononcontrollinginterest": 452000000
    },
    {
        "date": "2020-06-29",
        "symbol": "FE",
        "period": "Q2",
        "revenues": 2030000000,
        "fuelcosts": 77000000,
        "utilitiesoperatingexpensepurchasedpower": 613000000,
        "othercostandexpenseoperating": 730000000,
        "depreciation": 321000000,
        "amortizationdeferralofregulatoryasset": 13000000,
        "utilitiesoperatingexpensetaxes": 253000000,
        "costsandexpenses": 2007000000,
        "operatingincomeloss": 515000000,
        "othernonoperatingincomeexpense": 103000000,
        "definedbenefitplanfairvalueofplanassetsperiodincreasedecrease": 0,
        "interestanddebtexpense": 263000000,
        "interestcostscapitalizedadjustment": 18000000,
        "nonoperatingincomeexpense": -142000000,
        "incomelossfromcontinuingoperationsbeforeincometaxesextraordinaryitemsnoncontrollinginterest": 373000000,
        "incometaxexpensebenefit": 66000000,
        "incomelossfromcontinuingoperationsincludingportionattributabletononcontrollinginterest": 307000000,
        "incomelossfromdiscontinuedoperationsnetoftaxattributabletoreportingentity": 2000000,
        "netincomeloss": 309000000,
        "netincomelossavailabletocommonstockholdersbasic": 309000000,
        "incomelossfromcontinuingoperationsperbasicshare": 0.5599999999999999,
        "incomelossfromdiscontinuedoperationsnetoftaxperbasicshare": 0.010000000000000009,
        "earningspersharebasic": 0.57,
        "incomelossfromcontinuingoperationsperdilutedshare": 0.5599999999999999,
        "incomelossfromdiscontinuedoperationsnetoftaxperdilutedshare": 0.010000000000000009,
        "earningspersharediluted": 0.57,
        "weightedaveragenumberofsharesoutstandingbasic": 0,
        "weightedaveragenumberofdilutedsharesoutstanding": 0,
        "excisetaxescollected": 84000000,
        "discontinuedoperationtaxeffectofdiscontinuedoperation": 1000000,
        "othercomprehensiveincomelosspensionandotherpostretirementbenefitplansadjustmentbeforetax": 4000000,
        "othercomprehensiveincomelossbeforetax": -3000000,
        "othercomprehensiveincomelosstax": -1000000,
        "othercomprehensiveincomelossnetoftax": -2000000,
        "comprehensiveincomenetoftaxincludingportionattributabletononcontrollinginterest": 307000000
    },
    {
        "date": "2020-03-30",
        "symbol": "FE",
        "period": "Q1",
        "netincomeloss": 74000000,
        "othercomprehensiveincomelosspensionandotherpostretirementbenefitplansadjustmentbeforetax": 23000000,
        "othercomprehensiveincomelossbeforetax": -23000000,
        "othercomprehensiveincomelosstax": -5000000,
        "othercomprehensiveincomelossnetoftax": -18000000,
        "comprehensiveincomenetoftaxincludingportionattributabletononcontrollinginterest": 56000000,
        "revenues": 2124000000,
        "fuelcosts": 98000000,
        "utilitiesoperatingexpensepurchasedpower": 694000000,
        "othercostandexpenseoperating": 749000000,
        "depreciation": 317000000,
        "amortizationdeferralofregulatoryasset": 52000000,
        "utilitiesoperatingexpensetaxes": 267000000,
        "costsandexpenses": 2177000000,
        "operatingincomeloss": 532000000,
        "othernonoperatingincomeexpense": 100000000,
        "definedbenefitplanfairvalueofplanassetsperiodincreasedecrease": -423000000,
        "interestanddebtexpense": 263000000,
        "interestcostscapitalizedadjustment": 18000000,
        "nonoperatingincomeexpense": -568000000,
        "incomelossfromcontinuingoperationsbeforeincometaxesextraordinaryitemsnoncontrollinginterest": -36000000,
        "incometaxexpensebenefit": -60000000,
        "incomelossfromcontinuingoperationsincludingportionattributabletononcontrollinginterest": 24000000,
        "incomelossfromdiscontinuedoperationsnetoftaxattributabletoreportingentity": 50000000,
        "netincomelossavailabletocommonstockholdersbasic": 74000000,
        "incomelossfromcontinuingoperationsperbasicshare": 0.05,
        "incomelossfromdiscontinuedoperationsnetoftaxperbasicshare": 0.09,
        "earningspersharebasic": 0.14,
        "incomelossfromcontinuingoperationsperdilutedshare": 0.05,
        "incomelossfromdiscontinuedoperationsnetoftaxperdilutedshare": 0.09,
        "earningspersharediluted": 0.14,
        "weightedaveragenumberofsharesoutstandingbasic": 541000000,
        "weightedaveragenumberofdilutedsharesoutstanding": 543000000,
        "excisetaxescollected": 92000000,
        "discontinuedoperationtaxeffectofdiscontinuedoperation": -36000000
    },
    {
        "date": "2019-03-30",
        "symbol": "FE",
        "period": "Q1",
        "netincomeloss": 320000000,
        "othercomprehensiveincomelosspensionandotherpostretirementbenefitplansadjustmentbeforetax": 7000000,
        "othercomprehensiveincomelossderivativesqualifyingashedgesbeforetax": 1000000,
        "othercomprehensiveincomelossbeforetax": -6000000,
        "othercomprehensiveincomelosstax": -1000000,
        "othercomprehensiveincomelossnetoftax": -5000000,
        "comprehensiveincomenetoftaxincludingportionattributabletononcontrollinginterest": 315000000,
        "revenues": 2344000000,
        "fuelcosts": 131000000,
        "utilitiesoperatingexpensepurchasedpower": 781000000,
        "othercostandexpenseoperating": 779000000,
        "depreciation": 297000000,
        "amortizationofregulatoryasset": 5000000,
        "utilitiesoperatingexpensetaxes": 261000000,
        "costsandexpenses": 2254000000,
        "operatingincomeloss": 629000000,
        "othernonoperatingincomeexpense": 54000000,
        "interestanddebtexpense": 253000000,
        "interestcostscapitalizedadjustment": 18000000,
        "nonoperatingincomeexpense": -181000000,
        "incomelossfromcontinuingoperationsbeforeincometaxesextraordinaryitemsnoncontrollinginterest": 448000000,
        "incometaxexpensebenefit": 93000000,
        "incomelossfromcontinuingoperationsincludingportionattributabletononcontrollinginterest": 355000000,
        "incomelossfromdiscontinuedoperationsnetoftaxattributabletoreportingentity": -35000000,
        "undistributedearningslossallocatedtoparticipatingsecuritiesbasic": 5000000,
        "netincomelossavailabletocommonstockholdersbasic": 315000000,
        "incomelossfromcontinuingoperationsperbasicshare": 0.66,
        "incomelossfromdiscontinuedoperationsnetoftaxperbasicshare": -0.07,
        "earningspersharebasic": 0.59,
        "incomelossfromcontinuingoperationsperdilutedshare": 0.66,
        "incomelossfromdiscontinuedoperationsnetoftaxperdilutedshare": -0.07,
        "earningspersharediluted": 0.59,
        "weightedaveragenumberofsharesoutstandingbasic": 530000000,
        "weightedaveragenumberofdilutedsharesoutstanding": 533000000,
        "excisetaxescollected": 102000000,
        "discontinuedoperationtaxeffectofdiscontinuedoperation": 14000000
    },
    {
        "date": "2018-03-30",
        "symbol": "FE",
        "period": "Q1",
        "netincomeloss": -13000000,
        "othercomprehensiveincomelosspensionandotherpostretirementbenefitplansadjustmentbeforetax": 18000000,
        "othercomprehensiveincomelossderivativesqualifyingashedgesbeforetax": 15000000,
        "othercomprehensiveincomelossavailableforsalesecuritiesadjustmentbeforetax": -106000000,
        "othercomprehensiveincomelossbeforetax": -109000000,
        "othercomprehensiveincomelosstax": -53000000,
        "othercomprehensiveincomelossnetoftax": -56000000,
        "comprehensiveincomenetoftaxincludingportionattributabletononcontrollinginterest": 1313000000,
        "electricaldistributionrevenue": 2576000000,
        "electricaltransmissionrevenue": 323000000,
        "electricworldwideunregulatedrevenue": 77000000,
        "salesrevenuenet": 2321000000,
        "fuelcosts": 187000000,
        "costofpurchasedpower": 825000000,
        "othercostandexpenseoperating": 18000000,
        "depreciation": 61000000,
        "amortizationofregulatoryasset": 4000000,
        "utilitiesoperatingexpensetaxes": 259000000,
        "costsandexpenses": 2379000000,
        "operatingincomeloss": 597000000,
        "othernonoperatingincomeexpense": 4000000,
        "interestanddebtexpense": -2000000,
        "interestcostscapitalizedadjustment": 15000000,
        "nonoperatingincomeexpense": -168000000,
        "incomelossfromcontinuingoperationsbeforeincometaxesextraordinaryitemsnoncontrollinginterest": 429000000,
        "incometaxexpensebenefit": 1000000,
        "incomelossfromcontinuingoperationsincludingportionattributabletononcontrollinginterest": 99000000,
        "incomelossfromdiscontinuedoperationsnetoftaxattributabletoreportingentity": 1192000000,
        "undistributedearningslossallocatedtoparticipatingsecuritiesbasic": 156000000,
        "netincomelossavailabletocommonstockholdersbasic": 1213000000,
        "incomelossfromcontinuingoperationsperbasicshare": 0.04,
        "incomelossfromdiscontinuedoperationsnetoftaxperbasicshare": 2.51,
        "earningspersharebasic": 2.55,
        "incomelossfromcontinuingoperationsperdilutedshare": 0.04,
        "incomelossfromdiscontinuedoperationsnetoftaxperdilutedshare": 2.5,
        "earningspersharediluted": 2.54,
        "weightedaveragenumberofsharesoutstandingbasic": 476000000,
        "weightedaveragenumberofdilutedsharesoutstanding": 478000000,
        "commonstockdividendspersharedeclared": 0.72,
        "excisetaxescollected": 102000000,
        "discontinuedoperationtaxeffectofdiscontinuedoperation": 29000000
    },
    {
        "date": "2017-09-29",
        "symbol": "FE",
        "period": "Q3",
        "netincomeloss": 84000000,
        "othercomprehensiveincomelosspensionandotherpostretirementbenefitplansadjustmentbeforetax": -3000000,
        "othercomprehensiveincomelossderivativesqualifyingashedgesbeforetax": 1000000,
        "othercomprehensiveincomelossavailableforsalesecuritiesadjustmentbeforetax": 6000000,
        "othercomprehensiveincomelossbeforetax": -6000000,
        "othercomprehensiveincomelosstax": -3000000,
        "othercomprehensiveincomelossnetoftax": -3000000,
        "comprehensiveincomenetoftaxincludingportionattributabletononcontrollinginterest": -97000000,
        "electricworldwideunregulatedrevenue": 88000000,
        "othersalesrevenuenet": 2000000,
        "salesrevenuenet": 342000000,
        "fuelcosts": 57000000,
        "costofpurchasedpower": -521000000,
        "othercostandexpenseoperating": 12000000,
        "depreciation": 59000000,
        "utilitiesoperatingexpensetaxes": -2000000,
        "impairmentoflonglivedassetsheldforuse": 13000000,
        "costsandexpenses": -510000000,
        "operatingincomeloss": -11000000,
        "investmentinterestanddividendandequitymethodinvestmentincomeloss": 13000000,
        "othernonoperatingincomeexpense": 1000000,
        "interestanddebtexpense": 4000000,
        "interestcostscapitalizedadjustment": 6000000,
        "nonoperatingincomeexpense": -91000000,
        "incomelossfromcontinuingoperationsbeforeincometaxesextraordinaryitemsnoncontrollinginterest": -102000000,
        "incometaxexpensebenefit": 12000000,
        "electricaldistributionrevenue": 2610000000,
        "electricaltransmissionrevenue": 342000000,
        "amortizationofregulatoryasset": 6000000,
        "earningspersharebasic": 0.89,
        "earningspersharediluted": 0.89,
        "weightedaveragenumberofsharesoutstandingbasic": 444000000,
        "weightedaveragenumberofdilutedsharesoutstanding": 446000000,
        "commonstockdividendspersharedeclared": 0.72,
        "excisetaxescollected": 102000000
    },
    {
        "date": "2017-03-30",
        "symbol": "FE",
        "period": "Q1",
        "netincomeloss": 22000000,
        "othercomprehensiveincomelosspensionandotherpostretirementbenefitplansadjustmentbeforetax": -3000000,
        "othercomprehensiveincomelossderivativesqualifyingashedgesbeforetax": 3000000,
        "othercomprehensiveincomelossavailableforsalesecuritiesadjustmentbeforetax": -16000000,
        "othercomprehensiveincomelossbeforetax": 16000000,
        "othercomprehensiveincomelosstax": 5000000,
        "othercomprehensiveincomelossnetoftax": 11000000,
        "comprehensiveincomenetoftaxincludingportionattributabletononcontrollinginterest": 14000000,
        "electricaldistributionrevenue": 2490000000,
        "electricaltransmissionrevenue": 313000000,
        "electricworldwideunregulatedrevenue": 111000000,
        "salesrevenuenet": -538000000,
        "fuelcosts": 46000000,
        "costofpurchasedpower": -538000000,
        "othercostandexpenseoperating": 12000000,
        "depreciation": 15000000,
        "amortizationofregulatoryasset": 59000000,
        "utilitiesoperatingexpensetaxes": 7000000,
        "costsandexpenses": -526000000,
        "operatingincomeloss": -12000000,
        "investmentinterestanddividendandequitymethodinvestmentincomeloss": 1000000,
        "interestanddebtexpense": -3000000,
        "interestcostscapitalizedadjustment": 7000000,
        "nonoperatingincomeexpense": 35000000,
        "incomelossfromcontinuingoperationsbeforeincometaxesextraordinaryitemsnoncontrollinginterest": 3000000,
        "incometaxexpensebenefit": -6000000,
        "earningspersharebasic": 0.46,
        "earningspersharediluted": 0.46,
        "weightedaveragenumberofsharesoutstandingbasic": 443000000,
        "weightedaveragenumberofdilutedsharesoutstanding": 444000000,
        "commonstockdividendspersharedeclared": 0.72,
        "excisetaxescollected": 100000000,
        "othersalesrevenuenet": 35000000,
        "othernonoperatingincomeexpense": 5000000
    },
    {
        "date": "2016-03-30",
        "symbol": "FE",
        "period": "Q1",
        "netincomeloss": -246000000,
        "othercomprehensiveincomelosspensionandotherpostretirementbenefitplansadjustmentbeforetax": -3000000,
        "othercomprehensiveincomelossderivativesqualifyingashedgesbeforetax": 2000000,
        "othercomprehensiveincomelossavailableforsalesecuritiesadjustmentbeforetax": -23000000,
        "othercomprehensiveincomelossbeforetax": -20000000,
        "othercomprehensiveincomelosstax": -7000000,
        "othercomprehensiveincomelossnetoftax": -13000000,
        "comprehensiveincomenetoftaxincludingportionattributabletononcontrollinginterest": -259000000,
        "electricworldwideunregulatedrevenue": 147000000,
        "othersalesrevenuenet": 45000000,
        "salesrevenuenet": 275000000,
        "fuelcosts": 46000000,
        "costofpurchasedpower": -902000000,
        "othercostandexpenseoperating": 12000000,
        "depreciation": 43000000,
        "utilitiesoperatingexpensetaxes": 8000000,
        "costsandexpenses": -891000000,
        "operatingincomeloss": -11000000,
        "investmentincomeinterestanddividend": 11000000,
        "interestanddebtexpense": 2000000,
        "interestcostsincurredcapitalized": -8000000,
        "nonoperatingincomeexpense": -234000000,
        "incomelossfromcontinuingoperationsbeforeincometaxesextraordinaryitemsnoncontrollinginterest": -2000000,
        "incometaxexpensebenefit": 43000000,
        "electricutilityrevenue": 2521000000,
        "electricaltransmissionrevenue": 275000000,
        "amortizationofregulatoryasset": 2000000,
        "earningspersharebasic": 0.78,
        "earningspersharediluted": 0.77,
        "weightedaveragenumberofsharesoutstandingbasic": 424000000,
        "weightedaveragenumberofdilutedsharesoutstanding": 426000000,
        "commonstockdividendspersharedeclared": 0.72,
        "excisetaxescollected": 107000000
    },
    {
        "date": "2015-09-29",
        "symbol": "FE",
        "period": "Q3",
        "netincomeloss": -186000000,
        "othercomprehensiveincomelosspensionandotherpostretirementbenefitplansadjustmentbeforetax": -3000000,
        "othercomprehensiveincomelossderivativesqualifyingashedgesbeforetax": 2000000,
        "othercomprehensiveincomelossavailableforsalesecuritiesadjustmentbeforetax": 11000000,
        "othercomprehensiveincomelossbeforetax": -11000000,
        "othercomprehensiveincomelosstax": -4000000,
        "othercomprehensiveincomelossnetoftax": -7000000,
        "comprehensiveincomenetoftaxincludingportionattributabletononcontrollinginterest": -177000000,
        "electricworldwideunregulatedrevenue": 135000000,
        "othersalesrevenuenet": 46000000,
        "salesrevenuenet": 248000000,
        "fuelcosts": 52000000,
        "costofpurchasedpower": -906000000,
        "othercostandexpenseoperating": 12000000,
        "depreciation": 41000000,
        "utilitiesoperatingexpensetaxes": 6000000,
        "costsandexpenses": -895000000,
        "operatingincomeloss": -11000000,
        "investmentincomeinterestanddividend": 8000000,
        "othernonoperatingincomeexpense": 1000000,
        "interestanddebtexpense": 2000000,
        "interestcostsincurredcapitalized": -7000000,
        "nonoperatingincomeexpense": -174000000,
        "incomelossfromcontinuingoperationsbeforeincometaxesextraordinaryitemsnoncontrollinginterest": -2000000,
        "incometaxexpensebenefit": 41000000,
        "incomelossfromcontinuingoperationsincludingportionattributabletononcontrollinginterest": 120000000,
        "profitloss": 70000000,
        "electricutilityrevenue": 2872000000,
        "amortizationofregulatoryasset": 110000000,
        "incomelossfromcontinuingoperationsperbasicshare": 0.94,
        "earningspersharebasic": 0.94,
        "incomelossfromcontinuingoperationsperdilutedshare": 0.93,
        "earningspersharediluted": 0.93,
        "weightedaveragenumberofsharesoutstandingbasic": 423000000,
        "weightedaveragenumberofdilutedsharesoutstanding": 424000000,
        "commonstockdividendspersharedeclared": 0.72,
        "excisetaxescollected": 109000000
    },
    {
        "date": "2015-03-30",
        "symbol": "FE",
        "period": "Q1",
        "netincomeloss": -3000000,
        "othercomprehensiveincomelosspensionandotherpostretirementbenefitplansadjustmentbeforetax": 4000000,
        "othercomprehensiveincomelossderivativesqualifyingashedgesbeforetax": -1000000,
        "othercomprehensiveincomelossavailableforsalesecuritiesadjustmentbeforetax": 3000000,
        "othercomprehensiveincomelossbeforetax": -2000000,
        "othercomprehensiveincomelosstax": -1000000,
        "othercomprehensiveincomelossnetoftax": -1000000,
        "comprehensiveincomenetoftaxincludingportionattributabletononcontrollinginterest": -4000000,
        "electricworldwideunregulatedrevenue": 1097000000,
        "othersalesrevenuenet": 47000000,
        "salesrevenuenet": 2562000000,
        "fuelcosts": 230000000,
        "costofpurchasedpower": 1113000000,
        "othercostandexpenseoperating": 413000000,
        "depreciation": 172000000,
        "utilitiesoperatingexpensetaxes": 29000000,
        "costsandexpenses": 1365000000,
        "operatingincomeloss": 12000000,
        "investmentincomeinterestanddividend": 13000000,
        "interestanddebtexpense": 279000000,
        "interestcostsincurredcapitalized": -9000000,
        "nonoperatingincomeexpense": -17000000,
        "incomelossfromcontinuingoperationsbeforeincometaxesextraordinaryitemsnoncontrollinginterest": -5000000,
        "incometaxexpensebenefit": 122000000,
        "incomelossfromcontinuingoperationsincludingportionattributabletononcontrollinginterest": 208000000,
        "profitloss": 208000000,
        "electricutilityrevenue": 2800000000,
        "amortizationofregulatoryasset": 29000000,
        "incomelossfromcontinuingoperationsperbasicshare": 0.53,
        "earningspersharebasic": 0.53,
        "incomelossfromcontinuingoperationsperdilutedshare": 0.53,
        "earningspersharediluted": 0.53,
        "weightedaveragenumberofsharesoutstandingbasic": 421000000,
        "weightedaveragenumberofdilutedsharesoutstanding": 423000000,
        "commonstockdividendspersharedeclared": 0.72,
        "excisetaxescollected": 115000000
    },
    {
        "date": "2014-09-29",
        "symbol": "FE",
        "period": "Q3",
        "profitloss": -445000000,
        "othercomprehensiveincomelosspensionandotherpostretirementbenefitplansadjustmentbeforetax": 4000000,
        "othercomprehensiveincomelossderivativesqualifyingashedgesbeforetax": -2000000,
        "othercomprehensiveincomelossavailableforsalesecuritiesadjustmentbeforetax": -9000000,
        "othercomprehensiveincomelossbeforetax": -9000000,
        "othercomprehensiveincomelosstax": -6000000,
        "othercomprehensiveincomelossnetoftax": -9000000,
        "comprehensiveincomenetoftaxincludingportionattributabletononcontrollinginterest": 35000000,
        "electricworldwideunregulatedrevenue": 164000000,
        "othersalesrevenuenet": 42000000,
        "salesrevenuenet": 1599000000,
        "fuelcosts": 216000000,
        "costofpurchasedpower": 0,
        "othercostandexpenseoperating": 13000000,
        "depreciation": 2000000,
        "utilitiesoperatingexpensetaxes": 7000000,
        "costsandexpenses": 283000000,
        "operatingincomeloss": 165000000,
        "investmentincomeinterestanddividend": 9000000,
        "othernonoperatingincomeexpense": -286000000,
        "interestanddebtexpense": 3000000,
        "interestcostsincurredcapitalized": -2000000,
        "nonoperatingincomeexpense": -25000000,
        "incomelossfromcontinuingoperationsbeforeincometaxesextraordinaryitemsnoncontrollinginterest": 312000000,
        "incometaxexpensebenefit": 322000000,
        "incomelossfromcontinuingoperationsincludingportionattributabletononcontrollinginterest": 227000000,
        "electricutilityrevenue": 2554000000,
        "amortizationofregulatoryasset": 35000000,
        "incomelossfromcontinuingoperationsperbasicshare": 0.79,
        "incomelossfromdiscontinuedoperationsnetoftaxperbasicshare": 0,
        "earningspersharebasic": 0.79,
        "incomelossfromcontinuingoperationsperdilutedshare": 0.79,
        "earningspersharediluted": 0.7899999999999998,
        "excisetaxescollected": 105000000
    },
    {
        "date": "2014-06-29",
        "symbol": "FE",
        "period": "Q2",
        "profitloss": 158000000,
        "othercomprehensiveincomelosspensionandotherpostretirementbenefitplansadjustmentbeforetax": 13000000,
        "othercomprehensiveincomelossderivativesqualifyingashedgesbeforetax": -3000000,
        "othercomprehensiveincomelossavailableforsalesecuritiesadjustmentbeforetax": 25000000,
        "othercomprehensiveincomelossbeforetax": 32000000,
        "othercomprehensiveincomelosstax": 7000000,
        "othercomprehensiveincomelossnetoftax": 28000000,
        "comprehensiveincomenetoftaxincludingportionattributabletononcontrollinginterest": -78000000,
        "electricworldwideunregulatedrevenue": -915000000,
        "othersalesrevenuenet": 42000000,
        "salesrevenuenet": 3299000000,
        "fuelcosts": 513000000,
        "costofpurchasedpower": -1021000000,
        "othercostandexpenseoperating": -204000000,
        "depreciation": 2000000,
        "utilitiesoperatingexpensetaxes": 5000000,
        "costsandexpenses": -1301000000,
        "operatingincomeloss": 102000000,
        "gainslossesonextinguishmentofdebt": 0,
        "investmentincomeinterestanddividend": 32000000,
        "othernonoperatingincomeexpense": -364000000,
        "interestanddebtexpense": -9000000,
        "interestcostsincurredcapitalized": 10000000,
        "nonoperatingincomeexpense": -130000000,
        "incomelossfromcontinuingoperationsbeforeincometaxesextraordinaryitemsnoncontrollinginterest": 145000000,
        "incometaxexpensebenefit": -121000000,
        "incomelossfromcontinuingoperationsincludingportionattributabletononcontrollinginterest": 158000000,
        "incomelossfromdiscontinuedoperationsnetoftax": 0,
        "discontinuedoperationtaxeffectofdiscontinuedoperation": 0,
        "electricutilityrevenue": 4673000000,
        "amortizationofregulatoryasset": 20000000,
        "incomelossfromcontinuingoperationsperbasicshare": 0.16000000000000003,
        "incomelossfromdiscontinuedoperationsnetoftaxperbasicshare": -0.009999999999999981,
        "earningspersharebasic": 0.15000000000000002,
        "incomelossfromcontinuingoperationsperdilutedshare": 0.16000000000000003,
        "incomelossfromdiscontinuedoperationsnetoftaxperdilutedshare": 0,
        "earningspersharediluted": 0.16000000000000003,
        "weightedaveragenumberofsharesoutstandingbasic": 0,
        "weightedaveragenumberofdilutedsharesoutstanding": 0,
        "commonstockdividendspersharedeclared": 0,
        "excisetaxescollected": 99000000
    },
    {
        "date": "2014-03-30",
        "symbol": "FE",
        "period": "Q1",
        "profitloss": 214000000,
        "othercomprehensiveincomelosspensionandotherpostretirementbenefitplansadjustmentbeforetax": -4000000,
        "othercomprehensiveincomelossderivativesqualifyingashedgesbeforetax": -2000000,
        "othercomprehensiveincomelossavailableforsalesecuritiesadjustmentbeforetax": 19000000,
        "othercomprehensiveincomelossbeforetax": 12000000,
        "othercomprehensiveincomelosstax": 4000000,
        "othercomprehensiveincomelossnetoftax": -10000000,
        "comprehensiveincomenetoftaxincludingportionattributabletononcontrollinginterest": 20000000,
        "electricworldwideunregulatedrevenue": 1440000000,
        "othersalesrevenuenet": 40000000,
        "salesrevenuenet": -35000000,
        "fuelcosts": 47000000,
        "costofpurchasedpower": 1025000000,
        "othercostandexpenseoperating": 228000000,
        "depreciation": 2000000,
        "utilitiesoperatingexpensetaxes": 7000000,
        "costsandexpenses": 1921000000,
        "operatingincomeloss": -63000000,
        "gainslossesonextinguishmentofdebt": -1000000,
        "investmentincomeinterestanddividend": 3000000,
        "othernonoperatingincomeexpense": 103000000,
        "interestanddebtexpense": 14000000,
        "interestcostsincurredcapitalized": -11000000,
        "nonoperatingincomeexpense": 84000000,
        "incomelossfromcontinuingoperationsbeforeincometaxesextraordinaryitemsnoncontrollinginterest": 68000000,
        "incometaxexpensebenefit": 125000000,
        "incomelossfromcontinuingoperationsincludingportionattributabletononcontrollinginterest": 214000000,
        "incomelossfromdiscontinuedoperationsnetoftax": 86000000,
        "discontinuedoperationtaxeffectofdiscontinuedoperation": 70000000,
        "electricutilityrevenue": 315000000,
        "amortizationofregulatoryasset": -28000000,
        "incomelossfromcontinuingoperationsperbasicshare": 0.29,
        "incomelossfromdiscontinuedoperationsnetoftaxperbasicshare": 0.21,
        "earningspersharebasic": 0.5,
        "incomelossfromcontinuingoperationsperdilutedshare": 0.29,
        "incomelossfromdiscontinuedoperationsnetoftaxperdilutedshare": 0.2,
        "earningspersharediluted": 0.49,
        "weightedaveragenumberofsharesoutstandingbasic": 419000000,
        "weightedaveragenumberofdilutedsharesoutstanding": 420000000,
        "commonstockdividendspersharedeclared": 0.72,
        "excisetaxescollected": 117000000
    },
    {
        "date": "2013-03-30",
        "symbol": "FE",
        "period": "Q1",
        "profitloss": -30000000,
        "othercomprehensiveincomelosspensionandotherpostretirementbenefitplansadjustmentbeforetax": 5000000,
        "othercomprehensiveincomelossderivativesqualifyingashedgesbeforetax": -1000000,
        "othercomprehensiveincomelossavailableforsalesecuritiesadjustmentbeforetax": 5000000,
        "othercomprehensiveincomelossbeforetax": -5000000,
        "othercomprehensiveincomelosstax": 2000000,
        "othercomprehensiveincomelossnetoftax": -1000000,
        "comprehensiveincomenetoftaxincludingportionattributabletononcontrollinginterest": 1000000,
        "electricworldwideunregulatedrevenue": 1299000000,
        "othersalesrevenuenet": 75000000,
        "salesrevenuenet": -27000000,
        "fuelcosts": 53000000,
        "costofpurchasedpower": 1013000000,
        "othercostandexpenseoperating": 75000000,
        "depreciation": 1000000,
        "utilitiesoperatingexpensetaxes": 6000000,
        "costsandexpenses": 1701000000,
        "operatingincomeloss": 144000000,
        "gainslossesonextinguishmentofdebt": -73000000,
        "investmentincomeinterestanddividend": 18000000,
        "othernonoperatingincomeexpense": 1000000,
        "interestanddebtexpense": -3000000,
        "interestcostsincurredcapitalized": -9000000,
        "nonoperatingincomeexpense": -28000000,
        "incomelossfromcontinuingoperationsbeforeincometaxesextraordinaryitemsnoncontrollinginterest": 155000000,
        "incometaxexpensebenefit": -23000000,
        "electricutilityrevenue": 1530000000,
        "amortizationofregulatoryasset": 59000000,
        "earningspersharebasic": 0.47,
        "earningspersharediluted": 0.47,
        "weightedaveragenumberofsharesoutstandingbasic": 418000000,
        "weightedaveragenumberofdilutedsharesoutstanding": 419000000,
        "commonstockdividendspersharedeclared": 0.55,
        "excisetaxescollected": 114000000
    },
    {
        "date": "2012-12-30",
        "symbol": "FE",
        "period": "Q4",
        "profitloss": 438000000,
        "othercomprehensiveincomelosstax": 0,
        "comprehensiveincomenetoftaxincludingportionattributabletononcontrollinginterest": 1424000000,
        "comprehensiveincomenetoftax": -130000000,
        "electricworldwideunregulatedrevenue": 1193000000,
        "electricutilityrevenue": -33000000,
        "fuelcosts": 253000000,
        "costofpurchasedpower": -4094000000,
        "othercostandexpenseoperating": -72000000,
        "costsandexpenses": -5074000000,
        "operatingincomeloss": 627000000,
        "investmentincomeinterestanddividend": 18000000,
        "othernonoperatingincomeexpense": 868000000,
        "interestanddebtexpense": -98000000,
        "nonoperatingincomeexpense": -112000000,
        "incometaxexpensebenefit": 344000000,
        "electricdomesticregulatedrevenue": 411000000,
        "excisetaxescollected": 8000000,
        "amortizationofregulatoryasset": 22000000,
        "netincomeloss": -148000000,
        "earningspersharebasic": -1.35,
        "earningspersharediluted": -1.3399999999999999
    },
    {
        "date": "2012-09-29",
        "symbol": "FE",
        "period": "Q3",
        "profitloss": -400000000,
        "othercomprehensiveincomedefinedbenefitplansadjustmentbeforetaxperiodincreasedecrease": -5000000,
        "othercomprehensiveincomederivativesqualifyingashedgesbeforetaxperiodincreasedecrease": -2000000,
        "othercomprehensiveincomeavailableforsalesecuritiesadjustmentbeforetaxperiodincreasedecrease": 24000000,
        "othercomprehensiveincomelossbeforetaxperiodincreasedecrease": -10000000,
        "othercomprehensiveincomelosstax": -4000000,
        "othercomprehensiveincomelossnetoftaxperiodincreasedecrease": 17000000,
        "comprehensiveincomenetoftaxincludingportionattributabletononcontrollinginterest": -310000000,
        "comprehensiveincomenetoftax": 403000000,
        "electricworldwideunregulatedrevenue": 1339000000,
        "electricutilityrevenue": 6436000000,
        "fuelcosts": 248000000,
        "costofpurchasedpower": 67000000,
        "othercostandexpenseoperating": 218000000,
        "costsandexpenses": 367000000,
        "operatingincomeloss": -11000000,
        "investmentincomeinterestanddividend": 6000000,
        "othernonoperatingincomeexpense": -1385000000,
        "interestanddebtexpense": 27000000,
        "nonoperatingincomeexpense": 29000000,
        "incometaxexpensebenefit": -89000000,
        "electricdomesticregulatedrevenue": 625000000,
        "excisetaxescollected": 11000000,
        "amortizationofregulatoryasset": 2000000,
        "publicutilitiesallowanceforfundsusedduringconstructionadditions": -2000000,
        "netincomeloss": 425000000,
        "earningspersharebasic": 1.0200000000000002,
        "earningspersharediluted": 1.01,
        "weightedaveragenumberofdilutedsharesoutstanding": 0
    },
    {
        "date": "2012-06-29",
        "symbol": "FE",
        "period": "Q2",
        "profitloss": 342000000,
        "othercomprehensiveincomedefinedbenefitplansadjustmentbeforetaxperiodincreasedecrease": -1000000,
        "othercomprehensiveincomederivativesqualifyingashedgesbeforetaxperiodincreasedecrease": 1000000,
        "othercomprehensiveincomeavailableforsalesecuritiesadjustmentbeforetaxperiodincreasedecrease": -3000000,
        "othercomprehensiveincomelossbeforetaxperiodincreasedecrease": 19000000,
        "othercomprehensiveincomelosstax": 7000000,
        "othercomprehensiveincomelossnetoftaxperiodincreasedecrease": -16000000,
        "comprehensiveincomenetoftaxincludingportionattributabletononcontrollinginterest": -647000000,
        "comprehensiveincomenetoftax": 171000000,
        "electricworldwideunregulatedrevenue": 1293000000,
        "electricutilityrevenue": -4376000000,
        "fuelcosts": 336000000,
        "costofpurchasedpower": 60000000,
        "othercostandexpenseoperating": 116000000,
        "costsandexpenses": 572000000,
        "operatingincomeloss": -13000000,
        "investmentincomeinterestanddividend": 36000000,
        "othernonoperatingincomeexpense": 791000000,
        "interestanddebtexpense": 48000000,
        "nonoperatingincomeexpense": 27000000,
        "incometaxexpensebenefit": 13000000,
        "electricdomesticregulatedrevenue": 476000000,
        "excisetaxescollected": 8000000,
        "amortizationofregulatoryasset": 8000000,
        "publicutilitiesallowanceforfundsusedduringconstructionadditions": -7000000,
        "netincomeloss": 187000000,
        "earningspersharebasic": 0.44999999999999996,
        "earningspersharediluted": 0.44999999999999996,
        "weightedaveragenumberofsharesoutstandingbasic": 0,
        "weightedaveragenumberofdilutedsharesoutstanding": -1000000,
        "commonstockdividendspersharedeclared": 0
    },
    {
        "date": "2012-03-30",
        "symbol": "FE",
        "period": "Q1",
        "profitloss": -24000000,
        "othercomprehensiveincomedefinedbenefitplansadjustmentbeforetaxperiodincreasedecrease": 4000000,
        "othercomprehensiveincomederivativesqualifyingashedgesbeforetaxperiodincreasedecrease": -5000000,
        "othercomprehensiveincomeavailableforsalesecuritiesadjustmentbeforetaxperiodincreasedecrease": -10000000,
        "othercomprehensiveincomelossbeforetaxperiodincreasedecrease": -6000000,
        "othercomprehensiveincomelosstax": -2000000,
        "othercomprehensiveincomelossnetoftaxperiodincreasedecrease": 6000000,
        "comprehensiveincomenetoftaxincludingportionattributabletononcontrollinginterest": 108000000,
        "comprehensiveincomenetoftax": 285000000,
        "electricdomesticregulatedrevenue": 478000000,
        "electricrevenueother": 63000000,
        "electricworldwideunregulatedrevenue": 1332000000,
        "excisetaxescollected": 10000000,
        "electricutilityrevenue": 2383000000,
        "fuelcosts": 240000000,
        "costofpurchasedpower": 62000000,
        "othercostandexpenseoperating": 76000000,
        "depreciationnonproduction": 30000000,
        "amortizationofregulatoryasset": 20000000,
        "taxesexcludingincomeandexcisetaxes": 7000000,
        "costsandexpenses": 274000000,
        "operatingincomeloss": -9000000,
        "investmentincomeinterestanddividend": 6000000,
        "othernonoperatingincomeexpense": -254000000,
        "interestanddebtexpense": 4000000,
        "publicutilitiesallowanceforfundsusedduringconstructionadditions": 8000000,
        "nonoperatingincomeexpense": -22000000,
        "incomelossfromcontinuingoperationsbeforeincometaxesminorityinterestandincomelossfromequitymethodinvestments": 125000000,
        "incometaxexpensebenefit": 27000000,
        "netincomeloss": 306000000,
        "earningspersharebasic": 0.73,
        "earningspersharediluted": 0.73,
        "weightedaveragenumberofsharesoutstandingbasic": 418000000,
        "weightedaveragenumberofdilutedsharesoutstanding": 420000000,
        "commonstockdividendspersharedeclared": 0.55
    },
    {
        "date": "2011-09-29",
        "symbol": "FE",
        "period": "Q3",
        "profitloss": 128000000,
        "othercomprehensiveincomedefinedbenefitplansadjustmentbeforetaxperiodincreasedecrease": 1817000,
        "othercomprehensiveincomederivativesqualifyingashedgesbeforetaxperiodincreasedecrease": 15000,
        "othercomprehensiveincomeavailableforsalesecuritiesadjustmentbeforetaxperiodincreasedecrease": -1328000,
        "othercomprehensiveincomelossbeforetaxperiodincreasedecrease": 1832000,
        "othercomprehensiveincomelosstax": 645000,
        "othercomprehensiveincomelossnetoftaxperiodincreasedecrease": 1187000,
        "comprehensiveincomenetoftaxincludingportionattributabletononcontrollinginterest": 21340000,
        "netincomelossattributabletononcontrollinginterest": 1000,
        "comprehensiveincomenetoftax": 14480000,
        "electricdomesticregulatedrevenue": 248320000,
        "electricrevenueother": 73000000,
        "electricworldwideunregulatedrevenue": 1251000000,
        "excisetaxescollected": 137000000,
        "electricutilityrevenue": 686000000,
        "fuelcosts": 323000000,
        "costofpurchasedpower": 55000000,
        "othercostandexpenseoperating": 12000000,
        "depreciationnonproduction": -1000000,
        "amortizationofregulatoryasset": 19164000,
        "taxesexcludingincomeandexcisetaxes": 3000000,
        "utilitiesoperatingexpenseimpairments": 2000000,
        "costsandexpenses": 1551000000,
        "operatingincomeloss": 90000000,
        "investmentincomeinterestanddividend": 28000000,
        "investmentincomeinterest": 14000,
        "othernonoperatingincomeexpense": -194000000,
        "interestanddebtexpense": -15000000,
        "publicutilitiesallowanceforfundsusedduringconstructionadditions": 3000000,
        "nonoperatingincomeexpense": -8000000,
        "incomelossfromcontinuingoperationsbeforeincometaxesminorityinterestandincomelossfromequitymethodinvestments": -190000000,
        "incometaxexpensebenefit": -53000000,
        "netincomeloss": 14837000,
        "earningspersharebasic": 0.31,
        "earningspersharediluted": 0.31,
        "weightedaveragenumberofsharesoutstandingbasic": 418000000,
        "weightedaveragenumberofdilutedsharesoutstanding": 420000000,
        "commonstockdividendspersharedeclared": 1.1
    },
    {
        "date": "2011-06-29",
        "symbol": "FE",
        "period": "Q2",
        "electricdomesticregulatedrevenue": -1923110000,
        "electricworldwideunregulatedrevenue": -813000000,
        "electricutilityrevenue": 4060000000,
        "fuelcosts": 511956000,
        "costofpurchasedpower": 248879000,
        "othercostandexpenseoperating": 153471000,
        "depreciationnonproduction": 62121000,
        "amortizationofregulatoryasset": -90464000,
        "taxesexcludingincomeandexcisetaxes": 23073000,
        "costsandexpenses": 2723482000,
        "operatingincomeloss": -549449000,
        "investmentincomeinterestanddividend": 51000000,
        "interestanddebtexpense": -26758000,
        "publicutilitiesallowanceforfundsusedduringconstructionadditions": 106000,
        "nonoperatingincomeexpense": 315437000,
        "incomelossfromcontinuingoperationsbeforeincometaxesminorityinterestandincomelossfromequitymethodinvestments": -396050000,
        "incometaxexpensebenefit": -83129000,
        "profitloss": -40000000,
        "netincomelossattributabletononcontrollinginterest": 751000,
        "netincomeloss": -1635000,
        "earningspersharebasic": 0.74,
        "earningspersharediluted": 0.74,
        "weightedaveragenumberofsharesoutstandingbasic": 38000000,
        "weightedaveragenumberofdilutedsharesoutstanding": 39000000,
        "commonstockdividendspersharedeclared": 0,
        "exciseandsalestaxes": 116000000,
        "othercomprehensiveincomedefinedbenefitplansadjustmentbeforetaxperiodincreasedecrease": -10489000,
        "othercomprehensiveincomederivativesqualifyingashedgesbeforetaxperiodincreasedecrease": 6168000,
        "othercomprehensiveincomeavailableforsalesecuritiesadjustmentbeforetaxperiodincreasedecrease": 6000000,
        "othercomprehensiveincomelossbeforetaxperiodincreasedecrease": 1000000,
        "othercomprehensiveincomelosstax": -2202000,
        "othercomprehensiveincomelossnetoftaxperiodincreasedecrease": -15553000,
        "comprehensiveincomenetoftaxincludingportionattributabletononcontrollinginterest": 6905000,
        "comprehensiveincomenetoftax": -51055000
    },
    {
        "date": "2011-03-30",
        "symbol": "FE",
        "period": "Q1",
        "electricdomesticregulatedrevenue": 2332000000,
        "electricworldwideunregulatedrevenue": 1244000000,
        "electricutilityrevenue": 3576000000,
        "fuelcosts": 48044000,
        "costofpurchasedpower": 5000000,
        "othercostandexpenseoperating": 177529000,
        "depreciationnonproduction": 879000,
        "amortizationofregulatoryasset": 132000000,
        "taxesexcludingincomeandexcisetaxes": 9453000,
        "costsandexpenses": 349518000,
        "operatingincomeloss": 118449000,
        "investmentincomeinterestanddividend": 1000000,
        "interestanddebtexpense": 27758000,
        "publicutilitiesallowanceforfundsusedduringconstructionadditions": 131000,
        "nonoperatingincomeexpense": -7437000,
        "incomelossfromcontinuingoperationsbeforeincometaxesminorityinterestandincomelossfromequitymethodinvestments": 56050000,
        "incometaxexpensebenefit": 93129000,
        "profitloss": -46000000,
        "netincomelossattributabletononcontrollinginterest": -76000,
        "netincomeloss": 36010000,
        "earningspersharebasic": -0.13,
        "weightedaveragenumberofsharesoutstandingbasic": 342000000,
        "earningspersharediluted": -0.13,
        "weightedaveragenumberofdilutedsharesoutstanding": 343000000,
        "commonstockdividendspersharedeclared": 0.55,
        "exciseandsalestaxes": 119000000,
        "othercomprehensiveincomedefinedbenefitplansadjustmentbeforetaxperiodincreasedecrease": 19000000,
        "othercomprehensiveincomederivativesqualifyingashedgesbeforetaxperiodincreasedecrease": -6000000,
        "othercomprehensiveincomeavailableforsalesecuritiesadjustmentbeforetaxperiodincreasedecrease": 9000000,
        "othercomprehensiveincomelossbeforetaxperiodincreasedecrease": 22000000,
        "othercomprehensiveincomelosstax": -1000000,
        "othercomprehensiveincomelossnetoftaxperiodincreasedecrease": 21000000,
        "comprehensiveincomenetoftaxincludingportionattributabletononcontrollinginterest": 66000000,
        "comprehensiveincomenetoftax": 71000000
    },
    {
        "date": "2010-09-29",
        "symbol": "FE",
        "period": "Q3",
        "exciseandsalestaxes": 120000000,
        "profitloss": -36726000,
        "othercomprehensiveincomedefinedbenefitplansadjustmentbeforetaxperiodincreasedecrease": 17000000,
        "othercomprehensiveincomederivativesqualifyingashedgesbeforetaxperiodincreasedecrease": 6000000,
        "othercomprehensiveincomeavailableforsalesecuritiesadjustmentbeforetaxperiodincreasedecrease": 20000000,
        "othercomprehensiveincomelossbeforetaxperiodincreasedecrease": 43000000,
        "othercomprehensiveincomelosstax": -14000000,
        "othercomprehensiveincomelossnetoftaxperiodincreasedecrease": 29000000,
        "comprehensiveincomenetoftaxincludingportionattributabletononcontrollinginterest": 204000000,
        "netincomelossattributabletononcontrollinginterest": -4000000,
        "comprehensiveincomenetoftax": 208000000,
        "electricdomesticregulatedrevenue": 2757000000,
        "electricworldwideunregulatedrevenue": 936000000,
        "electricutilityrevenue": 1553677000,
        "fuelcosts": 391087000,
        "costofpurchasedpower": 411084000,
        "othercostandexpenseoperating": 309793000,
        "depreciationnonproduction": 59298000,
        "amortizationofregulatoryasset": 176000000,
        "taxesexcludingincomeandexcisetaxes": 21804000,
        "utilitiesoperatingexpenseimpairments": 291934000,
        "costsandexpenses": 1601381000,
        "operatingincomeloss": -47704000,
        "investmentincomeinterestanddividend": 29895000,
        "interestanddebtexpense": 49544000,
        "publicutilitiesallowanceforfundsusedduringconstructionadditions": 22955000,
        "nonoperatingincomeexpense": 5574000,
        "incomelossfromcontinuingoperationsbeforeincometaxesminorityinterestandincomelossfromequitymethodinvestments": -42130000,
        "incometaxexpensebenefit": -5404000,
        "netincomeloss": 179000000,
        "earningspersharebasic": 0.59,
        "weightedaveragenumberofsharesoutstandingbasic": 304000000,
        "earningspersharediluted": 0.59,
        "weightedaveragenumberofdilutedsharesoutstanding": 305000000,
        "commonstockdividendspersharedeclared": 1.1
    },
    {
        "date": "2010-03-30",
        "symbol": "FE",
        "period": "Q1",
        "electricdomesticregulatedrevenue": 2543000000,
        "electricworldwideunregulatedrevenue": 756000000,
        "revenues": 3299000000,
        "fuelcosts": 334000000,
        "costofpurchasedpower": 1238000000,
        "operatingexpenses": 701000000,
        "depreciationnonproduction": 193000000,
        "amortizationofregulatoryasset": 212000000,
        "taxesexcludingincomeandexcisetaxes": 205000000,
        "costsandexpenses": 2883000000,
        "operatingincomeloss": 416000000,
        "investmentincomeinterestanddividend": 16000000,
        "interestanddebtexpense": -213000000,
        "publicutilitiesallowanceforfundsusedduringconstructionadditions": 41000000,
        "totalotherexpense": -156000000,
        "incomelossfromcontinuingoperationsbeforeincometaxesminorityinterestandincomelossfromequitymethodinvestments": 260000000,
        "incometaxexpensebenefit": 111000000,
        "profitloss": 149000000,
        "netincomelossattributabletononcontrollinginterestincomestatement": -6000000,
        "netincomeloss": 155000000,
        "earningspersharebasic": 0.51,
        "weightedaveragenumberofsharesoutstandingbasic": 304000000,
        "earningspersharediluted": 0.51,
        "weightedaveragenumberofdilutedsharesoutstanding": 306000000,
        "commonstockdividendspersharedeclared": 0.55,
        "othercomprehensiveincomedefinedbenefitplansadjustmentbeforetaxperiodincreasedecrease": 13000000,
        "othercomprehensiveincomederivativesqualifyingashedgesbeforetaxperiodincreasedecrease": 4000000,
        "othercomprehensiveincomeunrealizedholdinggainlossonsecuritiesarisingduringperiodbeforetax": 6000000,
        "othercomprehensiveincomelossbeforetaxperiodincreasedecrease": 23000000,
        "othercomprehensiveincomelosstax": 7000000,
        "othercomprehensiveincomelossnetoftaxperiodincreasedecrease": 16000000,
        "comprehensiveincomenetoftaxincludingportionattributabletononcontrollinginterest": 165000000,
        "netincomelossattributabletononcontrollinginterest": -6000000,
        "comprehensiveincomenetoftax": 171000000
    },
    {
        "date": "2009-03-30",
        "symbol": "FE",
        "period": "Q1",
        "electricdomesticregulatedrevenue": 3020000000,
        "electricworldwideunregulatedrevenue": 314000000,
        "revenues": 3334000000,
        "fuelcosts": 312000000,
        "costofpurchasedpower": 1143000000,
        "operatingexpenses": 827000000,
        "depreciationnonproduction": 177000000,
        "amortizationofregulatoryasset": 411000000,
        "deferralofregulatoryasset": -93000000,
        "taxesotherthanincomeexciseproductionandpropertytaxes": 211000000,
        "costsandexpenses": 2988000000,
        "operatingincomeloss": 346000000,
        "investmentincomeinterestanddividend": -11000000,
        "interestanddebtexpense": -194000000,
        "publicutilitiesallowanceforfundsusedduringconstructionadditions": 28000000,
        "totalotherexpense": -177000000,
        "incomelossfromcontinuingoperationsbeforeincometaxesminorityinterestandincomelossfromequitymethodinvestments": 169000000,
        "incometaxexpensebenefit": 54000000,
        "netincomeloss": 115000000,
        "netincomelossattributabletononcontrollinginterest": -4000000,
        "netincomelossattributedtoparent": 119000000,
        "earningspersharebasic": 0.39,
        "weightedaveragenumberofsharesoutstandingbasic": 304000000,
        "earningspersharediluted": 0.39,
        "weightedaveragenumberofdilutedsharesoutstanding": 306000000,
        "commonstockdividendspersharedeclared": 0.55,
        "othercomprehensiveincomedefinedbenefitplansadjustmentbeforetaxperiodincreasedecrease": 35000000,
        "othercomprehensiveincomederivativesqualifyingashedgesbeforetaxperiodincreasedecrease": 15000000,
        "othercomprehensiveincomeunrealizedholdinggainlossonsecuritiesarisingduringperiodbeforetax": -5000000,
        "othercomprehensiveincomelossbeforetaxperiodincreasedecrease": 45000000,
        "othercomprehensiveincomelosstax": 15000000,
        "othercomprehensiveincomelossnetoftaxperiodincreasedecrease": 30000000,
        "comprehensiveincomenetoftax": 145000000,
        "othercomprehensiveincomelossnetoftaxportionattributabletoparent": 149000000
    }
]