[
    {
        "date": "2024-09-29",
        "symbol": "MPC",
        "period": "Q3",
        "revenuefromcontractwithcustomerexcludingassessedtax": 35107000000,
        "incomelossfromequitymethodinvestments": 219000000,
        "gainlossondispositionofassets1": -2000000,
        "otheroperatingincome": 49000000,
        "revenuesandotherincome": 35373000000,
        "costofgoodsandservicessold": 32144000000,
        "depreciationdepletionandamortization": 846000000,
        "sellinggeneralandadministrativeexpense": 815000000,
        "taxesexcludingincomeandexcisetaxes": 219000000,
        "costsandexpenses": 34024000000,
        "operatingincomeloss": 1349000000,
        "interestanddebtexpense": 221000000,
        "incomelossfromcontinuingoperationsbeforeincometaxesextraordinaryitemsnoncontrollinginterest": 1128000000,
        "incometaxexpensebenefit": 113000000,
        "profitloss": 1015000000,
        "netincomelossattributabletoredeemablenoncontrollinginterest": 6000000,
        "netincomelossattributabletononredeemablenoncontrollinginterest": 387000000,
        "netincomeloss": 622000000,
        "earningspersharebasic": 1.88,
        "weightedaveragenumberofsharesoutstandingbasic": 331000000,
        "earningspersharediluted": 1.87,
        "weightedaveragenumberofdilutedsharesoutstanding": 332000000,
        "othercomprehensiveincomelossnetoftax": -6000000,
        "comprehensiveincomenetoftaxincludingportionattributabletononcontrollinginterest": 1009000000,
        "comprehensiveincomelossnetoftaxattributabletoredeemablenoncontrollinginterest": 6000000,
        "comprehensiveincomelossnetoftaxattributabletononredeemablenoncontrollinginterest": 387000000,
        "comprehensiveincomenetoftax": 616000000,
        "othercomprehensiveincomelosstax": 1000000
    },
    {
        "date": "2024-03-30",
        "symbol": "MPC",
        "period": "Q1",
        "revenuefromcontractwithcustomerexcludingassessedtax": 32706000000,
        "incomelossfromequitymethodinvestments": 204000000,
        "gainlossondispositionofassets1": 20000000,
        "otheroperatingincome": 281000000,
        "revenuesandotherincome": 33211000000,
        "costofgoodsandservicessold": 29593000000,
        "depreciationdepletionandamortization": 827000000,
        "sellinggeneralandadministrativeexpense": 779000000,
        "taxesexcludingincomeandexcisetaxes": 228000000,
        "costsandexpenses": 31427000000,
        "operatingincomeloss": 1784000000,
        "interestanddebtexpense": 179000000,
        "incomelossfromcontinuingoperationsbeforeincometaxesextraordinaryitemsnoncontrollinginterest": 1605000000,
        "incometaxexpensebenefit": 293000000,
        "profitloss": 1312000000,
        "netincomelossattributabletoredeemablenoncontrollinginterest": 10000000,
        "netincomelossattributabletononredeemablenoncontrollinginterest": 365000000,
        "netincomeloss": 937000000,
        "earningspersharebasic": 2.59,
        "weightedaveragenumberofsharesoutstandingbasic": 361000000,
        "earningspersharediluted": 2.58,
        "weightedaveragenumberofdilutedsharesoutstanding": 362000000,
        "othercomprehensiveincomelossnetoftax": 2000000,
        "comprehensiveincomenetoftaxincludingportionattributabletononcontrollinginterest": 1300000000,
        "comprehensiveincomelossnetoftaxattributabletoredeemablenoncontrollinginterest": 10000000,
        "comprehensiveincomelossnetoftaxattributabletononredeemablenoncontrollinginterest": 365000000,
        "comprehensiveincomenetoftax": 925000000,
        "othercomprehensiveincomelosstax": 1000000
    },
    {
        "date": "2023-12-30",
        "symbol": "MPC",
        "period": "Q4",
        "revenuefromcontractwithcustomerexcludingassessedtax": 36255000000,
        "incomelossfromequitymethodinvestments": 195000000,
        "gainlossondispositionofassets1": 91000000,
        "otheroperatingincome": 282000000,
        "revenuesandotherincome": 36823000000,
        "costofgoodsandservicessold": 32582000000,
        "depreciationdepletionandamortization": 828000000,
        "sellinggeneralandadministrativeexpense": 820000000,
        "taxesexcludingincomeandexcisetaxes": 198000000,
        "costsandexpenses": 34428000000,
        "operatingincomeloss": 2395000000,
        "interestanddebtexpense": 111000000,
        "incomelossfromcontinuingoperationsbeforeincometaxesextraordinaryitemsnoncontrollinginterest": 2284000000,
        "incometaxexpensebenefit": 407000000,
        "profitloss": 1877000000,
        "netincomelossattributabletoredeemablenoncontrollinginterest": 23000000,
        "netincomelossattributabletononredeemablenoncontrollinginterest": 403000000,
        "netincomeloss": 1451000000,
        "earningspersharebasic": 3.95,
        "weightedaveragenumberofsharesoutstandingbasic": 407000000,
        "earningspersharediluted": 3.9399999999999995,
        "weightedaveragenumberofdilutedsharesoutstanding": 409000000,
        "othercomprehensiveincomelossnetoftax": -75000000,
        "comprehensiveincomenetoftaxincludingportionattributabletononcontrollinginterest": 1795000000,
        "comprehensiveincomelossnetoftaxattributabletoredeemablenoncontrollinginterest": 23000000,
        "comprehensiveincomelossnetoftaxattributabletononredeemablenoncontrollinginterest": 403000000,
        "comprehensiveincomenetoftax": 1369000000,
        "othercomprehensiveincomelosstax": -21000000
    },
    {
        "date": "2023-09-29",
        "symbol": "MPC",
        "period": "Q3",
        "revenuefromcontractwithcustomerexcludingassessedtax": 40917000000,
        "incomelossfromequitymethodinvestments": 215000000,
        "gainlossondispositionofassets1": 110000000,
        "otheroperatingincome": 341000000,
        "revenuesandotherincome": 41583000000,
        "costofgoodsandservicessold": 34928000000,
        "depreciationdepletionandamortization": 845000000,
        "sellinggeneralandadministrativeexpense": 824000000,
        "taxesexcludingincomeandexcisetaxes": 233000000,
        "costsandexpenses": 36830000000,
        "operatingincomeloss": 4753000000,
        "interestanddebtexpense": 118000000,
        "incomelossfromcontinuingoperationsbeforeincometaxesextraordinaryitemsnoncontrollinginterest": 4635000000,
        "incometaxexpensebenefit": 1004000000,
        "profitloss": 3631000000,
        "netincomelossattributabletoredeemablenoncontrollinginterest": 25000000,
        "netincomelossattributabletononredeemablenoncontrollinginterest": 326000000,
        "netincomeloss": 3280000000,
        "earningspersharebasic": 8.31,
        "weightedaveragenumberofsharesoutstandingbasic": 394000000,
        "earningspersharediluted": 8.28,
        "weightedaveragenumberofdilutedsharesoutstanding": 396000000,
        "othercomprehensiveincomelossnetoftax": -6000000,
        "comprehensiveincomenetoftaxincludingportionattributabletononcontrollinginterest": 3612000000,
        "comprehensiveincomelossnetoftaxattributabletoredeemablenoncontrollinginterest": 25000000,
        "comprehensiveincomelossnetoftaxattributabletononredeemablenoncontrollinginterest": 326000000,
        "comprehensiveincomenetoftax": 3261000000,
        "othercomprehensiveincomelosstax": -2000000
    },
    {
        "date": "2023-06-29",
        "symbol": "MPC",
        "period": "Q2",
        "revenuefromcontractwithcustomerexcludingassessedtax": 36343000000,
        "incomelossfromequitymethodinvestments": 199000000,
        "gainlossondispositionofassets1": 13000000,
        "otheroperatingincome": 269000000,
        "revenuesandotherincome": 36824000000,
        "costofgoodsandservicessold": 31762000000,
        "depreciationdepletionandamortization": 834000000,
        "sellinggeneralandadministrativeexpense": 704000000,
        "taxesexcludingincomeandexcisetaxes": 219000000,
        "costsandexpenses": 33519000000,
        "operatingincomeloss": 3305000000,
        "interestanddebtexpense": 142000000,
        "incomelossfromcontinuingoperationsbeforeincometaxesextraordinaryitemsnoncontrollinginterest": 3163000000,
        "incometaxexpensebenefit": 583000000,
        "profitloss": 2580000000,
        "netincomelossattributabletoredeemablenoncontrollinginterest": 23000000,
        "netincomelossattributabletononredeemablenoncontrollinginterest": 331000000,
        "netincomeloss": 2226000000,
        "earningspersharebasic": 5.34,
        "weightedaveragenumberofsharesoutstandingbasic": 417000000,
        "earningspersharediluted": 5.32,
        "weightedaveragenumberofdilutedsharesoutstanding": 419000000,
        "othercomprehensiveincomelossnetoftax": -6000000,
        "comprehensiveincomenetoftaxincludingportionattributabletononcontrollinginterest": 2559000000,
        "comprehensiveincomelossnetoftaxattributabletoredeemablenoncontrollinginterest": 23000000,
        "comprehensiveincomelossnetoftaxattributabletononredeemablenoncontrollinginterest": 331000000,
        "comprehensiveincomenetoftax": 2205000000,
        "othercomprehensiveincomelosstax": -2000000
    },
    {
        "date": "2023-03-30",
        "symbol": "MPC",
        "period": "Q1",
        "revenuefromcontractwithcustomerexcludingassessedtax": 34864000000,
        "incomelossfromequitymethodinvestments": 133000000,
        "gainlossondispositionofassets1": 3000000,
        "otheroperatingincome": 77000000,
        "revenuesandotherincome": 35077000000,
        "costofgoodsandservicessold": 29294000000,
        "depreciationdepletionandamortization": 800000000,
        "sellinggeneralandadministrativeexpense": 691000000,
        "taxesexcludingincomeandexcisetaxes": 231000000,
        "costsandexpenses": 31016000000,
        "operatingincomeloss": 4061000000,
        "interestanddebtexpense": 154000000,
        "incomelossfromcontinuingoperationsbeforeincometaxesextraordinaryitemsnoncontrollinginterest": 3907000000,
        "incometaxexpensebenefit": 823000000,
        "profitloss": 3084000000,
        "netincomelossattributabletoredeemablenoncontrollinginterest": 23000000,
        "netincomelossattributabletononredeemablenoncontrollinginterest": 337000000,
        "netincomeloss": 2724000000,
        "earningspersharebasic": 6.13,
        "weightedaveragenumberofsharesoutstandingbasic": 444000000,
        "earningspersharediluted": 6.09,
        "weightedaveragenumberofdilutedsharesoutstanding": 447000000,
        "othercomprehensiveincomelossnetoftax": 2000000,
        "comprehensiveincomenetoftaxincludingportionattributabletononcontrollinginterest": 3073000000,
        "comprehensiveincomelossnetoftaxattributabletoredeemablenoncontrollinginterest": 23000000,
        "comprehensiveincomelossnetoftaxattributabletononredeemablenoncontrollinginterest": 337000000,
        "comprehensiveincomenetoftax": 2713000000,
        "othercomprehensiveincomelosstax": 1000000
    },
    {
        "date": "2022-12-30",
        "symbol": "MPC",
        "period": "Q4",
        "revenuefromcontractwithcustomerexcludingassessedtax": 39813000000,
        "incomelossfromequitymethodinvestments": 186000000,
        "gainlossondispositionofassets1": -11000000,
        "otheroperatingincome": 105000000,
        "revenuesandotherincome": 40093000000,
        "costofgoodsandservicessold": 33575000000,
        "depreciationdepletionandamortization": 797000000,
        "sellinggeneralandadministrativeexpense": 763000000,
        "taxesexcludingincomeandexcisetaxes": 219000000,
        "costsandexpenses": 35354000000,
        "operatingincomeloss": 4739000000,
        "interestanddebtexpense": 186000000,
        "incomelossfromcontinuingoperationsbeforeincometaxesextraordinaryitemsnoncontrollinginterest": 4553000000,
        "incometaxexpensebenefit": 984000000,
        "incomelossfromcontinuingoperationsincludingportionattributabletononcontrollinginterest": 3569000000,
        "profitloss": 3641000000,
        "netincomelossattributabletoredeemablenoncontrollinginterest": 23000000,
        "netincomelossattributabletononredeemablenoncontrollinginterest": 297000000,
        "netincomeloss": 3321000000,
        "incomelossfromcontinuingoperationsperbasicshare": 6.520000000000005,
        "earningspersharebasic": 6.659999999999998,
        "weightedaveragenumberofsharesoutstandingbasic": -1075000000,
        "incomelossfromcontinuingoperationsperdilutedshare": 6.480000000000002,
        "earningspersharediluted": 6.620000000000003,
        "weightedaveragenumberofdilutedsharesoutstanding": -1082000000,
        "othercomprehensiveincomelossnetoftax": 193000000,
        "comprehensiveincomenetoftaxincludingportionattributabletononcontrollinginterest": 3822000000,
        "comprehensiveincomelossnetoftaxattributabletoredeemablenoncontrollinginterest": 23000000,
        "comprehensiveincomelossnetoftaxattributabletononredeemablenoncontrollinginterest": 297000000,
        "comprehensiveincomenetoftax": 3502000000,
        "othercomprehensiveincomelosstax": 59000000
    },
    {
        "date": "2022-09-29",
        "symbol": "MPC",
        "period": "Q3",
        "revenuefromcontractwithcustomerexcludingassessedtax": 45787000000,
        "incomelossfromequitymethodinvestments": 180000000,
        "gainlossondispositionofassets1": 1051000000,
        "otheroperatingincome": 219000000,
        "revenuesandotherincome": 47237000000,
        "costofgoodsandservicessold": 38821000000,
        "depreciationdepletionandamortization": 794000000,
        "sellinggeneralandadministrativeexpense": 712000000,
        "taxesexcludingincomeandexcisetaxes": 224000000,
        "costsandexpenses": 40551000000,
        "operatingincomeloss": 6686000000,
        "interestanddebtexpense": 240000000,
        "incomelossfromcontinuingoperationsbeforeincometaxesextraordinaryitemsnoncontrollinginterest": 6446000000,
        "incometaxexpensebenefit": 1426000000,
        "incomelossfromcontinuingoperationsincludingportionattributabletononcontrollinginterest": 5020000000,
        "profitloss": 5020000000,
        "netincomelossattributabletoredeemablenoncontrollinginterest": 23000000,
        "netincomelossattributabletononredeemablenoncontrollinginterest": 520000000,
        "netincomeloss": 4477000000,
        "incomelossfromcontinuingoperationsperbasicshare": 9.12,
        "earningspersharebasic": 9.12,
        "weightedaveragenumberofsharesoutstandingbasic": 491000000,
        "incomelossfromcontinuingoperationsperdilutedshare": 9.06,
        "earningspersharediluted": 9.06,
        "weightedaveragenumberofdilutedsharesoutstanding": 494000000,
        "othercomprehensiveincomelossnetoftax": -104000000,
        "comprehensiveincomenetoftaxincludingportionattributabletononcontrollinginterest": 4906000000,
        "comprehensiveincomelossnetoftaxattributabletoredeemablenoncontrollinginterest": 23000000,
        "comprehensiveincomelossnetoftaxattributabletononredeemablenoncontrollinginterest": 520000000,
        "comprehensiveincomenetoftax": 4363000000,
        "othercomprehensiveincomelosstax": -34000000
    },
    {
        "date": "2022-06-29",
        "symbol": "MPC",
        "period": "Q2",
        "revenuefromcontractwithcustomerexcludingassessedtax": 53795000000,
        "incomelossfromequitymethodinvestments": 147000000,
        "gainlossondispositionofassets1": 39000000,
        "otheroperatingincome": 257000000,
        "revenuesandotherincome": 54238000000,
        "costofgoodsandservicessold": 44207000000,
        "depreciationdepletionandamortization": 819000000,
        "sellinggeneralandadministrativeexpense": 694000000,
        "taxesexcludingincomeandexcisetaxes": 190000000,
        "costsandexpenses": 45910000000,
        "operatingincomeloss": 8328000000,
        "interestanddebtexpense": 312000000,
        "incomelossfromcontinuingoperationsbeforeincometaxesextraordinaryitemsnoncontrollinginterest": 8016000000,
        "incometaxexpensebenefit": 1799000000,
        "incomelossfromcontinuingoperationsincludingportionattributabletononcontrollinginterest": 6217000000,
        "profitloss": 6217000000,
        "netincomelossattributabletoredeemablenoncontrollinginterest": 21000000,
        "netincomelossattributabletononredeemablenoncontrollinginterest": 323000000,
        "netincomeloss": 5873000000,
        "incomelossfromcontinuingoperationsperbasicshare": 11.03,
        "earningspersharebasic": 11.03,
        "weightedaveragenumberofsharesoutstandingbasic": 532000000,
        "incomelossfromcontinuingoperationsperdilutedshare": 10.95,
        "earningspersharediluted": 10.95,
        "weightedaveragenumberofdilutedsharesoutstanding": 536000000,
        "othercomprehensiveincomelossnetoftax": 21000000,
        "comprehensiveincomenetoftaxincludingportionattributabletononcontrollinginterest": 6226000000,
        "comprehensiveincomelossnetoftaxattributabletoredeemablenoncontrollinginterest": 21000000,
        "comprehensiveincomelossnetoftaxattributabletononredeemablenoncontrollinginterest": 323000000,
        "comprehensiveincomenetoftax": 5882000000,
        "othercomprehensiveincomelosstax": 7000000
    },
    {
        "date": "2022-03-30",
        "symbol": "MPC",
        "period": "Q1",
        "revenuefromcontractwithcustomerexcludingassessedtax": 38058000000,
        "incomelossfromequitymethodinvestments": 142000000,
        "gainlossondispositionofassets1": -18000000,
        "otheroperatingincome": 202000000,
        "revenuesandotherincome": 38384000000,
        "costofgoodsandservicessold": 35068000000,
        "depreciationdepletionandamortization": 805000000,
        "sellinggeneralandadministrativeexpense": 603000000,
        "taxesexcludingincomeandexcisetaxes": 192000000,
        "costsandexpenses": 36668000000,
        "operatingincomeloss": 1716000000,
        "interestanddebtexpense": 262000000,
        "incomelossfromcontinuingoperationsbeforeincometaxesextraordinaryitemsnoncontrollinginterest": 1454000000,
        "incometaxexpensebenefit": 282000000,
        "incomelossfromcontinuingoperationsincludingportionattributabletononcontrollinginterest": 1172000000,
        "profitloss": 1172000000,
        "netincomelossattributabletoredeemablenoncontrollinginterest": 21000000,
        "netincomelossattributabletononredeemablenoncontrollinginterest": 306000000,
        "netincomeloss": 845000000,
        "incomelossfromcontinuingoperationsperbasicshare": 1.5,
        "earningspersharebasic": 1.5,
        "weightedaveragenumberofsharesoutstandingbasic": 564000000,
        "incomelossfromcontinuingoperationsperdilutedshare": 1.49,
        "earningspersharediluted": 1.49,
        "weightedaveragenumberofdilutedsharesoutstanding": 568000000,
        "othercomprehensiveincomelossnetoftax": 12000000,
        "comprehensiveincomenetoftaxincludingportionattributabletononcontrollinginterest": 1165000000,
        "comprehensiveincomelossnetoftaxattributabletoredeemablenoncontrollinginterest": 21000000,
        "comprehensiveincomelossnetoftaxattributabletononredeemablenoncontrollinginterest": 306000000,
        "comprehensiveincomenetoftax": 838000000,
        "othercomprehensiveincomelosstax": 4000000
    },
    {
        "date": "2021-12-30",
        "symbol": "MPC",
        "period": "Q4",
        "revenuefromcontractwithcustomerexcludingassessedtax": 35336000000,
        "incomelossfromequitymethodinvestments": 152000000,
        "otheroperatingincome": 102000000,
        "revenuesandotherincome": 35608000000,
        "costofgoodsandservicessold": 32184000000,
        "depreciationdepletionandamortization": 813000000,
        "sellinggeneralandadministrativeexpense": 656000000,
        "taxesexcludingincomeandexcisetaxes": 177000000,
        "costsandexpenses": 33830000000,
        "operatingincomeloss": 1778000000,
        "interestanddebtexpense": 430000000,
        "incomelossfromcontinuingoperationsbeforeincometaxesextraordinaryitemsnoncontrollinginterest": 1348000000,
        "incometaxexpensebenefit": 243000000,
        "incomelossfromcontinuingoperationsincludingportionattributabletononcontrollinginterest": 1105000000,
        "profitloss": 1105000000,
        "netincomelossattributabletoredeemablenoncontrollinginterest": 21000000,
        "netincomelossattributabletononredeemablenoncontrollinginterest": 310000000,
        "netincomeloss": 774000000,
        "incomelossfromcontinuingoperationsperbasicshare": 1.2299999999999998,
        "earningspersharebasic": 1.4400000000000004,
        "weightedaveragenumberofsharesoutstandingbasic": -11000000,
        "incomelossfromcontinuingoperationsperdilutedshare": 1.23,
        "earningspersharediluted": 1.4299999999999988,
        "weightedaveragenumberofdilutedsharesoutstanding": -11000000,
        "othercomprehensiveincomelossnetoftax": 80000000,
        "comprehensiveincomenetoftaxincludingportionattributabletononcontrollinginterest": 1382000000,
        "comprehensiveincomelossnetoftaxattributabletoredeemablenoncontrollinginterest": 21000000,
        "comprehensiveincomelossnetoftaxattributabletononredeemablenoncontrollinginterest": 310000000,
        "comprehensiveincomenetoftax": 1051000000,
        "othercomprehensiveincomelosstax": 26000000
    },
    {
        "date": "2021-09-29",
        "symbol": "MPC",
        "period": "Q3",
        "revenuefromcontractwithcustomerexcludingassessedtax": 32321000000,
        "incomelossfromequitymethodinvestments": 122000000,
        "gainlossondispositionofassets": -11682000000,
        "otheroperatingincome": 170000000,
        "revenuesandotherincome": 32613000000,
        "costofgoodsandservicessold": 29563000000,
        "depreciationdepletionandamortization": 836000000,
        "sellinggeneralandadministrativeexpense": 681000000,
        "taxesexcludingincomeandexcisetaxes": 193000000,
        "costsandexpenses": 31273000000,
        "operatingincomeloss": 1340000000,
        "interestanddebtexpense": 328000000,
        "incomelossfromcontinuingoperationsbeforeincometaxesextraordinaryitemsnoncontrollinginterest": 1012000000,
        "incometaxexpensebenefit": -18000000,
        "incomelossfromcontinuingoperationsincludingportionattributabletononcontrollinginterest": 1030000000,
        "incomelossfromdiscontinuedoperationsnetoftaxattributabletoreportingentity": 0,
        "profitloss": 1030000000,
        "netincomelossattributabletoredeemablenoncontrollinginterest": 38000000,
        "netincomelossattributabletononredeemablenoncontrollinginterest": 298000000,
        "netincomeloss": 694000000,
        "incomelossfromcontinuingoperationsperbasicshare": 1.07,
        "discontinuedoperationincomelossfromdiscontinuedoperationnetoftaxperbasicshare": 0.10999999999999888,
        "earningspersharebasic": 1.1800000000000006,
        "weightedaveragenumberofsharesoutstandingbasic": -656000000,
        "incomelossfromcontinuingoperationsperdilutedshare": 1.07,
        "discontinuedoperationincomelossfromdiscontinuedoperationnetoftaxperdilutedshare": 0.10999999999999888,
        "earningspersharediluted": 1.1800000000000006,
        "weightedaveragenumberofdilutedsharesoutstanding": -656000000,
        "othercomprehensiveincomelossnetoftax": 4000000,
        "comprehensiveincomenetoftaxincludingportionattributabletononcontrollinginterest": 1026000000,
        "comprehensiveincomelossnetoftaxattributabletoredeemablenoncontrollinginterest": 38000000,
        "comprehensiveincomelossnetoftaxattributabletononredeemablenoncontrollinginterest": 298000000,
        "comprehensiveincomenetoftax": 690000000,
        "othercomprehensiveincomelosstax": 1000000
    },
    {
        "date": "2021-06-29",
        "symbol": "MPC",
        "period": "Q2",
        "revenuefromcontractwithcustomerexcludingassessedtax": 29615000000,
        "incomelossfromequitymethodinvestments": 93000000,
        "gainlossondispositionofassets": 11682000000,
        "otheroperatingincome": 119000000,
        "revenuesandotherincome": 29827000000,
        "costofgoodsandservicessold": 27177000000,
        "depreciationdepletionandamortization": 871000000,
        "sellinggeneralandadministrativeexpense": 625000000,
        "taxesexcludingincomeandexcisetaxes": 189000000,
        "costsandexpenses": 28862000000,
        "operatingincomeloss": 965000000,
        "interestanddebtexpense": 372000000,
        "incomelossfromcontinuingoperationsbeforeincometaxesextraordinaryitemsnoncontrollinginterest": 593000000,
        "incometaxexpensebenefit": 5000000,
        "incomelossfromcontinuingoperationsincludingportionattributabletononcontrollinginterest": 588000000,
        "incomelossfromdiscontinuedoperationsnetoftaxattributabletoreportingentity": 8214000000,
        "profitloss": 8802000000,
        "netincomelossattributabletoredeemablenoncontrollinginterest": 21000000,
        "netincomelossattributabletononredeemablenoncontrollinginterest": 269000000,
        "netincomeloss": 8512000000,
        "incomelossfromcontinuingoperationsperbasicshare": 0.46,
        "discontinuedoperationincomelossfromdiscontinuedoperationnetoftaxperbasicshare": 12.63,
        "earningspersharebasic": 13.09,
        "weightedaveragenumberofsharesoutstandingbasic": 650000000,
        "incomelossfromcontinuingoperationsperdilutedshare": 0.45,
        "discontinuedoperationincomelossfromdiscontinuedoperationnetoftaxperdilutedshare": 12.55,
        "earningspersharediluted": 13,
        "weightedaveragenumberofdilutedsharesoutstanding": 654000000,
        "othercomprehensiveincomelossnetoftax": 183000000,
        "comprehensiveincomenetoftaxincludingportionattributabletononcontrollinginterest": 8973000000,
        "comprehensiveincomelossnetoftaxattributabletoredeemablenoncontrollinginterest": 21000000,
        "comprehensiveincomelossnetoftaxattributabletononredeemablenoncontrollinginterest": 269000000,
        "comprehensiveincomenetoftax": 8683000000,
        "othercomprehensiveincomelosstax": 61000000
    },
    {
        "date": "2021-03-30",
        "symbol": "MPC",
        "period": "Q1",
        "revenuefromcontractwithcustomerexcludingassessedtax": 22711000000,
        "incomelossfromequitymethodinvestments": 91000000,
        "gainlossondispositionofassets": 3000000,
        "otheroperatingincome": 77000000,
        "revenuesandotherincome": 22882000000,
        "costofgoodsandservicessold": 21084000000,
        "depreciationdepletionandamortization": 844000000,
        "sellinggeneralandadministrativeexpense": 575000000,
        "taxesexcludingincomeandexcisetaxes": 162000000,
        "costsandexpenses": 22665000000,
        "operatingincomeloss": 217000000,
        "interestanddebtexpense": 353000000,
        "incomelossfromcontinuingoperationsbeforeincometaxesextraordinaryitemsnoncontrollinginterest": -136000000,
        "incometaxexpensebenefit": 34000000,
        "incomelossfromcontinuingoperationsincludingportionattributabletononcontrollinginterest": -170000000,
        "incomelossfromdiscontinuedoperationsnetoftaxattributabletoreportingentity": 234000000,
        "profitloss": 64000000,
        "netincomelossattributabletoredeemablenoncontrollinginterest": 20000000,
        "netincomelossattributabletononredeemablenoncontrollinginterest": 286000000,
        "netincomeloss": -242000000,
        "incomelossfromcontinuingoperationsperbasicshare": -0.73,
        "discontinuedoperationincomelossfromdiscontinuedoperationnetoftaxperbasicshare": 0.36,
        "earningspersharebasic": -0.37,
        "weightedaveragenumberofsharesoutstandingbasic": 651000000,
        "incomelossfromcontinuingoperationsperdilutedshare": -0.73,
        "discontinuedoperationincomelossfromdiscontinuedoperationnetoftaxperdilutedshare": 0.36,
        "earningspersharediluted": -0.37,
        "weightedaveragenumberofdilutedsharesoutstanding": 651000000,
        "othercomprehensiveincomelossnetoftax": 9000000,
        "comprehensiveincomenetoftaxincludingportionattributabletononcontrollinginterest": 65000000,
        "comprehensiveincomelossnetoftaxattributabletoredeemablenoncontrollinginterest": 20000000,
        "comprehensiveincomelossnetoftaxattributabletononredeemablenoncontrollinginterest": 286000000,
        "comprehensiveincomenetoftax": -241000000,
        "othercomprehensiveincomelosstax": 3000000
    },
    {
        "date": "2020-12-30",
        "symbol": "MPC",
        "period": "Q4",
        "revenuefromcontractwithcustomerexcludingassessedtax": 17972000000,
        "incomelossfromequitymethodinvestments": 102000000,
        "otheroperatingincome": 49000000,
        "revenuesandotherincome": 18187000000,
        "costofgoodsandservicessold": 17216000000,
        "assetimpairmentcharges": 146000000,
        "depreciationdepletionandamortization": 849000000,
        "sellinggeneralandadministrativeexpense": 630000000,
        "taxesexcludingincomeandexcisetaxes": 122000000,
        "costsandexpenses": 17797000000,
        "operatingincomeloss": 390000000,
        "interestanddebtexpense": 333000000,
        "incomelossfromcontinuingoperationsbeforeincometaxesextraordinaryitemsnoncontrollinginterest": 57000000,
        "incometaxexpensebenefit": -193000000,
        "profitloss": 574000000,
        "netincomelossattributabletoredeemablenoncontrollinginterest": 20000000,
        "netincomelossattributabletononredeemablenoncontrollinginterest": 269000000,
        "netincomeloss": 285000000,
        "earningspersharebasic": 0.4499999999999993,
        "earningspersharediluted": 0.4499999999999993,
        "othercomprehensiveincomelossnetoftax": -173000000,
        "comprehensiveincomenetoftaxincludingportionattributabletononcontrollinginterest": 396000000,
        "comprehensiveincomelossnetoftaxattributabletoredeemablenoncontrollinginterest": 20000000,
        "comprehensiveincomelossnetoftaxattributabletononredeemablenoncontrollinginterest": 269000000,
        "comprehensiveincomenetoftax": 107000000
    },
    {
        "date": "2020-09-29",
        "symbol": "MPC",
        "period": "Q3",
        "profitloss": -609000000,
        "othercomprehensiveincomelossnetoftax": 13000000,
        "comprehensiveincomenetoftaxincludingportionattributabletononcontrollinginterest": -607000000,
        "comprehensiveincomelossnetoftaxattributabletoredeemablenoncontrollinginterest": 20000000,
        "comprehensiveincomelossnetoftaxattributabletononredeemablenoncontrollinginterest": 257000000,
        "comprehensiveincomenetoftax": -884000000,
        "revenuefromcontractwithcustomerexcludingassessedtax": 11568000000,
        "incomelossfromequitymethodinvestments": 68000000,
        "gainlossondispositionofassets": 0,
        "otheroperatingincome": -69000000,
        "revenuesandotherincome": 11567000000,
        "costofgoodsandservicessold": 11919000000,
        "inventoryliforeserveperiodcharge": -555000000,
        "assetimpairmentcharges": 433000000,
        "depreciationdepletionandamortization": 629000000,
        "sellinggeneralandadministrativeexpense": 513000000,
        "taxesexcludingincomeandexcisetaxes": 81000000,
        "costsandexpenses": 13368000000,
        "operatingincomeloss": -1801000000,
        "interestanddebtexpense": 349000000,
        "incomelossfromcontinuingoperationsbeforeincometaxesextraordinaryitemsnoncontrollinginterest": -2150000000,
        "incometaxexpensebenefit": -660000000,
        "netincomelossattributabletoredeemablenoncontrollinginterest": 20000000,
        "netincomelossattributabletononredeemablenoncontrollinginterest": 257000000,
        "netincomeloss": -886000000,
        "earningspersharebasic": -1.3699999999999992,
        "weightedaveragenumberofsharesoutstandingbasic": 0,
        "earningspersharediluted": -1.3699999999999992,
        "weightedaveragenumberofdilutedsharesoutstanding": 0
    },
    {
        "date": "2020-06-29",
        "symbol": "MPC",
        "period": "Q2",
        "profitloss": 276000000,
        "othercomprehensiveincomelossnetoftax": 9000000,
        "comprehensiveincomenetoftaxincludingportionattributabletononcontrollinginterest": 266000000,
        "comprehensiveincomelossnetoftaxattributabletoredeemablenoncontrollinginterest": 21000000,
        "comprehensiveincomelossnetoftaxattributabletononredeemablenoncontrollinginterest": 246000000,
        "comprehensiveincomenetoftax": -1000000,
        "revenuefromcontractwithcustomerexcludingassessedtax": 15024000000,
        "incomelossfromequitymethodinvestments": 105000000,
        "gainlossondispositionofassets": 2000000,
        "otheroperatingincome": 67000000,
        "revenuesandotherincome": 15198000000,
        "costofgoodsandservicessold": 13777000000,
        "inventoryliforeserveperiodcharge": -1480000000,
        "assetimpairmentcharges": 25000000,
        "depreciationdepletionandamortization": 935000000,
        "sellinggeneralandadministrativeexpense": 746000000,
        "taxesexcludingincomeandexcisetaxes": 214000000,
        "costsandexpenses": 14217000000,
        "operatingincomeloss": 981000000,
        "interestanddebtexpense": 345000000,
        "incomelossfromcontinuingoperationsbeforeincometaxesextraordinaryitemsnoncontrollinginterest": 636000000,
        "incometaxexpensebenefit": 360000000,
        "netincomelossattributabletoredeemablenoncontrollinginterest": 21000000,
        "netincomelossattributabletononredeemablenoncontrollinginterest": 246000000,
        "netincomeloss": 9000000,
        "earningspersharebasic": 0.03999999999999915,
        "weightedaveragenumberofsharesoutstandingbasic": 1000000,
        "earningspersharediluted": 0.03999999999999915,
        "weightedaveragenumberofdilutedsharesoutstanding": 1000000
    },
    {
        "date": "2020-03-30",
        "symbol": "MPC",
        "period": "Q1",
        "profitloss": -10218000000,
        "othercomprehensiveincomelosspensionandotherpostretirementbenefitplansnetunamortizedgainlossadjustmentnetoftax": 4000000,
        "othercomprehensiveincomelosspensionandotherpostretirementbenefitplansnetpriorservicecostcreditadjustmentnetoftax": 9000000,
        "othercomprehensiveincomeothernetoftax": -1000000,
        "othercomprehensiveincomelossnetoftax": -6000000,
        "comprehensiveincomenetoftaxincludingportionattributabletononcontrollinginterest": -10224000000,
        "comprehensiveincomelossnetoftaxattributabletoredeemablenoncontrollinginterest": 20000000,
        "comprehensiveincomelossnetoftaxattributabletononredeemablenoncontrollinginterest": -1004000000,
        "comprehensiveincomenetoftax": -9240000000,
        "othercomprehensiveincomelosspensionandotherpostretirementbenefitplansnetunamortizedgainlossadjustmenttax": 1000000,
        "othercomprehensiveincomelosspensionandotherpostretirementbenefitplansnetpriorservicecostcreditadjustmenttax": 3000000,
        "revenuefromcontractwithcustomerexcludingassessedtax": 25215000000,
        "incomelossfromequitymethodinvestments": -1210000000,
        "gainlossondispositionofassets": 4000000,
        "otheroperatingincome": 71000000,
        "revenuesandotherincome": 24080000000,
        "costofgoodsandservicessold": 22821000000,
        "inventoryliforeserveperiodcharge": 3220000000,
        "assetimpairmentcharges": 7822000000,
        "depreciationdepletionandamortization": 962000000,
        "sellinggeneralandadministrativeexpense": 821000000,
        "taxesexcludingincomeandexcisetaxes": 251000000,
        "costsandexpenses": 35897000000,
        "operatingincomeloss": -11817000000,
        "interestanddebtexpense": 338000000,
        "incomelossfromcontinuingoperationsbeforeincometaxesextraordinaryitemsnoncontrollinginterest": -12155000000,
        "incometaxexpensebenefit": -1937000000,
        "netincomelossattributabletoredeemablenoncontrollinginterest": 20000000,
        "netincomelossattributabletononredeemablenoncontrollinginterest": -1004000000,
        "netincomeloss": -9234000000,
        "earningspersharebasic": -14.25,
        "weightedaveragenumberofsharesoutstandingbasic": 648000000,
        "earningspersharediluted": -14.25,
        "weightedaveragenumberofdilutedsharesoutstanding": 648000000
    },
    {
        "date": "2019-12-30",
        "symbol": "MPC",
        "period": "Q4",
        "profitloss": 262000000,
        "othercomprehensiveincomelosspensionandotherpostretirementbenefitplansnetunamortizedgainlossadjustmentnetoftax": -101000000,
        "othercomprehensiveincomelosspensionandotherpostretirementbenefitplansnetpriorservicecostcreditadjustmentnetoftax": 8000000,
        "othercomprehensiveincomeothernetoftax": 1000000,
        "othercomprehensiveincomelossnetoftax": -108000000,
        "comprehensiveincomenetoftaxincludingportionattributabletononcontrollinginterest": 154000000,
        "comprehensiveincomelossnetoftaxattributabletoredeemablenoncontrollinginterest": 20000000,
        "comprehensiveincomelossnetoftaxattributabletononredeemablenoncontrollinginterest": -201000000,
        "comprehensiveincomenetoftax": 335000000,
        "othercomprehensiveincomelosspensionandotherpostretirementbenefitplansnetpriorservicecostcreditadjustmenttax": -31000000,
        "revenuefromcontractwithcustomerexcludingassessedtax": 31092000000,
        "incomelossfromequitymethodinvestments": 64000000,
        "gainlossondispositionofassets": 85000000,
        "otheroperatingincome": 67000000,
        "revenuesandotherincome": 31308000000,
        "costofgoodsandservicessold": 27301000000,
        "depreciationdepletionandamortization": 978000000,
        "sellinggeneralandadministrativeexpense": 790000000,
        "taxesexcludingincomeandexcisetaxes": 201000000,
        "costsandexpenses": 30467000000,
        "operatingincomeloss": 841000000,
        "interestanddebtexpense": 302000000,
        "incomelossfromcontinuingoperationsbeforeincometaxesextraordinaryitemsnoncontrollinginterest": 539000000,
        "incometaxexpensebenefit": 277000000,
        "netincomelossattributabletoredeemablenoncontrollinginterest": 20000000,
        "netincomelossattributabletononredeemablenoncontrollinginterest": -201000000,
        "netincomeloss": 443000000,
        "earningspersharebasic": 0.69,
        "weightedaveragenumberofsharesoutstandingbasic": -4000000,
        "earningspersharediluted": 0.6900000000000004,
        "weightedaveragenumberofdilutedsharesoutstanding": -4000000
    },
    {
        "date": "2019-09-29",
        "symbol": "MPC",
        "period": "Q3",
        "profitloss": 1367000000,
        "othercomprehensiveincomelosspensionandotherpostretirementbenefitplansnetunamortizedgainlossadjustmentnetoftax": -42000000,
        "othercomprehensiveincomelosspensionandotherpostretirementbenefitplansnetpriorservicecostcreditadjustmentnetoftax": 8000000,
        "othercomprehensiveincomeothernetoftax": -1000000,
        "othercomprehensiveincomelossnetoftax": -51000000,
        "comprehensiveincomenetoftaxincludingportionattributabletononcontrollinginterest": 1316000000,
        "comprehensiveincomelossnetoftaxattributabletoredeemablenoncontrollinginterest": 20000000,
        "comprehensiveincomelossnetoftaxattributabletononredeemablenoncontrollinginterest": 252000000,
        "comprehensiveincomenetoftax": 1044000000,
        "othercomprehensiveincomelosspensionandotherpostretirementbenefitplansnetpriorservicecostcreditadjustmenttax": 3000000,
        "revenuefromcontractwithcustomerexcludingassessedtax": 31043000000,
        "incomelossfromequitymethodinvestments": 124000000,
        "gainlossondispositionofassets": 4000000,
        "otheroperatingincome": 31000000,
        "revenuesandotherincome": 31202000000,
        "costofgoodsandservicessold": 27300000000,
        "depreciationdepletionandamortization": 855000000,
        "sellinggeneralandadministrativeexpense": 833000000,
        "taxesexcludingincomeandexcisetaxes": 190000000,
        "costsandexpenses": 29178000000,
        "operatingincomeloss": 2024000000,
        "interestanddebtexpense": 317000000,
        "incomelossfromcontinuingoperationsbeforeincometaxesextraordinaryitemsnoncontrollinginterest": 1707000000,
        "incometaxexpensebenefit": 340000000,
        "netincomelossattributabletoredeemablenoncontrollinginterest": 20000000,
        "netincomelossattributabletononredeemablenoncontrollinginterest": 252000000,
        "netincomeloss": 1095000000,
        "earningspersharebasic": 1.6600000000000001,
        "weightedaveragenumberofsharesoutstandingbasic": -4000000,
        "earningspersharediluted": 1.65,
        "weightedaveragenumberofdilutedsharesoutstanding": -4000000
    },
    {
        "date": "2019-06-29",
        "symbol": "MPC",
        "period": "Q2",
        "profitloss": 1367000000,
        "othercomprehensiveincomelosspensionandotherpostretirementbenefitplansnetunamortizedgainlossadjustmentnetoftax": -1000000,
        "othercomprehensiveincomelosspensionandotherpostretirementbenefitplansnetpriorservicecostcreditadjustmentnetoftax": 8000000,
        "othercomprehensiveincomeothernetoftax": -1000000,
        "othercomprehensiveincomelossnetoftax": -10000000,
        "comprehensiveincomenetoftaxincludingportionattributabletononcontrollinginterest": 1357000000,
        "comprehensiveincomelossnetoftaxattributabletoredeemablenoncontrollinginterest": 21000000,
        "comprehensiveincomelossnetoftaxattributabletononredeemablenoncontrollinginterest": 240000000,
        "comprehensiveincomenetoftax": 1096000000,
        "othercomprehensiveincomelosspensionandotherpostretirementbenefitplansnetunamortizedgainlossadjustmenttax": 0,
        "othercomprehensiveincomelosspensionandotherpostretirementbenefitplansnetpriorservicecostcreditadjustmenttax": 3000000,
        "revenuefromcontractwithcustomerexcludingassessedtax": 54441000000,
        "incomelossfromequitymethodinvestments": 189000000,
        "gainlossondispositionofassets": 4000000,
        "otheroperatingincome": 30000000,
        "revenuesandotherincome": 33688000000,
        "costofgoodsandservicessold": 29886000000,
        "depreciationdepletionandamortization": 1679000000,
        "sellinggeneralandadministrativeexpense": 904000000,
        "taxesexcludingincomeandexcisetaxes": 174000000,
        "costsandexpenses": 31646000000,
        "operatingincomeloss": 2541000000,
        "interestanddebtexpense": 322000000,
        "incomelossfromcontinuingoperationsbeforeincometaxesextraordinaryitemsnoncontrollinginterest": 1720000000,
        "incometaxexpensebenefit": 421000000,
        "netincomelossattributabletoredeemablenoncontrollinginterest": 21000000,
        "netincomelossattributabletononredeemablenoncontrollinginterest": 240000000,
        "netincomeloss": 1106000000,
        "earningspersharebasic": 1.66,
        "weightedaveragenumberofsharesoutstandingbasic": -6000000,
        "earningspersharediluted": 1.64,
        "weightedaveragenumberofdilutedsharesoutstanding": -1000000
    },
    {
        "date": "2019-03-30",
        "symbol": "MPC",
        "period": "Q1",
        "profitloss": 259000000,
        "othercomprehensiveincomelosspensionandotherpostretirementbenefitplansnetunamortizedgainlossadjustmentnetoftax": -3000000,
        "othercomprehensiveincomelosspensionandotherpostretirementbenefitplansnetpriorservicecostcreditadjustmentnetoftax": 3000000,
        "othercomprehensiveincomeothernetoftax": -1000000,
        "othercomprehensiveincomelossnetoftax": -7000000,
        "comprehensiveincomenetoftaxincludingportionattributabletononcontrollinginterest": 252000000,
        "comprehensiveincomelossnetoftaxattributabletoredeemablenoncontrollinginterest": 20000000,
        "comprehensiveincomelossnetoftaxattributabletononredeemablenoncontrollinginterest": 246000000,
        "comprehensiveincomenetoftax": -14000000,
        "othercomprehensiveincomelosspensionandotherpostretirementbenefitplansnetunamortizedgainlossadjustmenttax": 6000000,
        "othercomprehensiveincomelosspensionandotherpostretirementbenefitplansnetpriorservicecostcreditadjustmenttax": 8000000,
        "revenuefromcontractwithcustomerexcludingassessedtax": 7373000000,
        "revenuefromrelatedparties": 3000000,
        "incomelossfromequitymethodinvestments": 17000000,
        "gainlossondispositionofassets": 214000000,
        "otheroperatingincome": 35000000,
        "revenuesandotherincome": 28615000000,
        "costofgoodsandservicessold": 25756000000,
        "costsandexpensesrelatedparty": 204000000,
        "depreciationdepletionandamortization": 126000000,
        "sellinggeneralandadministrativeexpense": 881000000,
        "taxesexcludingincomeandexcisetaxes": 186000000,
        "costsandexpenses": 27946000000,
        "operatingincomeloss": 170000000,
        "interestanddebtexpense": 306000000,
        "incomelossfromcontinuingoperationsbeforeincometaxesextraordinaryitemsnoncontrollinginterest": 363000000,
        "incometaxexpensebenefit": 36000000,
        "netincomelossattributabletoredeemablenoncontrollinginterest": 20000000,
        "netincomelossattributabletononredeemablenoncontrollinginterest": 246000000,
        "netincomeloss": -7000000,
        "earningspersharebasic": -0.01,
        "weightedaveragenumberofsharesoutstandingbasic": 673000000,
        "earningspersharediluted": -0.01,
        "weightedaveragenumberofdilutedsharesoutstanding": 673000000
    },
    {
        "date": "2018-09-29",
        "symbol": "MPC",
        "period": "Q3",
        "profitloss": 941000000,
        "othercomprehensiveincomelosspensionandotherpostretirementbenefitplansnetunamortizedgainlossadjustmentnetoftax": 75000000,
        "othercomprehensiveincomelosspensionandotherpostretirementbenefitplansnetpriorservicecostcreditadjustmentnetoftax": 7000000,
        "othercomprehensiveincomeothernetoftax": -3000000,
        "othercomprehensiveincomelossnetoftax": 65000000,
        "comprehensiveincomenetoftaxincludingportionattributabletononcontrollinginterest": 1006000000,
        "comprehensiveincomelossnetoftaxattributabletoredeemablenoncontrollinginterest": 19000000,
        "comprehensiveincomelossnetoftaxattributabletononredeemablenoncontrollinginterest": 185000000,
        "comprehensiveincomenetoftax": 802000000,
        "othercomprehensiveincomelosspensionandotherpostretirementbenefitplansnetunamortizedgainlossadjustmenttax": 24000000,
        "othercomprehensiveincomelosspensionandotherpostretirementbenefitplansnetpriorservicecostcreditadjustmenttax": 3000000,
        "othercomprehensiveincomeothertax": -1000000,
        "revenuefromcontractwithcustomerexcludingassessedtax": 5393000000,
        "revenuefromcontractwithcustomerincludingassessedtax": 1339000000,
        "revenuefromrelatedparties": 2000000,
        "incomelossfromequitymethodinvestments": 18000000,
        "gainlossondispositionofassets": 1000000,
        "otheroperatingincome": 47000000,
        "revenuesandotherincome": 23132000000,
        "costofgoodsandservicessold": 148000000,
        "costsandexpensesrelatedparty": 149000000,
        "depreciationdepletionandamortization": 76000000,
        "sellinggeneralandadministrativeexpense": 445000000,
        "taxesexcludingincomeandexcisetaxes": 123000000,
        "costsandexpenses": 21729000000,
        "operatingincomeloss": -230000000,
        "interestanddebtexpense": 240000000,
        "incomelossfromcontinuingoperationsbeforeincometaxesextraordinaryitemsnoncontrollinginterest": 1163000000,
        "incometaxexpensebenefit": 222000000,
        "netincomelossattributabletoredeemablenoncontrollinginterest": 19000000,
        "netincomelossattributabletononredeemablenoncontrollinginterest": 185000000,
        "netincomeloss": 737000000,
        "earningspersharebasic": 1.63,
        "weightedaveragenumberofsharesoutstandingbasic": 451000000,
        "earningspersharediluted": 1.62,
        "weightedaveragenumberofdilutedsharesoutstanding": 456000000
    },
    {
        "date": "2018-06-29",
        "symbol": "MPC",
        "period": "Q2",
        "profitloss": 1235000000,
        "othercomprehensiveincomelosspensionandotherpostretirementbenefitplansnetunamortizedgainlossadjustmentnetoftax": 7000000,
        "othercomprehensiveincomelosspensionandotherpostretirementbenefitplansnetpriorservicecostcreditadjustmentnetoftax": 7000000,
        "othercomprehensiveincomeothernetoftax": 0,
        "othercomprehensiveincomelossnetoftax": 0,
        "comprehensiveincomenetoftaxincludingportionattributabletononcontrollinginterest": 1235000000,
        "comprehensiveincomelossnetoftaxattributabletoredeemablenoncontrollinginterest": 20000000,
        "comprehensiveincomelossnetoftaxattributabletononredeemablenoncontrollinginterest": 160000000,
        "comprehensiveincomenetoftax": 1055000000,
        "othercomprehensiveincomelosspensionandotherpostretirementbenefitplansnetunamortizedgainlossadjustmenttax": 2000000,
        "othercomprehensiveincomelosspensionandotherpostretirementbenefitplansnetpriorservicecostcreditadjustmenttax": 2000000,
        "othercomprehensiveincomeothertax": 0,
        "revenuefromrelatedparties": -168000000,
        "incomelossfromequitymethodinvestments": -53000000,
        "gainlossondispositionofassets": 3000000,
        "otheroperatingincome": 45000000,
        "revenuesandotherincome": 22445000000,
        "costsandexpensesrelatedparty": 138000000,
        "depreciationdepletionandamortization": -376000000,
        "sellinggeneralandadministrativeexpense": 424000000,
        "taxesexcludingincomeandexcisetaxes": 122000000,
        "costsandexpenses": 20734000000,
        "operatingincomeloss": -853000000,
        "interestanddebtexpense": 195000000,
        "incomelossfromcontinuingoperationsbeforeincometaxesextraordinaryitemsnoncontrollinginterest": 1516000000,
        "incometaxexpensebenefit": 281000000,
        "netincomelossattributabletoredeemablenoncontrollinginterest": 20000000,
        "netincomelossattributabletononredeemablenoncontrollinginterest": 160000000,
        "netincomeloss": 1055000000,
        "earningspersharebasic": 2.26,
        "weightedaveragenumberofsharesoutstandingbasic": -9000000,
        "earningspersharediluted": 2.23,
        "weightedaveragenumberofdilutedsharesoutstanding": -8000000,
        "commonstockdividendspersharecashpaid": 0.46
    },
    {
        "date": "2018-03-30",
        "symbol": "MPC",
        "period": "Q1",
        "profitloss": 235000000,
        "othercomprehensiveincomelosspensionandotherpostretirementbenefitplansnetunamortizedgainlossadjustmentnetoftax": 7000000,
        "othercomprehensiveincomelosspensionandotherpostretirementbenefitplansnetpriorservicecostcreditadjustmentnetoftax": 7000000,
        "othercomprehensiveincomeothernetoftax": -2000000,
        "othercomprehensiveincomelossnetoftax": -2000000,
        "comprehensiveincomenetoftaxincludingportionattributabletononcontrollinginterest": 233000000,
        "comprehensiveincomelossnetoftaxattributabletoredeemablenoncontrollinginterest": 16000000,
        "comprehensiveincomelossnetoftaxattributabletononredeemablenoncontrollinginterest": 182000000,
        "comprehensiveincomenetoftax": 35000000,
        "othercomprehensiveincomelosspensionandotherpostretirementbenefitplansnetunamortizedgainlossadjustmenttax": 3000000,
        "othercomprehensiveincomelosspensionandotherpostretirementbenefitplansnetpriorservicecostcreditadjustmenttax": 2000000,
        "othercomprehensiveincomeothertax": -1000000,
        "refiningandmarketingrevenue": 117000000,
        "revenuefromrelatedparties": 172000000,
        "incomelossfromequitymethodinvestments": 86000000,
        "gainlossondispositionofassets": 2000000,
        "otheroperatingincome": 30000000,
        "revenuesandotherincome": 18984000000,
        "refiningandmarketingcosts": 117000000,
        "costsandexpensesrelatedparty": 141000000,
        "depreciationdepletionandamortization": 528000000,
        "sellinggeneralandadministrativeexpense": 402000000,
        "taxesexcludingincomeandexcisetaxes": 103000000,
        "costsandexpenses": 18544000000,
        "operatingincomeloss": 440000000,
        "interestanddebtexpense": 183000000,
        "incomelossfromcontinuingoperationsbeforeincometaxesextraordinaryitemsnoncontrollinginterest": 257000000,
        "incometaxexpensebenefit": 22000000,
        "netincomelossattributabletoredeemablenoncontrollinginterest": 16000000,
        "netincomelossattributabletononredeemablenoncontrollinginterest": 182000000,
        "netincomeloss": 37000000,
        "earningspersharebasic": 0.08,
        "weightedaveragenumberofsharesoutstandingbasic": 476000000,
        "earningspersharediluted": 0.08,
        "weightedaveragenumberofdilutedsharesoutstanding": 480000000,
        "commonstockdividendspersharecashpaid": 0.46
    },
    {
        "date": "2017-09-29",
        "symbol": "MPC",
        "period": "Q3",
        "profitloss": 1004000000,
        "othercomprehensiveincomelosspensionandotherpostretirementbenefitplansnetunamortizedgainlossadjustmentnetoftax": 4000000,
        "othercomprehensiveincomelosspensionandotherpostretirementbenefitplansnetpriorservicecostcreditadjustmentnetoftax": 7000000,
        "othercomprehensiveincomelossnetoftax": -3000000,
        "comprehensiveincomenetoftaxincludingportionattributabletononcontrollinginterest": 1001000000,
        "comprehensiveincomelossnetoftaxattributabletoredeemablenoncontrollinginterest": 16000000,
        "comprehensiveincomelossnetoftaxattributabletononredeemablenoncontrollinginterest": 85000000,
        "comprehensiveincomenetoftax": 900000000,
        "othercomprehensiveincomelosspensionandotherpostretirementbenefitplansnetunamortizedgainlossadjustmenttax": 2000000,
        "othercomprehensiveincomelosspensionandotherpostretirementbenefitplansnetpriorservicecostcreditadjustmenttax": 4000000,
        "refiningandmarketingrevenue": -7012000000,
        "incomelossfromequitymethodinvestments": -24000000,
        "gainlossondispositionofassets": 0,
        "otheroperatingincome": 92000000,
        "revenuesandotherincome": 19386000000,
        "refiningandmarketingcosts": 14605000000,
        "costsandexpensesrelatedparty": 148000000,
        "exciseandsalestaxes": 2012000000,
        "depreciationdepletionandamortization": -404000000,
        "sellinggeneralandadministrativeexpense": 412000000,
        "taxesexcludingincomeandexcisetaxes": 116000000,
        "costsandexpenses": 17810000000,
        "operatingincomeloss": 52000000,
        "interestanddebtexpense": 157000000,
        "incomelossfromcontinuingoperationsbeforeincometaxesextraordinaryitemsnoncontrollinginterest": 1419000000,
        "incometaxexpensebenefit": 415000000,
        "netincomelossattributabletoredeemablenoncontrollinginterest": 16000000,
        "netincomelossattributabletononredeemablenoncontrollinginterest": 85000000,
        "netincomeloss": 903000000,
        "earningspersharebasic": 1.75,
        "weightedaveragenumberofsharesoutstandingbasic": -524000000,
        "earningspersharediluted": 1.7399999999999998,
        "weightedaveragenumberofdilutedsharesoutstanding": -529000000,
        "commonstockdividendspersharecashpaid": 0.40000000000000013
    },
    {
        "date": "2017-06-29",
        "symbol": "MPC",
        "period": "Q2",
        "profitloss": 574000000,
        "othercomprehensiveincomelosspensionandotherpostretirementbenefitplansnetunamortizedgainlossadjustmentnetoftax": 7000000,
        "othercomprehensiveincomelosspensionandotherpostretirementbenefitplansnetpriorservicecostcreditadjustmentnetoftax": 6000000,
        "othercomprehensiveincomelossnetoftax": 1000000,
        "comprehensiveincomenetoftaxincludingportionattributabletononcontrollinginterest": 575000000,
        "comprehensiveincomelossnetoftaxattributabletoredeemablenoncontrollinginterest": 17000000,
        "comprehensiveincomelossnetoftaxattributabletononredeemablenoncontrollinginterest": 74000000,
        "comprehensiveincomenetoftax": 484000000,
        "othercomprehensiveincomelosspensionandotherpostretirementbenefitplansnetunamortizedgainlossadjustmenttax": 4000000,
        "othercomprehensiveincomelosspensionandotherpostretirementbenefitplansnetpriorservicecostcreditadjustmenttax": 4000000,
        "refiningandmarketingrevenue": 4794000000,
        "revenuefromrelatedparties": 2000000,
        "incomelossfromequitymethodinvestments": 21000000,
        "gainlossondispositionofassets": 7000000,
        "otheroperatingincome": 84000000,
        "revenuesandotherincome": 18354000000,
        "refiningandmarketingcosts": 14175000000,
        "costsandexpensesrelatedparty": 150000000,
        "exciseandsalestaxes": 1926000000,
        "goodwillimpairmentloss": 19000000,
        "depreciationdepletionandamortization": 65000000,
        "sellinggeneralandadministrativeexpense": 485000000,
        "taxesexcludingincomeandexcisetaxes": 115000000,
        "costsandexpenses": 17372000000,
        "operatingincomeloss": 239000000,
        "interestanddebtexpense": 158000000,
        "incomelossfromcontinuingoperationsbeforeincometaxesextraordinaryitemsnoncontrollinginterest": 824000000,
        "incometaxexpensebenefit": 250000000,
        "netincomelossattributabletoredeemablenoncontrollinginterest": 17000000,
        "netincomelossattributabletononredeemablenoncontrollinginterest": 74000000,
        "netincomeloss": 483000000,
        "earningspersharebasic": 0.94,
        "weightedaveragenumberofsharesoutstandingbasic": 513000000,
        "earningspersharediluted": 0.93,
        "weightedaveragenumberofdilutedsharesoutstanding": 517000000,
        "commonstockdividendspersharecashpaid": 0.36
    },
    {
        "date": "2017-03-30",
        "symbol": "MPC",
        "period": "Q1",
        "profitloss": 101000000,
        "othercomprehensiveincomelosspensionandotherpostretirementbenefitplansnetunamortizedgainlossadjustmentnetoftax": 4000000,
        "othercomprehensiveincomelosspensionandotherpostretirementbenefitplansnetpriorservicecostcreditadjustmentnetoftax": 7000000,
        "othercomprehensiveincomelossnetoftax": -3000000,
        "comprehensiveincomenetoftaxincludingportionattributabletononcontrollinginterest": 98000000,
        "comprehensiveincomelossnetoftaxattributabletoredeemablenoncontrollinginterest": 16000000,
        "comprehensiveincomelossnetoftaxattributabletononredeemablenoncontrollinginterest": 55000000,
        "comprehensiveincomenetoftax": 27000000,
        "othercomprehensiveincomelosspensionandotherpostretirementbenefitplansnetunamortizedgainlossadjustmenttax": 3000000,
        "othercomprehensiveincomelosspensionandotherpostretirementbenefitplansnetpriorservicecostcreditadjustmenttax": 4000000,
        "refiningandmarketingrevenue": 16288000000,
        "incomelossfromequitymethodinvestments": 57000000,
        "gainlossondispositionofassets": 5000000,
        "otheroperatingincome": 43000000,
        "revenuesandotherincome": 16393000000,
        "refiningandmarketingcosts": 13133000000,
        "costsandexpensesrelatedparty": 122000000,
        "exciseandsalestaxes": 1813000000,
        "depreciationdepletionandamortization": 536000000,
        "sellinggeneralandadministrativeexpense": 389000000,
        "taxesexcludingincomeandexcisetaxes": 108000000,
        "costsandexpenses": 16101000000,
        "operatingincomeloss": 292000000,
        "interestanddebtexpense": 150000000,
        "incomelossfromcontinuingoperationsbeforeincometaxesextraordinaryitemsnoncontrollinginterest": 142000000,
        "incometaxexpensebenefit": 41000000,
        "netincomelossattributabletoredeemablenoncontrollinginterest": 16000000,
        "netincomelossattributabletononredeemablenoncontrollinginterest": 55000000,
        "netincomeloss": 30000000,
        "earningspersharebasic": 0.06,
        "weightedaveragenumberofsharesoutstandingbasic": 525000000,
        "earningspersharediluted": 0.06,
        "weightedaveragenumberofdilutedsharesoutstanding": 530000000,
        "commonstockdividendspersharecashpaid": 0.36
    },
    {
        "date": "2016-09-29",
        "symbol": "MPC",
        "period": "Q3",
        "profitloss": 219000000,
        "othercomprehensiveincomelosspensionandotherpostretirementbenefitplansnetunamortizedgainlossadjustmentnetoftax": 2000000,
        "othercomprehensiveincomelosspensionandotherpostretirementbenefitplansnetpriorservicecostcreditadjustmentnetoftax": 8000000,
        "comprehensiveincomenetoftaxincludingportionattributabletononcontrollinginterest": 213000000,
        "comprehensiveincomenetoftax": 139000000,
        "othercomprehensiveincomelosspensionandotherpostretirementbenefitplansnetunamortizedgainlossadjustmenttax": 0,
        "othercomprehensiveincomelosspensionandotherpostretirementbenefitplansnetpriorservicecostcreditadjustmenttax": 5000000,
        "refiningandmarketingrevenue": 4848000000,
        "incomelossfromequitymethodinvestments": 8000000,
        "otheroperatingincome": 49000000,
        "revenuesandotherincome": 16460000000,
        "refiningandmarketingcosts": 12944000000,
        "costsandexpensesrelatedparty": 128000000,
        "exciseandsalestaxes": 1914000000,
        "goodwillimpairmentloss": 0,
        "depreciationdepletionandamortization": 71000000,
        "sellinggeneralandadministrativeexpense": 420000000,
        "taxesexcludingincomeandexcisetaxes": 112000000,
        "costsandexpenses": 16025000000,
        "operatingincomeloss": 209000000,
        "interestanddebtexpense": 141000000,
        "incomelossfromcontinuingoperationsbeforeincometaxesextraordinaryitemsnoncontrollinginterest": 294000000,
        "incometaxexpensebenefit": 75000000,
        "netincomeloss": 145000000,
        "earningspersharebasic": 0.2699999999999999,
        "weightedaveragenumberofsharesoutstandingbasic": 0,
        "earningspersharediluted": 0.2699999999999999,
        "commonstockdividendspersharecashpaid": 0.35999999999999993
    },
    {
        "date": "2016-06-29",
        "symbol": "MPC",
        "period": "Q2",
        "profitloss": 704000000,
        "othercomprehensiveincomelosspensionandotherpostretirementbenefitplansnetunamortizedgainlossadjustmentnetoftax": 4000000,
        "othercomprehensiveincomelosspensionandotherpostretirementbenefitplansnetpriorservicecostcreditadjustmentnetoftax": 7000000,
        "comprehensiveincomenetoftaxincludingportionattributabletononcontrollinginterest": 780000000,
        "comprehensiveincomenetoftax": 798000000,
        "othercomprehensiveincomelosspensionandotherpostretirementbenefitplansnetunamortizedgainlossadjustmenttax": 3000000,
        "othercomprehensiveincomelosspensionandotherpostretirementbenefitplansnetpriorservicecostcreditadjustmenttax": 4000000,
        "refiningandmarketingrevenue": 4865000000,
        "incomelossfromequitymethodinvestments": 3000000,
        "gainlossondispositionofassets": 0,
        "otheroperatingincome": 29000000,
        "revenuesandotherincome": 16790000000,
        "refiningandmarketingcosts": 12830000000,
        "costsandexpensesrelatedparty": 124000000,
        "exciseandsalestaxes": 1893000000,
        "goodwillimpairmentloss": 1000000,
        "depreciationdepletionandamortization": 69000000,
        "sellinggeneralandadministrativeexpense": 401000000,
        "taxesexcludingincomeandexcisetaxes": 111000000,
        "costsandexpenses": 15475000000,
        "operatingincomeloss": 193000000,
        "interestanddebtexpense": 137000000,
        "incomelossfromcontinuingoperationsbeforeincometaxesextraordinaryitemsnoncontrollinginterest": 1178000000,
        "incometaxexpensebenefit": 395000000,
        "netincomeloss": 801000000,
        "earningspersharebasic": 1.5170000000000001,
        "weightedaveragenumberofsharesoutstandingbasic": -1000000,
        "earningspersharediluted": 1.5070000000000001,
        "weightedaveragenumberofdilutedsharesoutstanding": 0,
        "commonstockdividendspersharecashpaid": 0.32
    },
    {
        "date": "2016-03-30",
        "symbol": "MPC",
        "period": "Q1",
        "profitloss": 1000000,
        "othercomprehensiveincomelosspensionandotherpostretirementbenefitplansnetunamortizedgainlossadjustmentnetoftax": 8000000,
        "othercomprehensiveincomelosspensionandotherpostretirementbenefitplansnetpriorservicecostcreditadjustmentnetoftax": 8000000,
        "comprehensiveincomenetoftaxincludingportionattributabletononcontrollinginterest": -78000000,
        "comprehensiveincomenetoftaxattributabletononcontrollinginterest": -79000000,
        "comprehensiveincomenetoftax": 1000000,
        "othercomprehensiveincomelosspensionandotherpostretirementbenefitplansnetunamortizedgainlossadjustmenttax": 5000000,
        "othercomprehensiveincomelosspensionandotherpostretirementbenefitplansnetpriorservicecostcreditadjustmenttax": 5000000,
        "refiningandmarketingrevenue": 3950000000,
        "incomelossfromequitymethodinvestments": -1000000,
        "gainlossondispositionofassets": 25000000,
        "otheroperatingincome": 28000000,
        "revenuesandotherincome": 12830000000,
        "refiningandmarketingcosts": 9701000000,
        "costsandexpensesrelatedparty": 107000000,
        "inventorywritedown": 15000000,
        "exciseandsalestaxes": 1826000000,
        "goodwillimpairmentloss": 129000000,
        "depreciationdepletionandamortization": 63000000,
        "sellinggeneralandadministrativeexpense": 378000000,
        "taxesexcludingincomeandexcisetaxes": 109000000,
        "costsandexpenses": 12755000000,
        "operatingincomeloss": 167000000,
        "interestanddebtexpense": 142000000,
        "incomelossfromcontinuingoperationsbeforeincometaxesextraordinaryitemsnoncontrollinginterest": -67000000,
        "incometaxexpensebenefit": 11000000,
        "netincomelossattributabletononcontrollinginterest": -79000000,
        "netincomeloss": 1000000,
        "earningspersharebasic": 0.003,
        "weightedaveragenumberofsharesoutstandingbasic": 529000000,
        "earningspersharediluted": 0.003,
        "weightedaveragenumberofdilutedsharesoutstanding": 531000000,
        "commonstockdividendspersharecashpaid": 0.32
    },
    {
        "date": "2015-12-30",
        "symbol": "MPC",
        "period": "Q4",
        "profitloss": 164000000,
        "othercomprehensiveincomelosspensionandotherpostretirementbenefitplansnetunamortizedgainlossadjustmentnetoftax": 9000000,
        "othercomprehensiveincomelosspensionandotherpostretirementbenefitplansnetpriorservicecostcreditadjustmentnetoftax": 15000000,
        "comprehensiveincomenetoftaxincludingportionattributabletononcontrollinginterest": 162000000,
        "comprehensiveincomenetoftaxattributabletononcontrollinginterest": -19000000,
        "comprehensiveincomenetoftax": 181000000,
        "othercomprehensiveincomelosspensionandotherpostretirementbenefitplansnetunamortizedgainlossadjustmenttax": 6000000,
        "othercomprehensiveincomelosspensionandotherpostretirementbenefitplansnetpriorservicecostcreditadjustmenttax": 10000000,
        "refiningandmarketingrevenue": -8086000000,
        "incomelossfromequitymethodinvestments": -3000000,
        "gainlossondispositionofassets": 1000000,
        "otheroperatingincome": 41000000,
        "revenuesandotherincome": 15679000000,
        "refiningandmarketingcosts": 12008000000,
        "costsandexpensesrelatedparty": 89000000,
        "exciseandsalestaxes": 1933000000,
        "depreciationdepletionandamortization": -234000000,
        "sellinggeneralandadministrativeexpense": 433000000,
        "taxesexcludingincomeandexcisetaxes": 95000000,
        "costsandexpenses": 15341000000,
        "operatingincomeloss": -1167000000,
        "interestanddebtexpense": 103000000,
        "incomelossfromcontinuingoperationsbeforeincometaxesextraordinaryitemsnoncontrollinginterest": 235000000,
        "incometaxexpensebenefit": 67000000,
        "netincomelossattributabletononcontrollinginterest": -19000000,
        "netincomeloss": 187000000,
        "earningspersharebasic": -1.2599999999999998,
        "weightedaveragenumberofsharesoutstandingbasic": -811000000,
        "earningspersharediluted": -1.2500000000000002,
        "weightedaveragenumberofdilutedsharesoutstanding": -815000000,
        "commonstockdividendspersharecashpaid": 0.06999999999999984
    },
    {
        "date": "2015-09-29",
        "symbol": "MPC",
        "period": "Q3",
        "profitloss": 958000000,
        "othercomprehensiveincomelosspensionandotherpostretirementbenefitplansnetunamortizedgainlossadjustmentnetoftax": 5000000,
        "othercomprehensiveincomelosspensionandotherpostretirementbenefitplansnetpriorservicecostcreditadjustmentnetoftax": 8000000,
        "othercomprehensiveincomelossnetoftax": -3000000,
        "comprehensiveincomenetoftaxincludingportionattributabletononcontrollinginterest": 955000000,
        "comprehensiveincomenetoftaxattributabletononcontrollinginterest": 10000000,
        "comprehensiveincomenetoftax": 945000000,
        "othercomprehensiveincomelosspensionandotherpostretirementbenefitplansnetunamortizedgainlossadjustmenttax": 3000000,
        "othercomprehensiveincomelosspensionandotherpostretirementbenefitplansnetpriorservicecostcreditadjustmenttax": 5000000,
        "refiningandmarketingrevenue": 5256000000,
        "incomelossfromequitymethodinvestments": 6000000,
        "gainlossondispositionofassets": 2000000,
        "otheroperatingincome": 17000000,
        "revenuesandotherincome": 18758000000,
        "refiningandmarketingcosts": 14165000000,
        "costsandexpensesrelatedparty": 61000000,
        "exciseandsalestaxes": 1988000000,
        "depreciationdepletionandamortization": 63000000,
        "sellinggeneralandadministrativeexpense": 392000000,
        "taxesexcludingincomeandexcisetaxes": 95000000,
        "costsandexpenses": 17209000000,
        "operatingincomeloss": 243000000,
        "interestanddebtexpense": 70000000,
        "incomelossfromcontinuingoperationsbeforeincometaxesextraordinaryitemsnoncontrollinginterest": 1479000000,
        "incometaxexpensebenefit": 521000000,
        "netincomelossattributabletononcontrollinginterest": 10000000,
        "netincomeloss": 948000000,
        "earningspersharebasic": 1.77,
        "weightedaveragenumberofsharesoutstandingbasic": 535000000,
        "earningspersharediluted": 1.76,
        "weightedaveragenumberofdilutedsharesoutstanding": 538000000,
        "commonstockdividendspersharecashpaid": 0.32
    },
    {
        "date": "2015-06-29",
        "symbol": "MPC",
        "period": "Q2",
        "profitloss": 839000000,
        "othercomprehensiveincomelosspensionandotherpostretirementbenefitplansnetunamortizedgainlossadjustmentnetoftax": 12000000,
        "othercomprehensiveincomelosspensionandotherpostretirementbenefitplansnetpriorservicecostcreditadjustmentnetoftax": 8000000,
        "othercomprehensiveincomelossnetoftax": 4000000,
        "comprehensiveincomenetoftaxincludingportionattributabletononcontrollinginterest": 843000000,
        "comprehensiveincomenetoftaxattributabletononcontrollinginterest": 13000000,
        "comprehensiveincomenetoftax": 830000000,
        "othercomprehensiveincomelosspensionandotherpostretirementbenefitplansnetunamortizedgainlossadjustmenttax": 7000000,
        "othercomprehensiveincomelosspensionandotherpostretirementbenefitplansnetpriorservicecostcreditadjustmenttax": 4000000,
        "refiningandmarketingrevenue": 5329000000,
        "incomelossfromequitymethodinvestments": 8000000,
        "gainlossondispositionofassets": -1000000,
        "otheroperatingincome": 25000000,
        "revenuesandotherincome": 20581000000,
        "refiningandmarketingcosts": 16366000000,
        "costsandexpensesrelatedparty": 82000000,
        "exciseandsalestaxes": 1939000000,
        "depreciationdepletionandamortization": 62000000,
        "sellinggeneralandadministrativeexpense": 393000000,
        "taxesexcludingincomeandexcisetaxes": 104000000,
        "costsandexpenses": 19246000000,
        "operatingincomeloss": 127000000,
        "interestanddebtexpense": 64000000,
        "incomelossfromcontinuingoperationsbeforeincometaxesextraordinaryitemsnoncontrollinginterest": 1271000000,
        "incometaxexpensebenefit": 432000000,
        "netincomelossattributabletononcontrollinginterest": 13000000,
        "netincomeloss": 826000000,
        "earningspersharebasic": 1.52,
        "weightedaveragenumberofsharesoutstandingbasic": 541000000,
        "earningspersharediluted": 1.51,
        "weightedaveragenumberofdilutedsharesoutstanding": 544000000,
        "commonstockdividendspersharecashpaid": 0.25
    },
    {
        "date": "2015-03-30",
        "symbol": "MPC",
        "period": "Q1",
        "profitloss": 891000000,
        "othercomprehensiveincomelosspensionandotherpostretirementbenefitplansnetunamortizedgainlossadjustmentnetoftax": 8000000,
        "othercomprehensiveincomelosspensionandotherpostretirementbenefitplansnetpriorservicecostcreditadjustmentnetoftax": 8000000,
        "comprehensiveincomenetoftaxincludingportionattributabletononcontrollinginterest": 903000000,
        "comprehensiveincomenetoftaxattributabletononcontrollinginterest": 12000000,
        "comprehensiveincomenetoftax": 891000000,
        "othercomprehensiveincomelosspensionandotherpostretirementbenefitplansnetunamortizedgainlossadjustmenttax": 5000000,
        "othercomprehensiveincomelosspensionandotherpostretirementbenefitplansnetpriorservicecostcreditadjustmenttax": 5000000,
        "refiningandmarketingrevenue": 17191000000,
        "incomelossfromequitymethodinvestments": 15000000,
        "gainlossondispositionofassets": 5000000,
        "otheroperatingincome": 29000000,
        "revenuesandotherincome": 17240000000,
        "refiningandmarketingcosts": 13044000000,
        "costsandexpensesrelatedparty": 76000000,
        "exciseandsalestaxes": 1832000000,
        "depreciationdepletionandamortization": 363000000,
        "sellinggeneralandadministrativeexpense": 358000000,
        "taxesexcludingincomeandexcisetaxes": 97000000,
        "costsandexpenses": 15770000000,
        "operatingincomeloss": 1470000000,
        "interestanddebtexpense": 81000000,
        "incomelossfromcontinuingoperationsbeforeincometaxesextraordinaryitemsnoncontrollinginterest": 1389000000,
        "incometaxexpensebenefit": 486000000,
        "netincomelossattributabletononcontrollinginterest": 12000000,
        "netincomeloss": 891000000,
        "earningspersharebasic": 3.26,
        "weightedaveragenumberofsharesoutstandingbasic": 273000000,
        "earningspersharediluted": 3.24,
        "weightedaveragenumberofdilutedsharesoutstanding": 275000000,
        "commonstockdividendspersharecashpaid": 0.5
    },
    {
        "date": "2014-09-29",
        "symbol": "MPC",
        "period": "Q3",
        "profitloss": 679000000,
        "othercomprehensiveincomelosspensionandotherpostretirementbenefitplansnetunamortizedgainlossadjustmentnetoftax": -2000000,
        "othercomprehensiveincomelosspensionandotherpostretirementbenefitplansnetpriorservicecostcreditadjustmentnetoftax": 8000000,
        "othercomprehensiveincomelossnetoftax": -10000000,
        "comprehensiveincomenetoftaxincludingportionattributabletononcontrollinginterest": 669000000,
        "comprehensiveincomenetoftaxattributabletononcontrollinginterest": 7000000,
        "comprehensiveincomenetoftax": 662000000,
        "othercomprehensiveincomelosspensionandotherpostretirementbenefitplansnetunamortizedgainlossadjustmenttax": -1000000,
        "othercomprehensiveincomelosspensionandotherpostretirementbenefitplansnetpriorservicecostcreditadjustmenttax": 5000000,
        "refiningandmarketingrevenue": 136000000,
        "incomelossfromequitymethodinvestments": 29000000,
        "gainlossondispositionofassets": 2000000,
        "otheroperatingincome": 12000000,
        "revenuesandotherincome": 25481000000,
        "refiningandmarketingcosts": 21935000000,
        "costsandexpensesrelatedparty": 112000000,
        "exciseandsalestaxes": 1622000000,
        "depreciationdepletionandamortization": 20000000,
        "sellinggeneralandadministrativeexpense": 342000000,
        "taxesexcludingincomeandexcisetaxes": 86000000,
        "costsandexpenses": 24419000000,
        "operatingincomeloss": -76000000,
        "nonoperatingincomeexpense": -50000000,
        "incomelossfromcontinuingoperationsbeforeincometaxesextraordinaryitemsnoncontrollinginterest": 1012000000,
        "incometaxexpensebenefit": 333000000,
        "netincomelossattributabletononcontrollinginterest": 7000000,
        "netincomeloss": 672000000,
        "earningspersharebasic": 2.38,
        "weightedaveragenumberofsharesoutstandingbasic": 282000000,
        "earningspersharediluted": 2.36,
        "weightedaveragenumberofdilutedsharesoutstanding": 284000000,
        "commonstockdividendspersharecashpaid": 0.5
    },
    {
        "date": "2014-06-29",
        "symbol": "MPC",
        "period": "Q2",
        "profitloss": 864000000,
        "othercomprehensiveincomelosspensionandotherpostretirementbenefitplansnetunamortizedgainlossadjustmentnetoftax": -5000000,
        "othercomprehensiveincomelosspensionandotherpostretirementbenefitplansnetpriorservicecostcreditadjustmentnetoftax": 8000000,
        "othercomprehensiveincomelossnetoftax": -13000000,
        "comprehensiveincomenetoftaxincludingportionattributabletononcontrollinginterest": 851000000,
        "comprehensiveincomenetoftaxattributabletononcontrollinginterest": 9000000,
        "comprehensiveincomenetoftax": 842000000,
        "othercomprehensiveincomelosspensionandotherpostretirementbenefitplansnetunamortizedgainlossadjustmenttax": -3000000,
        "othercomprehensiveincomelosspensionandotherpostretirementbenefitplansnetpriorservicecostcreditadjustmenttax": 4000000,
        "refiningandmarketingrevenue": 19000000,
        "incomelossfromequitymethodinvestments": 57000000,
        "gainlossondispositionofassets": 11000000,
        "otheroperatingincome": 21000000,
        "revenuesandotherincome": 26933000000,
        "refiningandmarketingcosts": 23096000000,
        "costsandexpensesrelatedparty": 130000000,
        "exciseandsalestaxes": 1599000000,
        "depreciationdepletionandamortization": 19000000,
        "sellinggeneralandadministrativeexpense": 316000000,
        "taxesexcludingincomeandexcisetaxes": 98000000,
        "costsandexpenses": 25564000000,
        "operatingincomeloss": 81000000,
        "nonoperatingincomeexpense": -48000000,
        "incomelossfromcontinuingoperationsbeforeincometaxesextraordinaryitemsnoncontrollinginterest": 1321000000,
        "incometaxexpensebenefit": 457000000,
        "netincomelossattributabletononcontrollinginterest": 9000000,
        "netincomeloss": 855000000,
        "earningspersharebasic": 2.97,
        "weightedaveragenumberofsharesoutstandingbasic": 287000000,
        "earningspersharediluted": 2.95,
        "weightedaveragenumberofdilutedsharesoutstanding": 289000000,
        "commonstockdividendspersharecashpaid": 0.42
    },
    {
        "date": "2014-03-30",
        "symbol": "MPC",
        "period": "Q1",
        "profitloss": 8000000,
        "othercomprehensiveincomelosspensionandotherpostretirementbenefitplansnetunamortizedgainlossadjustmentnetoftax": 7000000,
        "othercomprehensiveincomelosspensionandotherpostretirementbenefitplansnetpriorservicecostcreditadjustmentnetoftax": 8000000,
        "othercomprehensiveincomelossnetoftax": -2000000,
        "comprehensiveincomenetoftaxincludingportionattributabletononcontrollinginterest": 206000000,
        "comprehensiveincomenetoftaxattributabletononcontrollinginterest": 8000000,
        "comprehensiveincomenetoftax": 198000000,
        "othercomprehensiveincomelosspensionandotherpostretirementbenefitplansnetunamortizedgainlossadjustmenttax": 4000000,
        "othercomprehensiveincomelosspensionandotherpostretirementbenefitplansnetpriorservicecostcreditadjustmenttax": -5000000,
        "refiningandmarketingrevenue": 17000000,
        "incomelossfromequitymethodinvestments": 35000000,
        "gainlossondispositionofassets": 1000000,
        "otheroperatingincome": 24000000,
        "revenuesandotherincome": 23345000000,
        "refiningandmarketingcosts": 20540000000,
        "costsandexpensesrelatedparty": 159000000,
        "exciseandsalestaxes": 1515000000,
        "depreciationdepletionandamortization": 19000000,
        "sellinggeneralandadministrativeexpense": 346000000,
        "taxesexcludingincomeandexcisetaxes": 104000000,
        "costsandexpenses": 22984000000,
        "operatingincomeloss": 72000000,
        "nonoperatingincomeexpense": -46000000,
        "incomelossfromcontinuingoperationsbeforeincometaxesextraordinaryitemsnoncontrollinginterest": 315000000,
        "incometaxexpensebenefit": 108000000,
        "netincomelossattributabletononcontrollinginterest": 8000000,
        "netincomeloss": 199000000,
        "earningspersharebasic": 0.68,
        "weightedaveragenumberofsharesoutstandingbasic": 293000000,
        "earningspersharediluted": 0.67,
        "weightedaveragenumberofdilutedsharesoutstanding": 295000000,
        "commonstockdividendspersharecashpaid": 0.42
    },
    {
        "date": "2013-09-29",
        "symbol": "MPC",
        "period": "Q3",
        "profitloss": 173000000,
        "othercomprehensiveincomelosspensionandotherpostretirementbenefitplansnetunamortizedgainlossadjustmentnetoftax": 57000000,
        "othercomprehensiveincomelosspensionandotherpostretirementbenefitplansnetpriorservicecostcreditadjustmentnetoftax": 8000000,
        "othercomprehensiveincomelossnetoftax": 49000000,
        "comprehensiveincomenetoftaxincludingportionattributabletononcontrollinginterest": 222000000,
        "comprehensiveincomenetoftaxattributabletononcontrollinginterest": 5000000,
        "comprehensiveincomenetoftax": 217000000,
        "othercomprehensiveincomelosspensionandotherpostretirementbenefitplansnetunamortizedgainlossadjustmenttax": 34000000,
        "othercomprehensiveincomelosspensionandotherpostretirementbenefitplansnetpriorservicecostcreditadjustmenttax": -5000000,
        "refiningandmarketingrevenue": 26253000000,
        "revenuefromrelatedparties": 3000000,
        "incomelossfromequitymethodinvestments": 8000000,
        "gainlossondispositionofassets": 1000000,
        "otheroperatingincome": 8000000,
        "revenuesandotherincome": 26274000000,
        "refiningandmarketingcosts": 23553000000,
        "costsandexpensesrelatedparty": 103000000,
        "exciseandsalestaxes": 1631000000,
        "depreciationdepletionandamortization": 246000000,
        "sellinggeneralandadministrativeexpense": 305000000,
        "taxesexcludingincomeandexcisetaxes": 82000000,
        "costsandexpenses": 25973000000,
        "operatingincomeloss": 227000000,
        "nonoperatingincomeexpense": -47000000,
        "incomelossfromcontinuingoperationsbeforeincometaxesextraordinaryitemsnoncontrollinginterest": 254000000,
        "incometaxexpensebenefit": 81000000,
        "netincomelossattributabletononcontrollinginterest": 5000000,
        "netincomeloss": 168000000,
        "earningspersharebasic": 0.54,
        "weightedaveragenumberofsharesoutstandingbasic": 309000000,
        "earningspersharediluted": 0.54,
        "weightedaveragenumberofdilutedsharesoutstanding": 311000000,
        "commonstockdividendspersharecashpaid": 0.42
    },
    {
        "date": "2013-06-29",
        "symbol": "MPC",
        "period": "Q2",
        "refiningandmarketingrevenue": 25675000000,
        "revenuefromrelatedparties": 2000000,
        "incomelossfromequitymethodinvestments": 7000000,
        "gainlossondispositionofassets": 1000000,
        "otheroperatingincome": 18000000,
        "revenuesandotherincome": 25703000000,
        "refiningandmarketingcosts": 22320000000,
        "costsandexpensesrelatedparty": 79000000,
        "exciseandsalestaxes": 1596000000,
        "depreciationdepletionandamortization": 297000000,
        "sellinggeneralandadministrativeexpense": 358000000,
        "taxesexcludingincomeandexcisetaxes": 88000000,
        "costsandexpenses": 24743000000,
        "operatingincomeloss": 1084000000,
        "interestanddebtexpense": 45000000,
        "incomelossfromcontinuingoperationsbeforeincometaxesextraordinaryitemsnoncontrollinginterest": 915000000,
        "incometaxexpensebenefit": 316000000,
        "profitloss": 599000000,
        "netincomelossattributabletononcontrollinginterest": 6000000,
        "netincomeloss": 593000000,
        "earningspersharebasic": 1.84,
        "weightedaveragenumberofsharesoutstandingbasic": 322000000,
        "earningspersharediluted": 1.83,
        "weightedaveragenumberofdilutedsharesoutstanding": 324000000,
        "commonstockdividendspersharecashpaid": 0.35,
        "othercomprehensiveincomedefinedbenefitplansnetunamortizedgainlossarisingduringperiodnetoftax": 135000000,
        "othercomprehensiveincomelossamortizationadjustmentfromaocipensionandotherpostretirementbenefitplansfornetpriorservicecostcreditnetoftax": -7000000,
        "othercomprehensiveincomelossnetoftax": 128000000,
        "comprehensiveincomenetoftaxincludingportionattributabletononcontrollinginterest": 727000000,
        "comprehensiveincomenetoftaxattributabletononcontrollinginterest": 6000000,
        "comprehensiveincomenetoftax": 721000000,
        "othercomprehensiveincomedefinedbenefitplansnetunamortizedgainlossarisingduringperiodtax": 81000000,
        "othercomprehensiveincomelossamortizationadjustmentfromaocipensionandotherpostretirementbenefitplansfornetpriorservicecostcredittax": -4000000
    },
    {
        "date": "2013-03-30",
        "symbol": "MPC",
        "period": "Q1",
        "refiningandmarketingrevenue": 23328000000,
        "revenuefromrelatedparties": 2000000,
        "incomelossfromequitymethodinvestments": -4000000,
        "gainlossondispositionofassets": 1000000,
        "otheroperatingincome": 14000000,
        "revenuesandotherincome": 23345000000,
        "refiningandmarketingcosts": 20034000000,
        "costsandexpensesrelatedparty": 72000000,
        "exciseandsalestaxes": 1458000000,
        "depreciationdepletionandamortization": 281000000,
        "sellinggeneralandadministrativeexpense": 249000000,
        "taxesexcludingincomeandexcisetaxes": 89000000,
        "costsandexpenses": 22189000000,
        "operatingincomeloss": -67000000,
        "interestanddebtexpense": 48000000,
        "incomelossfromcontinuingoperationsbeforeincometaxesextraordinaryitemsnoncontrollinginterest": 1108000000,
        "incometaxexpensebenefit": 378000000,
        "profitloss": 5000000,
        "netincomelossattributabletononcontrollinginterest": 5000000,
        "netincomeloss": 725000000,
        "earningspersharebasic": 2.19,
        "weightedaveragenumberofsharesoutstandingbasic": 331000000,
        "earningspersharediluted": 2.17,
        "weightedaveragenumberofdilutedsharesoutstanding": 333000000,
        "commonstockdividendspersharecashpaid": 0.35,
        "othercomprehensiveincomedefinedbenefitplansnetunamortizedgainlossarisingduringperiodnetoftax": 90000000,
        "othercomprehensiveincomelossamortizationpensionandotherpostretirementbenefitplansnetpriorservicecostrecognizedinnetperiodicpensioncostnetoftax": 8000000,
        "othercomprehensiveincomelossnetoftax": 82000000,
        "comprehensiveincomenetoftaxincludingportionattributabletononcontrollinginterest": 812000000,
        "comprehensiveincomenetoftaxattributabletononcontrollinginterest": 5000000,
        "comprehensiveincomenetoftax": 807000000,
        "othercomprehensiveincomedefinedbenefitplansnetunamortizedgainlossarisingduringperiodtax": 54000000,
        "othercomprehensiveincomeamortizationofdefinedbenefitplannetpriorservicecostrecognizedinnetperiodicpensioncosttax": -5000000
    },
    {
        "date": "2012-12-30",
        "symbol": "MPC",
        "period": "Q4",
        "refiningandmarketingrevenue": 37664000000,
        "revenuefromrelatedparties": 3000000,
        "incomelossfromequitymethodinvestments": 26000000,
        "gainlossondispositionofassets": -1000000,
        "otheroperatingincome": 18000000,
        "totalrevenuesandotherincome": 20711000000,
        "refiningandmarketingcosts": 17380000000,
        "costsandexpensesrelatedparty": 76000000,
        "exciseandsalestaxes": 1438000000,
        "depreciationdepletionandamortization": 283000000,
        "sellinggeneralandadministrativeexpense": 279000000,
        "taxesexcludingincomeandexcisetaxes": 66000000,
        "costsandexpenses": 19522000000,
        "investmentincomenonoperating": -45000000,
        "incomelossfromcontinuingoperationsbeforeincometaxesextraordinaryitemsnoncontrollinginterest": -942000000,
        "incometaxexpensebenefit": 385000000,
        "netincomeloss": 755000000,
        "earningspersharebasic": 2.2399999999999998,
        "weightedaveragenumberofsharesoutstandingbasic": -686000000,
        "earningspersharediluted": 2.2200000000000006,
        "weightedaveragenumberofdilutedsharesoutstanding": -689000000,
        "commonstockdividendspersharecashpaid": 0.35,
        "othercomprehensiveincomedefinedbenefitplansnetunamortizedgainlossarisingduringperiodnetoftax": 32000000,
        "othercomprehensiveincomelossnetoftax": 25000000,
        "comprehensiveincomenetoftax": 780000000,
        "othercomprehensiveincomedefinedbenefitplansnetunamortizedgainlossarisingduringperiodtax": 19000000
    },
    {
        "date": "2012-09-29",
        "symbol": "MPC",
        "period": "Q3",
        "refiningandmarketingrevenue": 21047000000,
        "revenuefromrelatedparties": 2000000,
        "incomelossfromequitymethodinvestments": -1000000,
        "gainlossondispositionofassets": 175000000,
        "otheroperatingincome": 18000000,
        "totalrevenuesandotherincome": 21249000000,
        "refiningandmarketingcosts": 17190000000,
        "costsandexpensesrelatedparty": 84000000,
        "exciseandsalestaxes": 1463000000,
        "depreciationdepletionandamortization": 246000000,
        "sellinggeneralandadministrativeexpense": 305000000,
        "taxesexcludingincomeandexcisetaxes": 66000000,
        "costsandexpenses": 19354000000,
        "incomelossfromcontinuingoperations": -33000000,
        "interestandotherfinancialincomefromrelatedparties": 1000000,
        "investmentincomenonoperating": -26000000,
        "incomelossfromcontinuingoperationsbeforeincometaxesextraordinaryitemsnoncontrollinginterest": -33000000,
        "incometaxexpensebenefit": 646000000,
        "netincomeloss": 1224000000,
        "earningspersharebasic": 3.61,
        "weightedaveragenumberofsharesoutstandingbasic": 338000000,
        "earningspersharediluted": 3.59,
        "weightedaveragenumberofdilutedsharesoutstanding": 340000000,
        "commonstockdividendspersharecashpaid": 0.35,
        "othercomprehensiveincomedefinedbenefitplansnetunamortizedgainlossarisingduringperiodnetoftax": -9000000,
        "othercomprehensiveincomelossamortizationpensionandotherpostretirementbenefitplansnetpriorservicecostrecognizedinnetperiodicpensioncostnetoftax": -17000000,
        "othercomprehensiveincomelossnetoftax": 8000000,
        "comprehensiveincomenetoftax": 1232000000,
        "othercomprehensiveincomedefinedbenefitplansnetunamortizedgainlossarisingduringperiodtax": -5000000,
        "othercomprehensiveincomeamortizationofdefinedbenefitplannetpriorservicecostrecognizedinnetperiodicpensioncosttax": 10000000
    },
    {
        "date": "2012-06-29",
        "symbol": "MPC",
        "period": "Q2",
        "refiningandmarketingrevenue": 20240000000,
        "revenuefromrelatedparties": 2000000,
        "incomelossfromequitymethodinvestments": -1000000,
        "gainlossondispositionofassets": 1000000,
        "otheroperatingincome": 4000000,
        "totalrevenuesandotherincome": 20257000000,
        "refiningandmarketingcosts": 16789000000,
        "costsandexpensesrelatedparty": 57000000,
        "exciseandsalestaxes": 1428000000,
        "depreciationdepletionandamortization": 236000000,
        "sellinggeneralandadministrativeexpense": 376000000,
        "taxesexcludingincomeandexcisetaxes": 64000000,
        "costsandexpenses": 18950000000,
        "incomelossfromcontinuingoperations": -83000000,
        "investmentincomenonoperating": -17000000,
        "incomelossfromcontinuingoperationsbeforeincometaxesextraordinaryitemsnoncontrollinginterest": -83000000,
        "incometaxexpensebenefit": 476000000,
        "netincomeloss": 814000000,
        "earningspersharebasic": 2.39,
        "weightedaveragenumberofsharesoutstandingbasic": 340000000,
        "earningspersharediluted": 2.38,
        "weightedaveragenumberofdilutedsharesoutstanding": 341000000,
        "commonstockdividendspersharecashpaid": 0.25,
        "othercomprehensiveincomedefinedbenefitplansnetunamortizedgainlossarisingduringperiodnetoftax": 39000000,
        "othercomprehensiveincomelossamortizationpensionandotherpostretirementbenefitplansnetpriorservicecostrecognizedinnetperiodicpensioncostnetoftax": -326000000,
        "othercomprehensiveincomelossnetoftax": 365000000,
        "comprehensiveincomenetoftax": 1179000000,
        "othercomprehensiveincomedefinedbenefitplansnetunamortizedgainlossarisingduringperiodtax": 25000000,
        "othercomprehensiveincomeamortizationofdefinedbenefitplannetpriorservicecostrecognizedinnetperiodicpensioncosttax": 196000000
    },
    {
        "date": "2012-03-30",
        "symbol": "MPC",
        "period": "Q1",
        "refiningandmarketingrevenue": 3284000000,
        "revenuefromrelatedparties": 1000000,
        "incomelossfromequitymethodinvestments": 2000000,
        "gainlossondispositionofassets": 2000000,
        "otheroperatingincome": 6000000,
        "totalrevenuesandotherincome": 20275000000,
        "refiningandmarketingcosts": 17309000000,
        "costsandexpensesrelatedparty": 63000000,
        "exciseandsalestaxes": 1380000000,
        "depreciationdepletionandamortization": 230000000,
        "sellinggeneralandadministrativeexpense": 263000000,
        "taxesexcludingincomeandexcisetaxes": 74000000,
        "costsandexpenses": 19319000000,
        "incomelossfromcontinuingoperations": 50000000,
        "investmentincomenonoperating": -22000000,
        "incomelossfromcontinuingoperationsbeforeincometaxesextraordinaryitemsnoncontrollinginterest": 934000000,
        "incometaxexpensebenefit": 338000000,
        "netincomeloss": 596000000,
        "earningspersharebasic": 1.71,
        "weightedaveragenumberofsharesoutstandingbasic": 348000000,
        "earningspersharediluted": 1.7,
        "weightedaveragenumberofdilutedsharesoutstanding": 350000000,
        "commonstockdividendspersharecashpaid": 0.25,
        "othercomprehensiveincomedefinedbenefitplansnetunamortizedgainlossarisingduringperiodnetoftax": 16000000,
        "othercomprehensiveincomeamortizationofdefinedbenefitplannetpriorservicecostrecognizedinnetperiodicpensioncostnetoftax": 1000000,
        "othercomprehensiveincomelossnetoftax": 17000000,
        "comprehensiveincomenetoftax": 613000000,
        "othercomprehensiveincomedefinedbenefitplansnetunamortizedgainlossarisingduringperiodtax": 8000000,
        "othercomprehensiveincomelossamortizationpensionandotherpostretirementbenefitplansnetpriorservicecostrecognizedinnetperiodicpensioncosttaxeffect": 1000000
    }
]