[
    {
        "date": "2024-06-29",
        "symbol": "LII",
        "period": "Q2",
        "revenues": 1451100000,
        "costofgoodsandservicessold": 962900000,
        "grossprofit": 488200000,
        "sellinggeneralandadministrativeexpense": 168500000,
        "otheroperatingincomeexpensenet": -3700000,
        "gainlossonpreviousacquisition": 1600000,
        "incomelossfromequitymethodinvestments": 2500000,
        "operatingincomeloss": 320100000,
        "noncashpensionsettlementloss": 300000,
        "interestexpense": 12500000,
        "othernonoperatingincomeexpense": -300000,
        "incomelossfromcontinuingoperationsbeforeincometaxesextraordinaryitemsnoncontrollinginterest": 307000000,
        "incometaxexpensebenefit": 61100000,
        "netincomeloss": 245900000,
        "earningspersharebasic": 6.91,
        "earningspersharediluted": 6.87,
        "weightedaveragenumberofsharesoutstandingbasic": 35600000,
        "weightedaveragenumberofdilutedsharesoutstanding": 35800000,
        "othercomprehensiveincomeforeigncurrencytransactionandtranslationgainlossbeforereclassificationandtax": -6200000,
        "othercomprehensiveincomelosspensionandotherpostretirementbenefitplansadjustmentbeforereclassificationadjustmentsandtax": 1000000,
        "othercomprehensiveincomelossreclassificationadjustmentfromaocipensionandotherpostretirementbenefitplansfornetgainlossbeforetax": -100000,
        "othercomprehensiveincomelossdefinedbenefitplangainlosspensionsettlementsbeforereclassificationandtax": -300000,
        "othercomprehensiveincomelosscashflowhedgegainlossbeforereclassificationandtax": 5200000,
        "othercomprehensiveincomelosscashflowhedgegainlossreclassificationbeforetax": 1600000,
        "othercomprehensiveincomelossbeforetaxportionattributabletoparent": -3200000,
        "othercomprehensiveincomelosstax": -300000,
        "othercomprehensiveincomelossnetoftaxportionattributabletoparent": -2900000,
        "comprehensiveincomenetoftax": 243000000
    },
    {
        "date": "2023-12-30",
        "symbol": "LII",
        "period": "Q4",
        "revenues": 1154800000,
        "costofgoodsandservicessold": 800000000,
        "grossprofit": 354800000,
        "sellinggeneralandadministrativeexpense": 177900000,
        "otheroperatingincomeexpensenet": -3300000,
        "incomelossfromequitymethodinvestments": 500000,
        "operatingincomeloss": 185300000,
        "noncashpensionsettlementloss": 400000,
        "interestexpense": 11300000,
        "incomelossfromcontinuingoperationsbeforeincometaxesextraordinaryitemsnoncontrollinginterest": 173400000,
        "incometaxexpensebenefit": 28900000,
        "netincomeloss": 144500000,
        "earningspersharebasic": 4.059999999999999,
        "earningspersharediluted": 4.029999999999999,
        "othercomprehensiveincomeforeigncurrencytransactionandtranslationgainlossbeforereclassificationandtax": 3200000,
        "othercomprehensiveincomelosspensionandotherpostretirementbenefitplansadjustmentbeforereclassificationadjustmentsandtax": 700000,
        "othercomprehensiveincomelosscashflowhedgegainlossbeforereclassificationandtax": -400000,
        "othercomprehensiveincomelossreclassificationadjustmentfromaocipensionandotherpostretirementbenefitplansfornetgainlossbeforetax": -4900000,
        "othercomprehensiveincomelossbeforetaxportionattributabletoparent": 20600000,
        "othercomprehensiveincomelosstax": 500000,
        "othercomprehensiveincomelossnetoftaxportionattributabletoparent": 20100000,
        "comprehensiveincomenetoftax": 164600000
    },
    {
        "date": "2023-09-29",
        "symbol": "LII",
        "period": "Q3",
        "revenues": 3699700000,
        "costofgoodsandservicessold": 2633700000,
        "grossprofit": 428500000,
        "sellinggeneralandadministrativeexpense": 178800000,
        "otheroperatingincomeexpensenet": -4100000,
        "incomelossfromequitymethodinvestments": 4200000,
        "operatingincomeloss": 186400000,
        "noncashpensionsettlementloss": 100000,
        "interestexpense": 11200000,
        "incomelossfromcontinuingoperationsbeforeincometaxesextraordinaryitemsnoncontrollinginterest": 175200000,
        "incometaxexpensebenefit": 118700000,
        "netincomeloss": 130400000,
        "earningspersharebasic": 3.67,
        "earningspersharediluted": 3.66,
        "othercomprehensiveincomeforeigncurrencytransactionandtranslationgainlossbeforereclassificationandtax": -5600000,
        "othercomprehensiveincomelosspensionandotherpostretirementbenefitplansadjustmentbeforereclassificationadjustmentsandtax": 100000,
        "othercomprehensiveincomelossreclassificationadjustmentfromaocipensionandotherpostretirementbenefitplansfornetgainlossbeforetax": -200000,
        "othercomprehensiveincomelossdefinedbenefitplangainlosspensionsettlementsbeforereclassificationandtax": -100000,
        "othercomprehensiveincomelosscashflowhedgegainlossbeforereclassificationandtax": 3100000,
        "othercomprehensiveincomelossbeforetaxportionattributabletoparent": -400000,
        "othercomprehensiveincomelosstax": 800000,
        "othercomprehensiveincomelossnetoftaxportionattributabletoparent": -1200000,
        "comprehensiveincomenetoftax": 129200000
    },
    {
        "date": "2023-06-29",
        "symbol": "LII",
        "period": "Q2",
        "revenues": 67700000,
        "costofgoodsandservicessold": 200000,
        "grossprofit": 457900000,
        "sellinggeneralandadministrativeexpense": 181300000,
        "otheroperatingincomeexpensenet": -800000,
        "incomelossfromequitymethodinvestments": 3100000,
        "operatingincomeloss": 278900000,
        "noncashpensionsettlementloss": 100000,
        "interestexpense": 15000000,
        "incomelossfromcontinuingoperationsbeforeincometaxesextraordinaryitemsnoncontrollinginterest": 263800000,
        "incometaxexpensebenefit": -100000,
        "netincomeloss": 217200000,
        "earningspersharebasic": 6.120000000000001,
        "earningspersharediluted": 6.1,
        "weightedaveragenumberofsharesoutstandingbasic": 0,
        "weightedaveragenumberofdilutedsharesoutstanding": 0,
        "othercomprehensiveincomeforeigncurrencytransactionandtranslationgainlossbeforereclassificationandtax": 7500000,
        "othercomprehensiveincomelosspensionandotherpostretirementbenefitplansadjustmentbeforereclassificationadjustmentsandtax": 600000,
        "othercomprehensiveincomelossreclassificationadjustmentfromaocipensionandotherpostretirementbenefitplansfornetgainlossbeforetax": -200000,
        "othercomprehensiveincomelossdefinedbenefitplangainlosspensionsettlementsbeforereclassificationandtax": -100000,
        "othercomprehensiveincomelosscashflowhedgegainlossbeforereclassificationandtax": -5800000,
        "othercomprehensiveincomelosscashflowhedgegainlossreclassificationbeforetax": 0,
        "othercomprehensiveincomelossbeforetaxportionattributabletoparent": 1400000,
        "othercomprehensiveincomelosstax": -1400000,
        "othercomprehensiveincomelossnetoftaxportionattributabletoparent": 2800000,
        "comprehensiveincomenetoftax": 220000000
    },
    {
        "date": "2023-03-30",
        "symbol": "LII",
        "period": "Q1",
        "revenues": 59700000,
        "costofgoodsandservicessold": 200000,
        "grossprofit": 306600000,
        "sellinggeneralandadministrativeexpense": 167500000,
        "otheroperatingincomeexpensenet": -300000,
        "incomelossfromequitymethodinvestments": 700000,
        "operatingincomeloss": 139500000,
        "noncashpensionsettlementloss": 200000,
        "interestexpense": 14200000,
        "incomelossfromcontinuingoperationsbeforeincometaxesextraordinaryitemsnoncontrollinginterest": 125100000,
        "incometaxexpensebenefit": -100000,
        "netincomeloss": 98000000,
        "earningspersharebasic": 2.76,
        "earningspersharediluted": 2.75,
        "weightedaveragenumberofsharesoutstandingbasic": 35500000,
        "weightedaveragenumberofdilutedsharesoutstanding": 35600000,
        "othercomprehensiveincomeforeigncurrencytransactionandtranslationgainlossbeforereclassificationandtax": 6800000,
        "othercomprehensiveincomelosspensionandotherpostretirementbenefitplansadjustmentbeforereclassificationadjustmentsandtax": 100000,
        "othercomprehensiveincomelossreclassificationadjustmentfromaocipensionandotherpostretirementbenefitplansfornetgainlossbeforetax": -200000,
        "othercomprehensiveincomelossdefinedbenefitplangainlosspensionsettlementsbeforereclassificationandtax": -200000,
        "othercomprehensiveincomelosscashflowhedgegainlossbeforereclassificationandtax": 6300000,
        "othercomprehensiveincomelosscashflowhedgegainlossreclassificationbeforetax": -400000,
        "othercomprehensiveincomelossbeforetaxportionattributabletoparent": 13800000,
        "othercomprehensiveincomelosstax": 1800000,
        "othercomprehensiveincomelossnetoftaxportionattributabletoparent": 12000000,
        "comprehensiveincomenetoftax": 110000000
    },
    {
        "date": "2022-12-30",
        "symbol": "LII",
        "period": "Q4",
        "grossprofit": 285200000,
        "revenues": 63200000,
        "costofgoodsandservicessold": 1000000,
        "sellinggeneralandadministrativeexpense": 155000000,
        "otheroperatingincomeexpensenet": 500000,
        "restructuringcharges": 300000,
        "incomelossfromequitymethodinvestments": -7900000,
        "operatingincomeloss": 131600000,
        "interestexpense": 12600000,
        "othernonoperatingincomeexpense": 0,
        "incomelossfromcontinuingoperationsbeforeincometaxesextraordinaryitemsnoncontrollinginterest": 119500000,
        "incometaxexpensebenefit": -100000,
        "netincomeloss": 94400000,
        "earningspersharebasic": 2.67,
        "earningspersharediluted": 2.66,
        "weightedaveragenumberofsharesoutstandingbasic": -100000,
        "weightedaveragenumberofdilutedsharesoutstanding": -100000,
        "othercomprehensiveincomeforeigncurrencytransactionandtranslationgainlossbeforereclassificationandtax": 10500000,
        "othercomprehensiveincomelosspensionandotherpostretirementbenefitplansadjustmentbeforereclassificationadjustmentsandtax": -23900000,
        "othercomprehensiveincomelosscashflowhedgegainlossbeforereclassificationandtax": 9800000,
        "othercomprehensiveincomelossreclassificationadjustmentfromaocipensionandotherpostretirementbenefitplansfornetgainlossbeforetax": -700000,
        "othercomprehensiveincomelosscashflowhedgegainlossreclassificationbeforetax": -2800000,
        "othercomprehensiveincomelossbeforetaxportionattributabletoparent": 47500000,
        "othercomprehensiveincomelosstax": 5600000,
        "othercomprehensiveincomelossnetoftaxportionattributabletoparent": 41900000,
        "comprehensiveincomenetoftax": 136300000
    },
    {
        "date": "2022-09-29",
        "symbol": "LII",
        "period": "Q3",
        "revenues": 57400000,
        "costofgoodsandservicessold": 1700000,
        "grossprofit": 334200000,
        "sellinggeneralandadministrativeexpense": 147300000,
        "otheroperatingincomeexpensenet": -3400000,
        "restructuringcharges": 200000,
        "incomelossfromequitymethodinvestments": 2500000,
        "operatingincomeloss": 185800000,
        "noncashpensionsettlementloss": 0,
        "interestexpense": 10600000,
        "othernonoperatingincomeexpense": -600000,
        "incomelossfromcontinuingoperationsbeforeincometaxesextraordinaryitemsnoncontrollinginterest": 174600000,
        "incometaxexpensebenefit": -600000,
        "netincomeloss": 141900000,
        "earningspersharebasic": 3.9800000000000004,
        "earningspersharediluted": 3.9700000000000006,
        "weightedaveragenumberofsharesoutstandingbasic": -36100000,
        "weightedaveragenumberofdilutedsharesoutstanding": -36300000,
        "othercomprehensiveincomeforeigncurrencytransactionandtranslationgainlossbeforereclassificationandtax": -11600000,
        "othercomprehensiveincomelosspensionandotherpostretirementbenefitplansadjustmentbeforereclassificationadjustmentsandtax": 1000000,
        "othercomprehensiveincomelossreclassificationadjustmentfromaocipensionandotherpostretirementbenefitplansfornetgainlossbeforetax": -1700000,
        "othercomprehensiveincomelossdefinedbenefitplangainlosspensionsettlementsbeforereclassificationandtax": 0,
        "othercomprehensiveincomelosscashflowhedgegainlossbeforereclassificationandtax": -8400000,
        "othercomprehensiveincomelosscashflowhedgegainlossreclassificationbeforetax": -3800000,
        "othercomprehensiveincomelossbeforetaxportionattributabletoparent": -15500000,
        "othercomprehensiveincomelosstax": -900000,
        "othercomprehensiveincomelossnetoftaxportionattributabletoparent": -14600000,
        "comprehensiveincomenetoftax": 127300000
    },
    {
        "date": "2022-06-29",
        "symbol": "LII",
        "period": "Q2",
        "revenues": 61500000,
        "costofgoodsandservicessold": 1400000,
        "grossprofit": 397100000,
        "sellinggeneralandadministrativeexpense": 169600000,
        "otheroperatingincomeexpensenet": -1600000,
        "restructuringcharges": 500000,
        "incomelossfromequitymethodinvestments": 1500000,
        "operatingincomeloss": 226900000,
        "noncashpensionsettlementloss": 200000,
        "interestexpense": 8700000,
        "othernonoperatingincomeexpense": -700000,
        "incomelossfromcontinuingoperationsbeforeincometaxesextraordinaryitemsnoncontrollinginterest": 217300000,
        "incometaxexpensebenefit": -400000,
        "netincomeloss": 177200000,
        "earningspersharebasic": 4.97,
        "earningspersharediluted": 4.96,
        "weightedaveragenumberofsharesoutstandingbasic": 35600000,
        "weightedaveragenumberofdilutedsharesoutstanding": 35700000,
        "othercomprehensiveincomeforeigncurrencytransactionandtranslationgainlossbeforereclassificationandtax": -7900000,
        "othercomprehensiveincomelosspensionandotherpostretirementbenefitplansadjustmentbeforereclassificationadjustmentsandtax": 1100000,
        "othercomprehensiveincomelossreclassificationadjustmentfromaocipensionandotherpostretirementbenefitplansfornetgainlossbeforetax": -1400000,
        "othercomprehensiveincomelossdefinedbenefitplangainlosspensionsettlementsbeforereclassificationandtax": -200000,
        "othercomprehensiveincomeavailableforsalesecuritiesadjustmentbeforetaxportionattributabletoparent": 700000,
        "othercomprehensiveincomelosscashflowhedgegainlossbeforereclassificationandtax": -30900000,
        "othercomprehensiveincomelosscashflowhedgegainlossreclassificationbeforetax": 8800000,
        "othercomprehensiveincomelossbeforetaxportionattributabletoparent": -46400000,
        "othercomprehensiveincomelosstax": -9000000,
        "othercomprehensiveincomelossnetoftaxportionattributabletoparent": -37400000,
        "comprehensiveincomenetoftax": 139800000
    },
    {
        "date": "2022-03-30",
        "symbol": "LII",
        "period": "Q1",
        "revenues": 52200000,
        "costofgoodsandservicessold": 1300000,
        "grossprofit": 268200000,
        "sellinggeneralandadministrativeexpense": 155300000,
        "otheroperatingincomeexpensenet": -400000,
        "restructuringcharges": 500000,
        "incomelossfromequitymethodinvestments": -100000,
        "operatingincomeloss": 111900000,
        "noncashpensionsettlementloss": 100000,
        "interestexpense": 6800000,
        "othernonoperatingincomeexpense": -600000,
        "incomelossfromcontinuingoperationsbeforeincometaxesextraordinaryitemsnoncontrollinginterest": 104400000,
        "incometaxexpensebenefit": -200000,
        "netincomeloss": 83600000,
        "earningspersharebasic": 2.3,
        "earningspersharediluted": 2.29,
        "weightedaveragenumberofsharesoutstandingbasic": 36300000,
        "weightedaveragenumberofdilutedsharesoutstanding": 36500000,
        "othercomprehensiveincomeforeigncurrencytransactionandtranslationgainlossbeforereclassificationandtax": -1200000,
        "othercomprehensiveincomelosspensionandotherpostretirementbenefitplansadjustmentbeforereclassificationadjustmentsandtax": 1400000,
        "othercomprehensiveincomelossreclassificationadjustmentfromaocipensionandotherpostretirementbenefitplansfornetgainlossbeforetax": -1300000,
        "othercomprehensiveincomelossdefinedbenefitplangainlosspensionsettlementsbeforereclassificationandtax": -100000,
        "othercomprehensiveincomelosscashflowhedgegainlossbeforereclassificationandtax": 19600000,
        "othercomprehensiveincomelosscashflowhedgegainlossreclassificationbeforetax": 7500000,
        "othercomprehensiveincomelossbeforetaxportionattributabletoparent": 10900000,
        "othercomprehensiveincomelosstax": 3300000,
        "othercomprehensiveincomelossnetoftaxportionattributabletoparent": 7600000,
        "comprehensiveincomenetoftax": 91200000
    },
    {
        "date": "2021-12-30",
        "symbol": "LII",
        "period": "Q4",
        "grossprofit": 253600000,
        "revenues": 59000000,
        "costofgoodsandservicessold": 1900000,
        "sellinggeneralandadministrativeexpense": 151500000,
        "otheroperatingincomeexpensenet": -4500000,
        "restructuringcharges": 9200000,
        "incomelossfromequitymethodinvestments": -15300000,
        "operatingincomeloss": 97600000,
        "interestexpense": 6200000,
        "othernonoperatingincomeexpense": -1100000,
        "incomelossfromcontinuingoperationsbeforeincometaxesextraordinaryitemsnoncontrollinginterest": 90200000,
        "incometaxexpensebenefit": -400000,
        "incomelossfromcontinuingoperations": 83500000,
        "netincomeloss": 83600000,
        "incomelossfromcontinuingoperationsperbasicshare": 2.300000000000001,
        "earningspersharebasic": 2.300000000000001,
        "incomelossfromcontinuingoperationsperdilutedshare": 2.290000000000002,
        "earningspersharediluted": 2.290000000000002,
        "othercomprehensiveincomeforeigncurrencytransactionandtranslationgainlossbeforereclassificationandtax": -2200000,
        "othercomprehensiveincomelosspensionandotherpostretirementbenefitplansadjustmentbeforereclassificationadjustmentsandtax": -18900000,
        "othercomprehensiveincomelossbeforetaxportionattributabletoparent": 16000000,
        "othercomprehensiveincomelosstax": 2700000,
        "othercomprehensiveincomelossnetoftaxportionattributabletoparent": 13300000,
        "comprehensiveincomenetoftax": 96900000
    },
    {
        "date": "2021-09-29",
        "symbol": "LII",
        "period": "Q3",
        "revenues": 56800000,
        "costofgoodsandservicessold": 1700000,
        "grossprofit": 295100000,
        "sellinggeneralandadministrativeexpense": 134200000,
        "otheroperatingincomeexpensenet": -2100000,
        "restructuringcharges": 300000,
        "incomelossfromequitymethodinvestments": 4200000,
        "operatingincomeloss": 162700000,
        "interestexpense": 6500000,
        "othernonoperatingincomeexpense": -1000000,
        "incomelossfromcontinuingoperationsbeforeincometaxesextraordinaryitemsnoncontrollinginterest": 154800000,
        "incometaxexpensebenefit": -600000,
        "incomelossfromcontinuingoperations": 126300000,
        "netincomeloss": 126200000,
        "incomelossfromcontinuingoperationsperbasicshare": 3.43,
        "earningspersharebasic": 3.43,
        "incomelossfromcontinuingoperationsperdilutedshare": 3.3999999999999995,
        "earningspersharediluted": 3.3999999999999995,
        "othercomprehensiveincomeforeigncurrencytransactionandtranslationgainlossbeforereclassificationandtax": -6700000,
        "othercomprehensiveincomelosspensionandotherpostretirementbenefitplansadjustmentbeforereclassificationadjustmentsandtax": 1800000,
        "definedbenefitplanamountsrecognizedinothercomprehensiveincomelossnetgainlossbeforetax": -1700000,
        "othercomprehensiveincomelossbeforetaxportionattributabletoparent": -7900000,
        "othercomprehensiveincomelosstax": 400000,
        "othercomprehensiveincomelossnetoftaxportionattributabletoparent": -8300000,
        "comprehensiveincomenetoftax": 117900000
    },
    {
        "date": "2021-06-29",
        "symbol": "LII",
        "period": "Q2",
        "revenues": 1238900000,
        "costofgoodsandservicessold": 855700000,
        "grossprofit": 383200000,
        "sellinggeneralandadministrativeexpense": 167900000,
        "otheroperatingincomeexpensenet": -2300000,
        "restructuringcharges": 1200000,
        "incomelossfromequitymethodinvestments": 4100000,
        "operatingincomeloss": 215900000,
        "noncashpensionsettlementloss": 0,
        "interestexpense": 6300000,
        "othernonoperatingincomeexpense": -900000,
        "incomelossfromcontinuingoperationsbeforeincometaxesextraordinaryitemsnoncontrollinginterest": 208700000,
        "incometaxexpensebenefit": 38700000,
        "incomelossfromcontinuingoperations": 170000000,
        "netincomeloss": 170000000,
        "incomelossfromcontinuingoperationsperbasicshare": 4.52,
        "earningspersharebasic": 4.52,
        "incomelossfromcontinuingoperationsperdilutedshare": 4.5,
        "earningspersharediluted": 4.5,
        "othercomprehensiveincomeforeigncurrencytransactionandtranslationgainlossbeforereclassificationandtax": 4100000,
        "othercomprehensiveincomelosspensionandotherpostretirementbenefitplansadjustmentbeforereclassificationadjustmentsandtax": 2300000,
        "definedbenefitplanamountsrecognizedinothercomprehensiveincomelossnetgainlossbeforetax": -2100000,
        "othercomprehensiveincomederivativesqualifyingashedgesbeforetaxportionattributabletoparent": 11000000,
        "othercomprehensiveincomelossreclassificationadjustmentfromaocionderivativesnetoftax": 9100000,
        "othercomprehensiveincomelossbeforetaxportionattributabletoparent": 5800000,
        "othercomprehensiveincomelosstax": -300000,
        "othercomprehensiveincomelossnetoftaxportionattributabletoparent": 6100000,
        "comprehensiveincomenetoftax": 176100000
    },
    {
        "date": "2021-03-30",
        "symbol": "LII",
        "period": "Q1",
        "earningspersharediluted": 2.2,
        "revenues": 930500000,
        "costofgoodsandservicessold": 674000000,
        "grossprofit": 256500000,
        "sellinggeneralandadministrativeexpense": 145300000,
        "otheroperatingincomeexpensenet": -300000,
        "restructuringcharges": 100000,
        "incomelossfromequitymethodinvestments": 3300000,
        "operatingincomeloss": 114100000,
        "interestexpense": 6000000,
        "othernonoperatingincomeexpense": -1000000,
        "noncashpensionsettlementloss": 700000,
        "incomelossfromcontinuingoperationsbeforeincometaxesextraordinaryitemsnoncontrollinginterest": 106400000,
        "incometaxexpensebenefit": 22200000,
        "incomelossfromcontinuingoperations": 84200000,
        "netincomeloss": 84200000,
        "incomelossfromcontinuingoperationsperbasicshare": 2.22,
        "earningspersharebasic": 2.22,
        "incomelossfromcontinuingoperationsperdilutedshare": 2.2,
        "othercomprehensiveincomeforeigncurrencytransactionandtranslationgainlossbeforereclassificationandtax": -2500000,
        "othercomprehensiveincomelosspensionandotherpostretirementbenefitplansadjustmentbeforereclassificationadjustmentsandtax": 3000000,
        "definedbenefitplanamountsrecognizedinothercomprehensiveincomelossnetgainlossbeforetax": -2200000,
        "othercomprehensiveincomederivativesqualifyingashedgesbeforetaxportionattributabletoparent": 9600000,
        "othercomprehensiveincomelossreclassificationadjustmentfromaocionderivativesnetoftax": 4400000,
        "othercomprehensiveincomelossbeforetaxportionattributabletoparent": 2600000,
        "othercomprehensiveincomelosstax": 4600000,
        "othercomprehensiveincomelossnetoftaxportionattributabletoparent": -2000000,
        "comprehensiveincomenetoftax": 82200000
    },
    {
        "date": "2020-12-30",
        "symbol": "LII",
        "period": "Q4",
        "revenues": 914000000,
        "costofgoodsandservicessold": 638700000,
        "grossprofit": 275300000,
        "sellinggeneralandadministrativeexpense": 143200000,
        "otheroperatingincomeexpensenet": -1800000,
        "restructuringcharges": 200000,
        "lossgainfromnaturaldisasternetofinsurancerecoveries": -4500000,
        "incomelossfromequitymethodinvestments": 4400000,
        "operatingincomeloss": 139000000,
        "interestexpense": 6100000,
        "othernonoperatingincomeexpense": -1100000,
        "incomelossfromcontinuingoperationsbeforeincometaxesextraordinaryitemsnoncontrollinginterest": 131500000,
        "incometaxexpensebenefit": 19300000,
        "incomelossfromcontinuingoperations": 112200000,
        "incomelossfromdiscontinuedoperationsnetoftaxattributabletoreportingentity": -500000,
        "netincomeloss": 111700000,
        "incomelossfromcontinuingoperationsperbasicshare": 2.9300000000000006,
        "incomelossfromdiscontinuedoperationsnetoftaxperbasicshare": -0.01,
        "earningspersharebasic": 2.920000000000001,
        "incomelossfromcontinuingoperationsperdilutedshare": 2.9099999999999997,
        "earningspersharediluted": 2.9,
        "othercomprehensiveincomeforeigncurrencytransactionandtranslationgainlossbeforereclassificationandtax": 12600000,
        "othercomprehensiveincomelosspensionandotherpostretirementbenefitplansadjustmentbeforereclassificationadjustmentsandtax": 4200000,
        "othercomprehensiveincomederivativesqualifyingashedgesbeforetaxportionattributabletoparent": 10200000,
        "othercomprehensiveincomelossreclassificationadjustmentfromaocionderivativesnetoftax": 1800000,
        "othercomprehensiveincomelossbeforetaxportionattributabletoparent": 18600000,
        "othercomprehensiveincomelosstax": 900000,
        "othercomprehensiveincomelossnetoftaxportionattributabletoparent": 17700000,
        "comprehensiveincomenetoftax": 129400000
    },
    {
        "date": "2020-09-29",
        "symbol": "LII",
        "period": "Q3",
        "earningspersharediluted": 3.4099999999999997,
        "revenues": 1055000000,
        "costofgoodsandservicessold": 731600000,
        "grossprofit": 323400000,
        "sellinggeneralandadministrativeexpense": 152100000,
        "otheroperatingincomeexpensenet": -3000000,
        "restructuringcharges": 100000,
        "lossgainfromnaturaldisasternetofinsurancerecoveries": 5000000,
        "incomelossfromequitymethodinvestments": 3900000,
        "operatingincomeloss": 167100000,
        "interestexpense": 6600000,
        "othernonoperatingincomeexpense": -1000000,
        "incomelossfromcontinuingoperationsbeforeincometaxesextraordinaryitemsnoncontrollinginterest": 159200000,
        "incometaxexpensebenefit": 27400000,
        "incomelossfromcontinuingoperations": 131800000,
        "discontinuedoperationtaxeffectofdiscontinuedoperation": 0,
        "incomelossfromdiscontinuedoperationsnetoftaxattributabletoreportingentity": -100000,
        "netincomeloss": 131700000,
        "incomelossfromcontinuingoperationsperbasicshare": 3.4299999999999997,
        "incomelossfromdiscontinuedoperationsnetoftaxperbasicshare": -0.01,
        "earningspersharebasic": 3.42,
        "incomelossfromcontinuingoperationsperdilutedshare": 3.4099999999999997,
        "incomelossfromdiscontinuedoperationsnetoftaxperdilutedshare": 0,
        "othercomprehensiveincomeforeigncurrencytransactionandtranslationgainlossbeforereclassificationandtax": 6100000,
        "othercomprehensiveincomelosspensionandotherpostretirementbenefitplansadjustmentbeforereclassificationadjustmentsandtax": 2200000,
        "definedbenefitplanamountsrecognizedinothercomprehensiveincomelossnetgainlossbeforetax": -1500000,
        "othercomprehensiveincomederivativesqualifyingashedgesbeforetaxportionattributabletoparent": 5100000,
        "othercomprehensiveincomelossreclassificationadjustmentfromaocionderivativesnetoftax": 1500000,
        "othercomprehensiveincomelossbeforetaxportionattributabletoparent": 8100000,
        "othercomprehensiveincomelosstax": 1300000,
        "othercomprehensiveincomelossnetoftaxportionattributabletoparent": 6800000,
        "comprehensiveincomenetoftax": 138500000
    },
    {
        "date": "2020-06-29",
        "symbol": "LII",
        "period": "Q2",
        "earningspersharediluted": 2.6,
        "revenues": 941300000,
        "costofgoodsandservicessold": 665600000,
        "grossprofit": 275700000,
        "sellinggeneralandadministrativeexpense": 129500000,
        "otheroperatingincomeexpensenet": -3600000,
        "restructuringcharges": 10000000,
        "lossgainfromnaturaldisasternetofinsurancerecoveries": 1000000,
        "incomelossfromequitymethodinvestments": 4400000,
        "operatingincomeloss": 136000000,
        "interestexpense": 6900000,
        "othernonoperatingincomeexpense": -1100000,
        "incomelossfromcontinuingoperationsbeforeincometaxesextraordinaryitemsnoncontrollinginterest": 128000000,
        "incometaxexpensebenefit": 27400000,
        "incomelossfromcontinuingoperations": 100600000,
        "discontinuedoperationincomelossfromdiscontinuedoperationbeforeincometax": -800000,
        "discontinuedoperationtaxeffectofdiscontinuedoperation": -200000,
        "incomelossfromdiscontinuedoperationsnetoftaxattributabletoreportingentity": -600000,
        "netincomeloss": 100000000,
        "incomelossfromcontinuingoperationsperbasicshare": 2.63,
        "incomelossfromdiscontinuedoperationsnetoftaxperbasicshare": -0.01,
        "earningspersharebasic": 2.62,
        "incomelossfromcontinuingoperationsperdilutedshare": 2.62,
        "incomelossfromdiscontinuedoperationsnetoftaxperdilutedshare": -0.02,
        "othercomprehensiveincomeforeigncurrencytransactionandtranslationgainlossbeforereclassificationandtax": 2400000,
        "othercomprehensiveincomelosspensionandotherpostretirementbenefitplansadjustmentbeforereclassificationadjustmentsandtax": 1500000,
        "definedbenefitplanamountsrecognizedinothercomprehensiveincomelossnetgainlossbeforetax": -1400000,
        "othercomprehensiveincomederivativesqualifyingashedgesbeforetaxportionattributabletoparent": 6300000,
        "othercomprehensiveincomelossreclassificationadjustmentfromaocionderivativesnetoftax": -5800000,
        "othercomprehensiveincomelossbeforetaxportionattributabletoparent": 14400000,
        "othercomprehensiveincomelosstax": 3000000,
        "othercomprehensiveincomelossnetoftaxportionattributabletoparent": 11400000,
        "comprehensiveincomenetoftax": 111400000
    },
    {
        "date": "2020-03-30",
        "symbol": "LII",
        "period": "Q1",
        "revenues": 723800000,
        "costofgoodsandservicessold": 558100000,
        "grossprofit": 165700000,
        "sellinggeneralandadministrativeexpense": 131100000,
        "otheroperatingincomeexpensenet": 1000000,
        "restructuringcharges": 500000,
        "lossgainfromnaturaldisasternetofinsurancerecoveries": 1600000,
        "incomelossfromequitymethodinvestments": 2900000,
        "operatingincomeloss": 36400000,
        "interestexpense": 8700000,
        "othernonoperatingincomeexpense": -1200000,
        "incomelossfromcontinuingoperationsbeforeincometaxesextraordinaryitemsnoncontrollinginterest": 26500000,
        "incometaxexpensebenefit": 14000000,
        "incomelossfromcontinuingoperations": 12500000,
        "discontinuedoperationtaxeffectofdiscontinuedoperation": -400000,
        "incomelossfromdiscontinuedoperationsnetoftaxattributabletoreportingentity": 400000,
        "netincomeloss": 12900000,
        "incomelossfromcontinuingoperationsperbasicshare": 0.33,
        "incomelossfromdiscontinuedoperationsnetoftaxperbasicshare": 0.01,
        "earningspersharebasic": 0.34,
        "incomelossfromcontinuingoperationsperdilutedshare": 0.32,
        "incomelossfromdiscontinuedoperationsnetoftaxperdilutedshare": 0.01,
        "earningspersharediluted": 0.33,
        "othercomprehensiveincomeforeigncurrencytransactionandtranslationgainlossbeforereclassificationandtax": -20300000,
        "othercomprehensiveincomelosspensionandotherpostretirementbenefitplansadjustmentbeforereclassificationadjustmentsandtax": 800000,
        "definedbenefitplanamountsrecognizedinothercomprehensiveincomelossnetgainlossbeforetax": -1500000,
        "othercomprehensiveincomederivativesqualifyingashedgesbeforetaxportionattributabletoparent": -14600000,
        "othercomprehensiveincomelossreclassificationadjustmentfromaocionderivativesnetoftax": -1200000,
        "othercomprehensiveincomelossbeforetaxportionattributabletoparent": -33000000,
        "othercomprehensiveincomelosstax": -3700000,
        "othercomprehensiveincomelossnetoftaxportionattributabletoparent": -29300000,
        "comprehensiveincomenetoftax": -16400000
    },
    {
        "date": "2019-12-30",
        "symbol": "LII",
        "period": "Q4",
        "netincomeloss": 114000000,
        "othercomprehensiveincomeforeigncurrencytransactionandtranslationgainlossbeforereclassificationandtax": 6100000,
        "othercomprehensiveincomelosspensionandotherpostretirementbenefitplansadjustmentbeforereclassificationadjustmentsandtax": 17200000,
        "othercomprehensiveincomederivativesqualifyingashedgesbeforetaxportionattributabletoparent": 3600000,
        "othercomprehensiveincomelosspensionandotherpostretirementbenefitplansadjustmentbeforetax": -1300000,
        "othercomprehensiveincomelossreclassificationadjustmentfromaocionderivativesnetoftax": 0,
        "othercomprehensiveincomelossbeforetaxportionattributabletoparent": 32400000,
        "othercomprehensiveincomelosstax": 9000000,
        "othercomprehensiveincomelossnetoftaxportionattributabletoparent": 23400000,
        "comprehensiveincomenetoftax": 137400000,
        "revenues": 885000000,
        "costofgoodsandservicessold": 637100000,
        "grossprofit": 247900000,
        "sellinggeneralandadministrativeexpense": 144300000,
        "otheroperatingincomeexpensenet": -3000000,
        "restructuringcharges": 3800000,
        "gainlossondispositionofbusinessandrelatedproperty": -1500000,
        "lossgainfromnaturaldisasternetofinsurancerecoveries": -93400000,
        "incomelossfromequitymethodinvestments": 2900000,
        "operatingincomeloss": 191600000,
        "interestexpense": 11000000,
        "othernonoperatingincomeexpense": -600000,
        "incomelossfromcontinuingoperationsbeforeincometaxesextraordinaryitemsnoncontrollinginterest": 141400000,
        "incometaxexpensebenefit": 27600000,
        "incomelossfromcontinuingoperations": 113800000,
        "incomelossfromdiscontinuedoperationsnetoftaxattributabletoreportingentity": 200000,
        "incomelossfromcontinuingoperationsperbasicshare": 2.95,
        "earningspersharebasic": 2.96,
        "incomelossfromcontinuingoperationsperdilutedshare": 2.9200000000000004,
        "earningspersharediluted": 2.920000000000002,
        "weightedaveragenumberofsharesoutstandingbasic": -100000,
        "weightedaveragenumberofdilutedsharesoutstanding": -100000
    },
    {
        "date": "2019-09-29",
        "symbol": "LII",
        "period": "Q3",
        "netincomeloss": 114700000,
        "othercomprehensiveincomeforeigncurrencytransactionandtranslationgainlossbeforereclassificationandtax": -6300000,
        "othercomprehensiveincomelosspensionandotherpostretirementbenefitplansadjustmentbeforereclassificationadjustmentsandtax": -7700000,
        "othercomprehensiveincomelosspensionandotherpostretirementbenefitplansadjustmentbeforetax": -1400000,
        "othercomprehensiveincomederivativesqualifyingashedgesbeforetaxportionattributabletoparent": -3100000,
        "othercomprehensiveincomelossreclassificationadjustmentfromaocionderivativesnetoftax": -2600000,
        "othercomprehensiveincomelossbeforetaxportionattributabletoparent": 2300000,
        "othercomprehensiveincomelosstax": -100000,
        "othercomprehensiveincomelossnetoftaxportionattributabletoparent": 2400000,
        "comprehensiveincomenetoftax": 117100000,
        "revenues": 1032800000,
        "costofgoodsandservicessold": 734500000,
        "grossprofit": 298300000,
        "sellinggeneralandadministrativeexpense": 143400000,
        "otheroperatingincomeexpensenet": -2100000,
        "restructuringcharges": 6100000,
        "gainlossondispositionofbusinessandrelatedproperty": -300000,
        "lossgainfromnaturaldisasternetofinsurancerecoveries": -72600000,
        "incomelossfromequitymethodinvestments": 3300000,
        "operatingincomeloss": 156800000,
        "interestexpense": 12600000,
        "othernonoperatingincomeexpense": -500000,
        "incomelossfromcontinuingoperationsbeforeincometaxesextraordinaryitemsnoncontrollinginterest": 143700000,
        "incometaxexpensebenefit": 29100000,
        "incomelossfromcontinuingoperations": 114600000,
        "discontinuedoperationincomelossfromdiscontinuedoperationbeforeincometax": 0,
        "incomelossfromdiscontinuedoperationsnetoftaxattributabletoreportingentity": 100000,
        "incomelossfromcontinuingoperationsperbasicshare": 2.96,
        "earningspersharebasic": 2.96,
        "incomelossfromcontinuingoperationsperdilutedshare": 2.93,
        "earningspersharediluted": 2.94,
        "weightedaveragenumberofsharesoutstandingbasic": -300000,
        "weightedaveragenumberofdilutedsharesoutstanding": -300000
    },
    {
        "date": "2019-06-29",
        "symbol": "LII",
        "period": "Q2",
        "proceedsfromsaleofpropertyplantandequipment": 300000,
        "netincomeloss": 110700000,
        "othercomprehensiveincomeforeigncurrencytransactionandtranslationgainlossbeforereclassificationandtax": 3400000,
        "othercomprehensiveincomelossforeigncurrencytransactionandtranslationreclassificationadjustmentfromaocirealizeduponsaleorliquidationbeforetax": 0,
        "othercomprehensiveincomelosspensionandotherpostretirementbenefitplansadjustmentbeforereclassificationadjustmentsandtax": -4700000,
        "othercomprehensiveincomelosspensionandotherpostretirementbenefitplansadjustmentbeforetax": -1000000,
        "othercomprehensiveincomederivativesqualifyingashedgesbeforetaxportionattributabletoparent": -5400000,
        "othercomprehensiveincomelossreclassificationadjustmentfromaocionderivativesnetoftax": -1900000,
        "othercomprehensiveincomelossbeforetaxportionattributabletoparent": 66200000,
        "othercomprehensiveincomelosstax": 15600000,
        "othercomprehensiveincomelossnetoftaxportionattributabletoparent": 50600000,
        "comprehensiveincomenetoftax": 161300000,
        "revenues": 1099100000,
        "costofgoodsandservicessold": 767100000,
        "grossprofit": 332000000,
        "sellinggeneralandadministrativeexpense": 152400000,
        "otheroperatingincomeexpensenet": -2100000,
        "restructuringcharges": -100000,
        "gainlossondispositionofbusinessandrelatedproperty": -300000,
        "insuranceproceedsforlostprofits": 26000000,
        "lossgainfromnaturaldisasternetofinsurancerecoveries": -5900000,
        "incomelossfromequitymethodinvestments": 4600000,
        "operatingincomeloss": 213800000,
        "interestexpense": 13000000,
        "othernonoperatingincomeexpense": -400000,
        "incomelossfromcontinuingoperationsbeforeincometaxesextraordinaryitemsnoncontrollinginterest": 139800000,
        "incometaxexpensebenefit": 28800000,
        "incomelossfromcontinuingoperations": 111000000,
        "discontinuedoperationincomelossfromdiscontinuedoperationbeforeincometax": -300000,
        "incomelossfromdiscontinuedoperationsnetoftaxattributabletoreportingentity": -300000,
        "incomelossfromcontinuingoperationsperbasicshare": 2.83,
        "earningspersharebasic": 2.8200000000000003,
        "incomelossfromcontinuingoperationsperdilutedshare": 2.8000000000000003,
        "earningspersharediluted": 2.7899999999999996,
        "weightedaveragenumberofsharesoutstandingbasic": -300000,
        "weightedaveragenumberofdilutedsharesoutstanding": -300000
    },
    {
        "date": "2019-03-30",
        "symbol": "LII",
        "period": "Q1",
        "proceedsfromsaleofpropertyplantandequipment": 300000,
        "netincomeloss": 69300000,
        "othercomprehensiveincomeforeigncurrencytransactionandtranslationgainlossbeforereclassificationandtax": 500000,
        "othercomprehensiveincomelossforeigncurrencytransactionandtranslationreclassificationadjustmentfromaocirealizeduponsaleorliquidationbeforetax": -2100000,
        "othercomprehensiveincomelosspensionandotherpostretirementbenefitplansadjustmentbeforereclassificationadjustmentsandtax": 2300000,
        "othercomprehensiveincomelosspensionandotherpostretirementbenefitplansadjustmentbeforetax": -2000000,
        "othercomprehensiveincomederivativesqualifyingashedgesbeforetaxportionattributabletoparent": 6200000,
        "othercomprehensiveincomelossreclassificationadjustmentfromaocionderivativesnetoftax": -2400000,
        "othercomprehensiveincomelossbeforetaxportionattributabletoparent": 10900000,
        "othercomprehensiveincomelosstax": 2300000,
        "othercomprehensiveincomelossnetoftaxportionattributabletoparent": 8600000,
        "comprehensiveincomenetoftax": 77900000,
        "revenues": 790300000,
        "costofgoodsandservicessold": 588700000,
        "grossprofit": 201600000,
        "sellinggeneralandadministrativeexpense": 145800000,
        "otheroperatingincomeexpensenet": -1100000,
        "restructuringcharges": 500000,
        "gainlossondispositionofbusinessandrelatedproperty": -8500000,
        "insuranceproceedsforlostprofits": 39500000,
        "lossgainfromnaturaldisasternetofinsurancerecoveries": -6900000,
        "incomelossfromequitymethodinvestments": 2600000,
        "operatingincomeloss": 94700000,
        "interestexpense": 10900000,
        "othernonoperatingincomeexpense": -800000,
        "incomelossfromcontinuingoperationsbeforeincometaxesextraordinaryitemsnoncontrollinginterest": 83000000,
        "incometaxexpensebenefit": 13600000,
        "incomelossfromcontinuingoperations": 69400000,
        "discontinuedoperationincomelossfromdiscontinuedoperationbeforeincometax": -100000,
        "incomelossfromdiscontinuedoperationsnetoftaxattributabletoreportingentity": -100000,
        "incomelossfromcontinuingoperationsperbasicshare": 1.75,
        "earningspersharebasic": 1.75,
        "incomelossfromcontinuingoperationsperdilutedshare": 1.73,
        "earningspersharediluted": 1.73,
        "weightedaveragenumberofsharesoutstandingbasic": 39700000,
        "weightedaveragenumberofdilutedsharesoutstanding": 40100000
    },
    {
        "date": "2018-09-29",
        "symbol": "LII",
        "period": "Q3",
        "netincomeloss": 108000000,
        "othercomprehensiveincomeforeigncurrencytransactionandtranslationgainlossbeforereclassificationandtax": 3500000,
        "othercomprehensiveincomelosspensionandotherpostretirementbenefitplansadjustmentbeforereclassificationadjustmentsandtax": 2400000,
        "othercomprehensiveincomelosspensionandotherpostretirementbenefitplansadjustmentbeforetax": -2300000,
        "othercomprehensiveincomederivativesqualifyingashedgesbeforetaxportionattributabletoparent": -3900000,
        "othercomprehensiveincomelossreclassificationadjustmentfromaocionderivativesnetoftax": 100000,
        "othercomprehensiveincomelossbeforetaxportionattributabletoparent": 4400000,
        "othercomprehensiveincomelosstax": -1000000,
        "othercomprehensiveincomelossnetoftaxportionattributabletoparent": -2500000,
        "comprehensiveincomenetoftax": -154100000,
        "costofgoodsandservicessold": 2300000,
        "grossprofit": 400000,
        "sellinggeneralandadministrativeexpense": 0,
        "otheroperatingincomeexpensenet": 100000,
        "restructuringcharges": 200000,
        "incomelossfromequitymethodinvestments": -154600000,
        "operatingincomeloss": -154100000,
        "interestexpense": 2000000,
        "othernonoperatingincomeexpense": 1000000,
        "incomelossfromcontinuingoperationsbeforeincometaxesextraordinaryitemsnoncontrollinginterest": -154100000,
        "incometaxexpensebenefit": 100000,
        "incomelossfromcontinuingoperations": -154100000,
        "incomelossfromcontinuingoperationsperbasicshare": 2.670000000000001,
        "earningspersharebasic": 2.670000000000001,
        "incomelossfromcontinuingoperationsperdilutedshare": 2.6400000000000006,
        "earningspersharediluted": 2.6400000000000006,
        "weightedaveragenumberofsharesoutstandingbasic": -300000,
        "weightedaveragenumberofdilutedsharesoutstanding": -300000,
        "commonstockdividendspersharedeclared": 0.6400000000000001
    },
    {
        "date": "2018-06-29",
        "symbol": "LII",
        "period": "Q2",
        "netincomeloss": 137600000,
        "othercomprehensiveincomeforeigncurrencytransactionandtranslationgainlossbeforereclassificationandtax": -20800000,
        "othercomprehensiveincomelosspensionandotherpostretirementbenefitplansadjustmentbeforereclassificationadjustmentsandtax": 1600000,
        "othercomprehensiveincomelosspensionandotherpostretirementbenefitplansadjustmentbeforetax": -2400000,
        "othercomprehensiveincomeavailableforsalesecuritiesadjustmentbeforetaxportionattributabletoparent": 0,
        "othercomprehensiveincomederivativesqualifyingashedgesbeforetaxportionattributabletoparent": -700000,
        "othercomprehensiveincomelossreclassificationadjustmentfromaocionderivativesnetoftax": 2600000,
        "othercomprehensiveincomelossbeforetaxportionattributabletoparent": -400000,
        "othercomprehensiveincomelosstax": -700000,
        "othercomprehensiveincomelossnetoftaxportionattributabletoparent": 14500000,
        "comprehensiveincomenetoftax": -215800000,
        "salesrevenuenet": 994100000,
        "costofgoodsandservicessold": -606900000,
        "grossprofit": -225200000,
        "sellinggeneralandadministrativeexpense": -155700000,
        "otheroperatingincomeexpensenet": 7500000,
        "restructuringcharges": 200000,
        "gainlossondispositionofassets1": 41700000,
        "incomelossfromequitymethodinvestments": -203800000,
        "operatingincomeloss": -254600000,
        "interestexpense": -3600000,
        "othernonoperatingincomeexpense": -800000,
        "incomelossfromcontinuingoperationsbeforeincometaxesextraordinaryitemsnoncontrollinginterest": -245600000,
        "incometaxexpensebenefit": -4500000,
        "incomelossfromcontinuingoperations": -239700000,
        "incomelossfromcontinuingoperationsperbasicshare": 3.3999999999999995,
        "earningspersharebasic": 3.3599999999999994,
        "incomelossfromcontinuingoperationsperdilutedshare": 3.36,
        "earningspersharediluted": 3.32,
        "weightedaveragenumberofsharesoutstandingbasic": -400000,
        "weightedaveragenumberofdilutedsharesoutstanding": -500000,
        "commonstockdividendspersharedeclared": 0.6399999999999999
    },
    {
        "date": "2018-03-30",
        "symbol": "LII",
        "period": "Q1",
        "netincomeloss": 37900000,
        "othercomprehensiveincomeforeigncurrencytransactionandtranslationgainlossbeforereclassificationandtax": 7900000,
        "othercomprehensiveincomelosspensionandotherpostretirementbenefitplansadjustmentbeforereclassificationadjustmentsandtax": 2300000,
        "othercomprehensiveincomelosspensionandotherpostretirementbenefitplansadjustmentbeforetax": -2300000,
        "othercomprehensiveincomeavailableforsalesecuritiesadjustmentbeforetaxportionattributabletoparent": -1800000,
        "othercomprehensiveincomederivativesqualifyingashedgesbeforetaxportionattributabletoparent": -4300000,
        "othercomprehensiveincomelossreclassificationadjustmentfromaocionderivativesnetoftax": 4600000,
        "othercomprehensiveincomelossbeforetaxportionattributabletoparent": -2800000,
        "othercomprehensiveincomelosstax": 21100000,
        "othercomprehensiveincomelossnetoftaxportionattributabletoparent": -23900000,
        "comprehensiveincomenetoftax": 14000000,
        "salesrevenuenet": 175600000,
        "costofgoodsandservicessold": 611600000,
        "grossprofit": 223200000,
        "sellinggeneralandadministrativeexpense": 155200000,
        "otheroperatingincomeexpensenet": -7300000,
        "restructuringcharges": 100000,
        "gainlossondispositionofassets1": -10300000,
        "incomelossfromequitymethodinvestments": 3500000,
        "operatingincomeloss": 53000000,
        "interestexpense": 8400000,
        "othernonoperatingincomeexpense": -600000,
        "incomelossfromcontinuingoperationsbeforeincometaxesextraordinaryitemsnoncontrollinginterest": 44000000,
        "incometaxexpensebenefit": 6100000,
        "incomelossfromcontinuingoperations": 37900000,
        "incomelossfromcontinuingoperationsperbasicshare": 0.91,
        "earningspersharebasic": 0.91,
        "incomelossfromcontinuingoperationsperdilutedshare": 0.9,
        "earningspersharediluted": 0.9,
        "weightedaveragenumberofsharesoutstandingbasic": 41500000,
        "weightedaveragenumberofdilutedsharesoutstanding": 42100000,
        "commonstockdividendspersharedeclared": 0.51
    },
    {
        "date": "2017-12-30",
        "symbol": "LII",
        "period": "Q4",
        "netincomeloss": 527100000,
        "othercomprehensiveincomeforeigncurrencytransactionandtranslationgainlossbeforereclassificationandtax": -5500000,
        "othercomprehensiveincomelosspensionandotherpostretirementbenefitplansadjustmentbeforereclassificationadjustmentsandtax": -2900000,
        "othercomprehensiveincomeavailableforsalesecuritiesadjustmentbeforetaxportionattributabletoparent": -700000,
        "othercomprehensiveincomederivativesqualifyingashedgesbeforetaxportionattributabletoparent": 5700000,
        "othercomprehensiveincomelosspensionandotherpostretirementbenefitplansadjustmentbeforetax": 2100000,
        "othercomprehensiveincomelossreclassificationadjustmentfromaocionderivativesnetoftax": 4400000,
        "othercomprehensiveincomelossbeforetaxportionattributabletoparent": -300000,
        "othercomprehensiveincomelosstax": 100000,
        "othercomprehensiveincomelossnetoftaxportionattributabletoparent": -18400000,
        "comprehensiveincomenetoftax": -194000000,
        "salesrevenuenet": 476600000,
        "costofgoodsandservicessold": -578900000,
        "grossprofit": -212800000,
        "sellinggeneralandadministrativeexpense": -152300000,
        "otheroperatingincomeexpensenet": 3300000,
        "restructuringcharges": 200000,
        "incomelossfromequitymethodinvestments": 272200000,
        "operatingincomeloss": -192100000,
        "interestexpense": 5900000,
        "incomelossfromcontinuingoperationsbeforeincometaxesextraordinaryitemsnoncontrollinginterest": -184900000,
        "incometaxexpensebenefit": -7200000,
        "incomelossfromcontinuingoperations": -174300000,
        "incomelossfromcontinuingoperationsperbasicshare": 1.0300000000000007,
        "earningspersharebasic": 1.0299999999999994,
        "incomelossfromcontinuingoperationsperdilutedshare": 1.0099999999999998,
        "earningspersharediluted": 1.0099999999999993,
        "weightedaveragenumberofsharesoutstandingbasic": -84800000,
        "weightedaveragenumberofdilutedsharesoutstanding": -86000000,
        "commonstockdividendspersharedeclared": 0.51
    },
    {
        "date": "2017-09-29",
        "symbol": "LII",
        "period": "Q3",
        "netincomeloss": -126700000,
        "othercomprehensiveincomeforeigncurrencytransactionandtranslationgainlossbeforereclassificationandtax": 10200000,
        "othercomprehensiveincomelosspensionandotherpostretirementbenefitplansadjustmentbeforereclassificationadjustmentsandtax": 2700000,
        "othercomprehensiveincomelosspensionandotherpostretirementbenefitplansadjustmentbeforetax": -1800000,
        "othercomprehensiveincomeavailableforsalesecuritiesadjustmentbeforetaxportionattributabletoparent": 100000,
        "othercomprehensiveincomederivativesqualifyingashedgesbeforetaxportionattributabletoparent": 3400000,
        "othercomprehensiveincomelossreclassificationadjustmentfromaocionderivativesnetoftax": 3500000,
        "othercomprehensiveincomelossbeforetaxportionattributabletoparent": 9300000,
        "othercomprehensiveincomelosstax": -100000,
        "othercomprehensiveincomelossnetoftaxportionattributabletoparent": 400000,
        "comprehensiveincomenetoftax": -126700000,
        "salesrevenuenet": 590500000,
        "costofgoodsandservicessold": 1800000,
        "grossprofit": 1900000,
        "sellinggeneralandadministrativeexpense": -800000,
        "otheroperatingincomeexpensenet": -200000,
        "restructuringcharges": 700000,
        "incomelossfromequitymethodinvestments": -128900000,
        "operatingincomeloss": -126200000,
        "interestexpense": 6200000,
        "othernonoperatingincomeexpense": 200000,
        "incomelossfromcontinuingoperationsbeforeincometaxesextraordinaryitemsnoncontrollinginterest": -126000000,
        "incometaxexpensebenefit": 1300000,
        "incomelossfromcontinuingoperations": -126700000,
        "discontinuedoperationincomelossfromdiscontinuedoperationbeforeincometax": -800000,
        "discontinuedoperationtaxeffectofdiscontinuedoperation": -300000,
        "incomelossfromdiscontinuedoperationsnetoftaxattributabletoreportingentity": -500000,
        "incomelossfromcontinuingoperationsperbasicshare": 2.48,
        "incomelossfromdiscontinuedoperationsnetoftaxperbasicshare": -0.01,
        "earningspersharebasic": 2.47,
        "incomelossfromcontinuingoperationsperdilutedshare": 2.45,
        "incomelossfromdiscontinuedoperationsnetoftaxperdilutedshare": -0.01,
        "earningspersharediluted": 2.44,
        "weightedaveragenumberofsharesoutstandingbasic": 41900000,
        "weightedaveragenumberofdilutedsharesoutstanding": 42400000,
        "commonstockdividendspersharedeclared": 0.51
    },
    {
        "date": "2017-06-29",
        "symbol": "LII",
        "period": "Q2",
        "netincomeloss": -138200000,
        "othercomprehensiveincomeforeigncurrencytransactionandtranslationgainlossbeforereclassificationandtax": 13300000,
        "othercomprehensiveincomelosspensionandotherpostretirementbenefitplansadjustmentbeforereclassificationadjustmentsandtax": 3200000,
        "othercomprehensiveincomelosspensionandotherpostretirementbenefitplansadjustmentbeforetax": -1900000,
        "othercomprehensiveincomeavailableforsalesecuritiesadjustmentbeforetaxportionattributabletoparent": -700000,
        "othercomprehensiveincomederivativesqualifyingashedgesbeforetaxportionattributabletoparent": 600000,
        "othercomprehensiveincomelossreclassificationadjustmentfromaocionderivativesnetoftax": 2800000,
        "othercomprehensiveincomelossbeforetaxportionattributabletoparent": 9100000,
        "othercomprehensiveincomelosstax": -1000000,
        "othercomprehensiveincomelossnetoftaxportionattributabletoparent": 1100000,
        "comprehensiveincomenetoftax": -137100000,
        "salesrevenuenet": 653500000,
        "costofgoodsandservicessold": 1900000,
        "grossprofit": -1600000,
        "sellinggeneralandadministrativeexpense": -200000,
        "otheroperatingincomeexpensenet": 100000,
        "restructuringcharges": 100000,
        "incomelossfromequitymethodinvestments": -137100000,
        "operatingincomeloss": -138400000,
        "interestexpense": 7400000,
        "othernonoperatingincomeexpense": 100000,
        "incomelossfromcontinuingoperationsbeforeincometaxesextraordinaryitemsnoncontrollinginterest": -138400000,
        "incometaxexpensebenefit": 1000000,
        "incomelossfromcontinuingoperations": -138200000,
        "discontinuedoperationincomelossfromdiscontinuedoperationbeforeincometax": -1500000,
        "discontinuedoperationtaxeffectofdiscontinuedoperation": -600000,
        "incomelossfromdiscontinuedoperationsnetoftaxattributabletoreportingentity": -900000,
        "incomelossfromcontinuingoperationsperbasicshare": 2.75,
        "incomelossfromdiscontinuedoperationsnetoftaxperbasicshare": -0.02,
        "earningspersharebasic": 2.73,
        "incomelossfromcontinuingoperationsperdilutedshare": 2.71,
        "incomelossfromdiscontinuedoperationsnetoftaxperdilutedshare": -0.02,
        "earningspersharediluted": 2.69,
        "weightedaveragenumberofsharesoutstandingbasic": 42300000,
        "weightedaveragenumberofdilutedsharesoutstanding": 42900000,
        "commonstockdividendspersharedeclared": 0.51
    },
    {
        "date": "2017-03-30",
        "symbol": "LII",
        "period": "Q1",
        "netincomeloss": 43500000,
        "othercomprehensiveincomeforeigncurrencytransactionandtranslationgainlossbeforereclassificationandtax": 15900000,
        "othercomprehensiveincomelosspensionandotherpostretirementbenefitplansadjustmentbeforereclassificationadjustmentsandtax": 2300000,
        "othercomprehensiveincomelosspensionandotherpostretirementbenefitplansadjustmentbeforetax": -1900000,
        "othercomprehensiveincomeavailableforsalesecuritiesadjustmentbeforetaxportionattributabletoparent": 800000,
        "othercomprehensiveincomederivativesqualifyingashedgesbeforetaxportionattributabletoparent": 6400000,
        "othercomprehensiveincomelossreclassificationadjustmentfromaocionderivativesnetoftax": 3000000,
        "othercomprehensiveincomelossbeforetaxportionattributabletoparent": 19700000,
        "othercomprehensiveincomelosstax": 1100000,
        "othercomprehensiveincomelossnetoftaxportionattributabletoparent": 18600000,
        "comprehensiveincomenetoftax": 62100000,
        "salesrevenuenet": 419800000,
        "costofgoodsandservicessold": 582500000,
        "grossprofit": 210900000,
        "sellinggeneralandadministrativeexpense": 152400000,
        "otheroperatingincomeexpensenet": -3100000,
        "restructuringcharges": 100000,
        "incomelossfromequitymethodinvestments": 5500000,
        "operatingincomeloss": 60800000,
        "interestexpense": 7400000,
        "incomelossfromcontinuingoperationsbeforeincometaxesextraordinaryitemsnoncontrollinginterest": 53400000,
        "incometaxexpensebenefit": 9900000,
        "incomelossfromcontinuingoperations": 43500000,
        "incomelossfromcontinuingoperationsperbasicshare": 1.02,
        "earningspersharebasic": 1.02,
        "incomelossfromcontinuingoperationsperdilutedshare": 1,
        "earningspersharediluted": 1,
        "weightedaveragenumberofsharesoutstandingbasic": 42800000,
        "weightedaveragenumberofdilutedsharesoutstanding": 43500000,
        "commonstockdividendspersharedeclared": 0.43
    },
    {
        "date": "2016-12-30",
        "symbol": "LII",
        "period": "Q4",
        "netincomeloss": 544200000,
        "othercomprehensiveincomeforeigncurrencytransactionandtranslationgainlossbeforereclassificationandtax": -22900000,
        "othercomprehensiveincomelosspensionandotherpostretirementbenefitplansadjustmentbeforereclassificationadjustmentsandtax": -14900000,
        "othercomprehensiveincomeavailableforsalesecuritiesadjustmentbeforetaxportionattributabletoparent": -300000,
        "othercomprehensiveincomederivativesqualifyingashedgesbeforetaxportionattributabletoparent": 8400000,
        "othercomprehensiveincomelosspensionandotherpostretirementbenefitplansadjustmentbeforetax": -12800000,
        "othercomprehensiveincomelossreclassificationadjustmentfromaocionderivativesnetoftax": -1700000,
        "othercomprehensiveincomelossbeforetaxportionattributabletoparent": 3300000,
        "othercomprehensiveincomelosstax": 11400000,
        "othercomprehensiveincomelossnetoftaxportionattributabletoparent": 0,
        "comprehensiveincomenetoftax": -63100000,
        "salesrevenuenet": 476300000,
        "costofgoodsandservicessold": 1500000,
        "grossprofit": 1300000,
        "sellinggeneralandadministrativeexpense": 35100000,
        "otheroperatingincomeexpensenet": 100000,
        "incomelossfromequitymethodinvestments": 279500000,
        "operatingincomeloss": -62600000,
        "interestexpense": 6700000,
        "incomelossfromcontinuingoperationsbeforeincometaxesextraordinaryitemsnoncontrollinginterest": -62600000,
        "incometaxexpensebenefit": -600000,
        "incomelossfromcontinuingoperations": -63100000,
        "incomelossfromcontinuingoperationsperbasicshare": 0.9500000000000005,
        "earningspersharebasic": 0.939999999999999,
        "incomelossfromcontinuingoperationsperdilutedshare": 0.9499999999999997,
        "earningspersharediluted": 0.94,
        "weightedaveragenumberofsharesoutstandingbasic": -200000,
        "weightedaveragenumberofdilutedsharesoutstanding": -200000,
        "commonstockdividendspersharedeclared": 0.42999999999999994
    },
    {
        "date": "2016-09-29",
        "symbol": "LII",
        "period": "Q3",
        "netincomeloss": -113700000,
        "othercomprehensiveincomeforeigncurrencytransactionandtranslationgainlossbeforereclassificationandtax": -3100000,
        "othercomprehensiveincomelosspensionandotherpostretirementbenefitplansadjustmentbeforereclassificationadjustmentsandtax": 400000,
        "othercomprehensiveincomelosspensionandotherpostretirementbenefitplansadjustmentbeforetax": -1700000,
        "othercomprehensiveincomeavailableforsalesecuritiesadjustmentbeforetaxportionattributabletoparent": -1200000,
        "othercomprehensiveincomederivativesqualifyingashedgesbeforetaxportionattributabletoparent": 2000000,
        "othercomprehensiveincomelossreclassificationadjustmentfromaocionderivativesnetoftax": -2400000,
        "othercomprehensiveincomelossbeforetaxportionattributabletoparent": 1400000,
        "othercomprehensiveincomelosstax": 1800000,
        "othercomprehensiveincomelossnetoftaxportionattributabletoparent": -500000,
        "comprehensiveincomenetoftax": -114200000,
        "salesrevenuenet": 572700000,
        "costofgoodsandservicessold": 1700000,
        "grossprofit": -100000,
        "sellinggeneralandadministrativeexpense": 20500000,
        "otheroperatingincomeexpensenet": -500000,
        "incomelossfromequitymethodinvestments": -113700000,
        "operatingincomeloss": -113700000,
        "interestexpense": 6000000,
        "incomelossfromcontinuingoperationsbeforeincometaxesextraordinaryitemsnoncontrollinginterest": -113700000,
        "incometaxexpensebenefit": -800000,
        "incomelossfromcontinuingoperations": -113700000,
        "incomelossfromcontinuingoperationsperbasicshare": 2.35,
        "earningspersharebasic": 2.35,
        "incomelossfromcontinuingoperationsperdilutedshare": 2.32,
        "earningspersharediluted": 2.32,
        "weightedaveragenumberofsharesoutstandingbasic": -200000,
        "weightedaveragenumberofdilutedsharesoutstanding": -200000,
        "commonstockdividendspersharedeclared": 0.42999999999999994
    },
    {
        "date": "2016-06-29",
        "symbol": "LII",
        "period": "Q2",
        "netincomeloss": -177600000,
        "othercomprehensiveincomeforeigncurrencytransactionandtranslationgainlossbeforereclassificationandtax": 4900000,
        "othercomprehensiveincomelosspensionandotherpostretirementbenefitplansadjustmentbeforereclassificationadjustmentsandtax": 2200000,
        "othercomprehensiveincomelosspensionandotherpostretirementbenefitplansadjustmentbeforetax": -1300000,
        "othercomprehensiveincomeavailableforsalesecuritiesadjustmentbeforetaxportionattributabletoparent": -500000,
        "othercomprehensiveincomederivativesqualifyingashedgesbeforetaxportionattributabletoparent": -2900000,
        "othercomprehensiveincomelossreclassificationadjustmentfromaocionderivativesnetoftax": -3400000,
        "othercomprehensiveincomelossbeforetaxportionattributabletoparent": 4000000,
        "othercomprehensiveincomelosstax": -100000,
        "othercomprehensiveincomelossnetoftaxportionattributabletoparent": -2800000,
        "comprehensiveincomenetoftax": -180400000,
        "salesrevenuenet": 574500000,
        "costofgoodsandservicessold": -108200000,
        "grossprofit": -34500000,
        "sellinggeneralandadministrativeexpense": 19600000,
        "otheroperatingincomeexpensenet": 1200000,
        "restructuringcharges": 0,
        "incomelossfromequitymethodinvestments": -123300000,
        "operatingincomeloss": -182100000,
        "interestexpense": 6400000,
        "incomelossfromcontinuingoperationsbeforeincometaxesextraordinaryitemsnoncontrollinginterest": -176800000,
        "incometaxexpensebenefit": -1400000,
        "incomelossfromcontinuingoperations": -177600000,
        "incomelossfromcontinuingoperationsperbasicshare": 2.54,
        "earningspersharebasic": 2.5300000000000002,
        "incomelossfromcontinuingoperationsperdilutedshare": 2.51,
        "earningspersharediluted": 2.5,
        "weightedaveragenumberofsharesoutstandingbasic": -200000,
        "weightedaveragenumberofdilutedsharesoutstanding": -300000,
        "commonstockdividendspersharedeclared": 0.43000000000000005
    },
    {
        "date": "2016-03-30",
        "symbol": "LII",
        "period": "Q1",
        "netincomeloss": 24900000,
        "othercomprehensiveincomeforeigncurrencytransactionandtranslationgainlossbeforereclassificationandtax": 9500000,
        "othercomprehensiveincomelosspensionandotherpostretirementbenefitplansadjustmentbeforereclassificationadjustmentsandtax": 1900000,
        "othercomprehensiveincomelosspensionandotherpostretirementbenefitplansadjustmentbeforetax": -1800000,
        "othercomprehensiveincomeavailableforsalesecuritiesadjustmentbeforetaxportionattributabletoparent": -100000,
        "othercomprehensiveincomederivativesqualifyingashedgesbeforetaxportionattributabletoparent": 2300000,
        "othercomprehensiveincomelossreclassificationadjustmentfromaocionderivativesnetoftax": -4800000,
        "othercomprehensiveincomelossbeforetaxportionattributabletoparent": 16400000,
        "othercomprehensiveincomelosstax": 2400000,
        "othercomprehensiveincomelossnetoftaxportionattributabletoparent": 4600000,
        "comprehensiveincomenetoftax": 29500000,
        "salesrevenuenet": 377300000,
        "costofgoodsandservicessold": 111300000,
        "grossprofit": 32500000,
        "sellinggeneralandadministrativeexpense": 21500000,
        "otheroperatingincomeexpensenet": -600000,
        "restructuringcharges": 100000,
        "incomelossfromequitymethodinvestments": -28100000,
        "operatingincomeloss": 28700000,
        "interestexpense": 5300000,
        "incomelossfromcontinuingoperationsbeforeincometaxesextraordinaryitemsnoncontrollinginterest": 23400000,
        "incometaxexpensebenefit": -1500000,
        "incomelossfromcontinuingoperations": 24900000,
        "incomelossfromcontinuingoperationsperbasicshare": 0.57,
        "earningspersharebasic": 0.57,
        "incomelossfromcontinuingoperationsperdilutedshare": 0.56,
        "earningspersharediluted": 0.56,
        "weightedaveragenumberofsharesoutstandingbasic": 44000000,
        "weightedaveragenumberofdilutedsharesoutstanding": 44700000,
        "commonstockdividendspersharedeclared": 0.36
    },
    {
        "date": "2015-12-30",
        "symbol": "LII",
        "period": "Q4",
        "netincomeloss": 11300000,
        "othercomprehensiveincomeforeigncurrencytransactionandtranslationgainlossbeforereclassificationandtax": -2600000,
        "othercomprehensiveincomelosspensionandotherpostretirementbenefitplansadjustmentbeforereclassificationadjustmentsandtax": -10100000,
        "othercomprehensiveincomederivativesqualifyingashedgesbeforetaxportionattributabletoparent": -3800000,
        "othercomprehensiveincomelossreclassificationadjustmentfromaocionderivativesnetoftax": -3100000,
        "othercomprehensiveincomelossbeforetaxportionattributabletoparent": 9700000,
        "othercomprehensiveincomelosstax": 4600000,
        "othercomprehensiveincomelossnetoftaxportionattributabletoparent": -600000,
        "comprehensiveincomenetoftax": 10600000,
        "salesrevenuenet": 431300000,
        "costofgoodsandservicessold": 3600000,
        "grossprofit": 42900000,
        "sellinggeneralandadministrativeexpense": 26900000,
        "otheroperatingincomeexpensenet": 400000,
        "restructuringcharges": 3500000,
        "incomelossfromequitymethodinvestments": -176600000,
        "operatingincomeloss": 15000000,
        "interestexpense": 5300000,
        "incomelossfromcontinuingoperationsbeforeincometaxesextraordinaryitemsnoncontrollinginterest": 9700000,
        "incometaxexpensebenefit": -1200000,
        "incomelossfromcontinuingoperations": 11200000,
        "incomelossfromcontinuingoperationsperbasicshare": 0.25000000000000006,
        "earningspersharebasic": 0.24999999999999983,
        "incomelossfromcontinuingoperationsperdilutedshare": 0.2500000000000005,
        "earningspersharediluted": 0.2399999999999996,
        "weightedaveragenumberofsharesoutstandingbasic": 0,
        "weightedaveragenumberofdilutedsharesoutstanding": 0,
        "commonstockdividendspersharedeclared": 0.3599999999999998
    },
    {
        "date": "2015-09-29",
        "symbol": "LII",
        "period": "Q3",
        "netincomeloss": 80200000,
        "othercomprehensiveincomeforeigncurrencytransactionandtranslationgainlossbeforereclassificationandtax": -28600000,
        "othercomprehensiveincomelosspensionandotherpostretirementbenefitplansadjustmentbeforereclassificationadjustmentsandtax": 1000000,
        "othercomprehensiveincomederivativesqualifyingashedgesbeforetaxportionattributabletoparent": -10400000,
        "othercomprehensiveincomelossreclassificationadjustmentfromaocionderivativesnetoftax": -3200000,
        "othercomprehensiveincomelossbeforetaxportionattributabletoparent": -33200000,
        "othercomprehensiveincomelosstax": -2300000,
        "othercomprehensiveincomelossnetoftaxportionattributabletoparent": -4200000,
        "comprehensiveincomenetoftax": 76000000,
        "salesrevenuenet": 518000000,
        "costofgoodsandservicessold": -118800000,
        "grossprofit": 35000000,
        "sellinggeneralandadministrativeexpense": 19800000,
        "otheroperatingincomeexpensenet": -600000,
        "restructuringcharges": -2200000,
        "incomelossfromequitymethodinvestments": 84100000,
        "operatingincomeloss": 83500000,
        "interestexpense": 5400000,
        "incomelossfromcontinuingoperationsbeforeincometaxesextraordinaryitemsnoncontrollinginterest": 78100000,
        "incometaxexpensebenefit": -200000,
        "incomelossfromcontinuingoperations": 80200000,
        "discontinuedoperationincomelossfromdiscontinuedoperationbeforeincometax": 0,
        "discontinuedoperationtaxeffectofdiscontinuedoperation": 0,
        "incomelossfromdiscontinuedoperationsnetoftaxattributabletoreportingentity": 0,
        "incomelossfromcontinuingoperationsperbasicshare": 1.7999999999999998,
        "earningspersharebasic": 1.8000000000000003,
        "incomelossfromcontinuingoperationsperdilutedshare": 1.7599999999999998,
        "earningspersharediluted": 1.7600000000000002,
        "weightedaveragenumberofsharesoutstandingbasic": -44800000,
        "weightedaveragenumberofdilutedsharesoutstanding": -45500000,
        "commonstockdividendspersharedeclared": 0.36000000000000004
    },
    {
        "date": "2015-06-29",
        "symbol": "LII",
        "period": "Q2",
        "netincomeloss": 81200000,
        "othercomprehensiveincomeforeigncurrencytransactionandtranslationgainlossbeforereclassificationandtax": -200000,
        "othercomprehensiveincomelosspensionandotherpostretirementbenefitplansadjustmentbeforereclassificationadjustmentsandtax": 2800000,
        "othercomprehensiveincomelosspensionandotherpostretirementbenefitplansadjustmentbeforetax": -2000000,
        "othercomprehensiveincomeavailableforsalesecuritiesadjustmentbeforetaxportionattributabletoparent": 400000,
        "othercomprehensiveincomederivativesqualifyingashedgesbeforetaxportionattributabletoparent": -2300000,
        "othercomprehensiveincomelossreclassificationadjustmentfromaocionderivativesnetoftax": -2800000,
        "othercomprehensiveincomelossbeforetaxportionattributabletoparent": -100000,
        "othercomprehensiveincomelosstax": 100000,
        "othercomprehensiveincomelossnetoftaxportionattributabletoparent": 300000,
        "comprehensiveincomenetoftax": 81500000,
        "salesrevenuenet": 555100000,
        "costofgoodsandservicessold": 2000000,
        "grossprofit": 36600000,
        "sellinggeneralandadministrativeexpense": 22800000,
        "otheroperatingincomeexpensenet": -400000,
        "restructuringcharges": 2300000,
        "incomelossfromequitymethodinvestments": 85600000,
        "operatingincomeloss": 85200000,
        "interestexpense": 6200000,
        "incomelossfromcontinuingoperationsbeforeincometaxesextraordinaryitemsnoncontrollinginterest": 79000000,
        "incometaxexpensebenefit": -1000000,
        "incomelossfromcontinuingoperations": 81200000,
        "discontinuedoperationincomelossfromdiscontinuedoperationbeforeincometax": -700000,
        "discontinuedoperationtaxeffectofdiscontinuedoperation": -300000,
        "incomelossfromdiscontinuedoperationsnetoftaxattributabletoreportingentity": -400000,
        "incomelossfromcontinuingoperationsperbasicshare": 1.81,
        "incomelossfromdiscontinuedoperationsnetoftaxperbasicshare": -0.01,
        "earningspersharebasic": 1.8,
        "incomelossfromcontinuingoperationsperdilutedshare": 1.79,
        "incomelossfromdiscontinuedoperationsnetoftaxperdilutedshare": -0.01,
        "earningspersharediluted": 1.78,
        "weightedaveragenumberofsharesoutstandingbasic": 45000000,
        "weightedaveragenumberofdilutedsharesoutstanding": 45600000,
        "commonstockdividendspersharedeclared": 0.36
    },
    {
        "date": "2015-03-30",
        "symbol": "LII",
        "period": "Q1",
        "netincomeloss": 13900000,
        "othercomprehensiveincomeforeigncurrencytransactionandtranslationgainlossbeforereclassificationandtax": -27300000,
        "othercomprehensiveincomelosspensionandotherpostretirementbenefitplansadjustmentbeforereclassificationadjustmentsandtax": 600000,
        "othercomprehensiveincomelossreclassificationadjustmentfromaocipensionandotherpostretirementbenefitplansbeforetax": 2000000,
        "othercomprehensiveincomederivativesqualifyingashedgesbeforetaxportionattributabletoparent": -1900000,
        "othercomprehensiveincomelossreclassificationadjustmentfromaocionderivativesnetoftax": -3400000,
        "othercomprehensiveincomelossbeforetaxportionattributabletoparent": -24400000,
        "othercomprehensiveincomelosstax": 800000,
        "othercomprehensiveincomelossnetoftaxportionattributabletoparent": 1000000,
        "comprehensiveincomenetoftax": 14900000,
        "salesrevenuenet": 362500000,
        "costofgoodsandservicessold": 122900000,
        "grossprofit": 30900000,
        "sellinggeneralandadministrativeexpense": 25400000,
        "otheroperatingincomeexpensenet": -100000,
        "restructuringcharges": 100000,
        "incomelossfromequitymethodinvestments": 17500000,
        "operatingincomeloss": 17400000,
        "interestexpense": 5500000,
        "incomelossfromcontinuingoperationsbeforeincometaxesextraordinaryitemsnoncontrollinginterest": 11900000,
        "incometaxexpensebenefit": -2000000,
        "incomelossfromcontinuingoperations": 13900000,
        "discontinuedoperationincomelossfromdiscontinuedoperationbeforeincometax": -200000,
        "discontinuedoperationtaxeffectofdiscontinuedoperation": -100000,
        "incomelossfromdiscontinuedoperationsnetoftaxattributabletoreportingentity": -100000,
        "incomelossfromcontinuingoperationsperbasicshare": 0.31,
        "earningspersharebasic": 0.31,
        "incomelossfromcontinuingoperationsperdilutedshare": 0.31,
        "earningspersharediluted": 0.31,
        "weightedaveragenumberofsharesoutstandingbasic": 44700000,
        "weightedaveragenumberofdilutedsharesoutstanding": 45500000,
        "commonstockdividendspersharedeclared": 0.3
    },
    {
        "date": "2014-12-30",
        "symbol": "LII",
        "period": "Q4",
        "netincomeloss": 393300000,
        "othercomprehensiveincomeforeigncurrencytransactionandtranslationgainlossbeforereclassificationandtax": -28100000,
        "othercomprehensiveincomelosspensionandotherpostretirementbenefitplansadjustmentbeforereclassificationadjustmentsandtax": 73100000,
        "othercomprehensiveincomeavailableforsalesecuritiesadjustmentbeforetaxportionattributabletoparent": -1400000,
        "othercomprehensiveincomederivativesqualifyingashedgesbeforetaxportionattributabletoparent": -5300000,
        "othercomprehensiveincomelosspensionandotherpostretirementbenefitplansadjustmentbeforetax": 70800000,
        "othercomprehensiveincomelossreclassificationadjustmentfromaocionderivativesnetoftax": -800000,
        "othercomprehensiveincomelossbeforetaxportionattributabletoparent": -104200000,
        "othercomprehensiveincomelosstax": -27600000,
        "othercomprehensiveincomelossnetoftaxportionattributabletoparent": -3000000,
        "comprehensiveincomenetoftax": 158100000,
        "salesrevenuenet": 1130000000,
        "costofgoodsandservicessold": -454000000,
        "grossprofit": 191300000,
        "sellinggeneralandadministrativeexpense": 56600000,
        "otheroperatingincomeexpensenet": -3900000,
        "restructuringcharges": 200000,
        "incomelossfromequitymethodinvestments": -156300000,
        "operatingincomeloss": 26700000,
        "interestexpense": 18200000,
        "incomelossfromcontinuingoperationsbeforeincometaxesextraordinaryitemsnoncontrollinginterest": 8500000,
        "incometaxexpensebenefit": -32500000,
        "incomelossfromcontinuingoperations": 149600000,
        "incomelossfromcontinuingoperationsperbasicshare": 1.0199999999999996,
        "earningspersharebasic": 0.9899999999999998,
        "incomelossfromcontinuingoperationsperdilutedshare": 1.0100000000000002,
        "earningspersharediluted": 0.9700000000000008,
        "weightedaveragenumberofsharesoutstandingbasic": -800000,
        "weightedaveragenumberofdilutedsharesoutstanding": -900000,
        "commonstockdividendspersharedeclared": 0.2999999999999998
    },
    {
        "date": "2014-09-29",
        "symbol": "LII",
        "period": "Q3",
        "netincomeloss": -267500000,
        "othercomprehensiveincomeforeigncurrencytransactionandtranslationgainlossbeforereclassificationandtax": -26500000,
        "othercomprehensiveincomelosspensionandotherpostretirementbenefitplansadjustmentbeforereclassificationadjustmentsandtax": 600000,
        "othercomprehensiveincomelosspensionandotherpostretirementbenefitplansadjustmentbeforetax": -1400000,
        "othercomprehensiveincomeavailableforsalesecuritiesadjustmentbeforetaxportionattributabletoparent": 1000000,
        "othercomprehensiveincomederivativesqualifyingashedgesbeforetaxportionattributabletoparent": -2800000,
        "othercomprehensiveincomelossreclassificationadjustmentfromaocionderivativesnetoftax": -1000000,
        "othercomprehensiveincomelossbeforetaxportionattributabletoparent": -26500000,
        "othercomprehensiveincomelosstax": -500000,
        "othercomprehensiveincomelossnetoftaxportionattributabletoparent": 9200000,
        "comprehensiveincomenetoftax": 166800000,
        "salesrevenuenet": 213500000,
        "costofgoodsandservicessold": 548200000,
        "grossprofit": -98200000,
        "sellinggeneralandadministrativeexpense": 13500000,
        "otheroperatingincomeexpensenet": 1400000,
        "restructuringcharges": 1100000,
        "incomelossfromequitymethodinvestments": 278700000,
        "operatingincomeloss": 75300000,
        "interestexpense": -8700000,
        "incomelossfromcontinuingoperationsbeforeincometaxesextraordinaryitemsnoncontrollinginterest": 139900000,
        "incometaxexpensebenefit": 31300000,
        "incomelossfromcontinuingoperations": 23000000,
        "incomelossfromcontinuingoperationsperbasicshare": 1.3900000000000001,
        "earningspersharebasic": 1.3900000000000001,
        "incomelossfromcontinuingoperationsperdilutedshare": 1.37,
        "earningspersharediluted": 1.3699999999999997,
        "weightedaveragenumberofsharesoutstandingbasic": -49100000,
        "weightedaveragenumberofdilutedsharesoutstanding": -50000000,
        "commonstockdividendspersharedeclared": 0.30000000000000004
    },
    {
        "date": "2014-06-29",
        "symbol": "LII",
        "period": "Q2",
        "netincomeloss": 63900000,
        "othercomprehensiveincomeforeigncurrencytransactionandtranslationgainlossbeforereclassificationandtax": 6300000,
        "othercomprehensiveincomelosspensionandotherpostretirementbenefitplansadjustmentbeforereclassificationadjustmentsandtax": 1800000,
        "othercomprehensiveincomelosspensionandotherpostretirementbenefitplansadjustmentbeforetax": -1300000,
        "othercomprehensiveincomeavailableforsalesecuritiesadjustmentbeforetaxportionattributabletoparent": 600000,
        "othercomprehensiveincomederivativesqualifyingashedgesbeforetaxportionattributabletoparent": 3000000,
        "othercomprehensiveincomelossreclassificationadjustmentfromaocionderivativesnetoftax": -2800000,
        "othercomprehensiveincomelossbeforetaxportionattributabletoparent": 12200000,
        "othercomprehensiveincomelosstax": 2000000,
        "othercomprehensiveincomelossnetoftaxportionattributabletoparent": -5700000,
        "comprehensiveincomenetoftax": -93700000,
        "salesrevenuenet": 210400000,
        "costofgoodsandservicessold": -41900000,
        "grossprofit": 53400000,
        "sellinggeneralandadministrativeexpense": 17700000,
        "otheroperatingincomeexpensenet": -300000,
        "restructuringcharges": 100000,
        "incomelossfromequitymethodinvestments": -87000000,
        "operatingincomeloss": 91100000,
        "interestexpense": 3500000,
        "incomelossfromcontinuingoperationsbeforeincometaxesextraordinaryitemsnoncontrollinginterest": 38700000,
        "incometaxexpensebenefit": -400000,
        "incomelossfromcontinuingoperations": 24800000,
        "discontinuedoperationincomelossfromdiscontinuedoperationbeforeincometax": -1100000,
        "discontinuedoperationtaxeffectofdiscontinuedoperation": -400000,
        "incomelossfromdiscontinuedoperationsnetoftaxattributabletoreportingentity": -700000,
        "incomelossfromcontinuingoperationsperbasicshare": 1.53,
        "incomelossfromdiscontinuedoperationsnetoftaxperbasicshare": -0.02,
        "earningspersharebasic": 1.51,
        "incomelossfromcontinuingoperationsperdilutedshare": 1.5,
        "incomelossfromdiscontinuedoperationsnetoftaxperdilutedshare": -0.01,
        "earningspersharediluted": 1.49,
        "weightedaveragenumberofsharesoutstandingbasic": 48800000,
        "weightedaveragenumberofdilutedsharesoutstanding": 49600000,
        "commonstockdividendspersharedeclared": 0.3
    },
    {
        "date": "2014-03-30",
        "symbol": "LII",
        "period": "Q1",
        "netincomeloss": 16100000,
        "othercomprehensiveincomeforeigncurrencytransactionandtranslationgainlossbeforereclassificationandtax": 2600000,
        "othercomprehensiveincomelosspensionandotherpostretirementbenefitplansadjustmentbeforereclassificationadjustmentsandtax": 400000,
        "othercomprehensiveincomelosspensionandotherpostretirementbenefitplansadjustmentbeforetax": -1300000,
        "othercomprehensiveincomeavailableforsalesecuritiesadjustmentbeforetaxportionattributabletoparent": 500000,
        "othercomprehensiveincomederivativesqualifyingashedgesbeforetaxportionattributabletoparent": -7000000,
        "othercomprehensiveincomelossreclassificationadjustmentfromaocionderivativesnetoftax": -1100000,
        "othercomprehensiveincomelossbeforetaxportionattributabletoparent": -1900000,
        "othercomprehensiveincomelosstax": -1900000,
        "othercomprehensiveincomelossnetoftaxportionattributabletoparent": -4600000,
        "comprehensiveincomenetoftax": -29300000,
        "salesrevenuenet": 182600000,
        "costofgoodsandservicessold": -45400000,
        "grossprofit": 43200000,
        "sellinggeneralandadministrativeexpense": 31400000,
        "otheroperatingincomeexpensenet": -800000,
        "restructuringcharges": 100000,
        "incomelossfromequitymethodinvestments": -24100000,
        "operatingincomeloss": 23300000,
        "interestexpense": 3000000,
        "incomelossfromcontinuingoperationsbeforeincometaxesextraordinaryitemsnoncontrollinginterest": 13300000,
        "incometaxexpensebenefit": -400000,
        "incomelossfromcontinuingoperations": 8600000,
        "incomelossfromcontinuingoperationsperbasicshare": 0.41,
        "earningspersharebasic": 0.41,
        "incomelossfromcontinuingoperationsperdilutedshare": 0.4,
        "earningspersharediluted": 0.4,
        "weightedaveragenumberofsharesoutstandingbasic": 49000000,
        "weightedaveragenumberofdilutedsharesoutstanding": 49900000,
        "commonstockdividendspersharedeclared": 0.24
    },
    {
        "date": "2013-12-30",
        "symbol": "LII",
        "period": "Q4",
        "netincomeloss": 35200000,
        "othercomprehensiveincomeforeigncurrencytransactionandtranslationgainlossbeforereclassificationandtax": -9100000,
        "othercomprehensiveincomeavailableforsalesecuritiesadjustmentbeforetaxportionattributabletoparent": -600000,
        "othercomprehensiveincomederivativesqualifyingashedgesbeforetaxportionattributabletoparent": 1500000,
        "othercomprehensiveincomelosspensionandotherpostretirementbenefitplansadjustmentbeforetax": -67200000,
        "othercomprehensiveincomelossbeforetaxportionattributabletoparent": 58300000,
        "othercomprehensiveincomelosstax": 25500000,
        "othercomprehensiveincomelossnetoftaxportionattributabletoparent": -8000000,
        "comprehensiveincomenetoftax": 68000000,
        "salesrevenuenet": 1938600000,
        "costofgoodsandservicessold": 785500000,
        "grossprofit": 658600000,
        "sellinggeneralandadministrativeexpense": 340900000,
        "restructuringcharges": 1300000,
        "incomelossfromequitymethodinvestments": 173000000,
        "operatingincomeloss": 92200000,
        "interestexpense": 15500000,
        "incomelossfromcontinuingoperationsbeforeincometaxesextraordinaryitemsnoncontrollinginterest": -19900000,
        "incometaxexpensebenefit": -1300000,
        "incomelossfromcontinuingoperations": -86800000,
        "incomelossfromdiscontinuedoperationsnetoftaxattributabletoreportingentity": 17400000,
        "incomelossfromcontinuingoperationsperbasicshare": 0.69,
        "earningspersharebasic": 0.7200000000000001,
        "incomelossfromcontinuingoperationsperdilutedshare": 0.6799999999999999,
        "earningspersharediluted": 0.7000000000000001,
        "weightedaveragenumberofsharesoutstandingbasic": -200000,
        "commonstockdividendspersharedeclared": 0.23999999999999994
    },
    {
        "date": "2013-09-29",
        "symbol": "LII",
        "period": "Q3",
        "netincomeloss": 71200000,
        "othercomprehensiveincomeforeigncurrencytransactionandtranslationgainlossbeforereclassificationandtax": 6800000,
        "othercomprehensiveincomelosspensionandotherpostretirementbenefitplansadjustmentbeforetax": 600000,
        "othercomprehensiveincomeavailableforsalesecuritiesadjustmentbeforetaxportionattributabletoparent": -1500000,
        "othercomprehensiveincomederivativesqualifyingashedgesbeforetaxportionattributabletoparent": 4900000,
        "othercomprehensiveincomelossbeforetaxportionattributabletoparent": 11700000,
        "othercomprehensiveincomelosstax": 2500000,
        "othercomprehensiveincomelossnetoftaxportionattributabletoparent": 800000,
        "comprehensiveincomenetoftax": 73500000,
        "salesrevenuenet": 221600000,
        "costofgoodsandservicessold": -25500000,
        "grossprofit": 3500000,
        "sellinggeneralandadministrativeexpense": 29500000,
        "gainslossesandotherexpensesnet": 2100000,
        "restructuringcharges": 200000,
        "incomelossfromequitymethodinvestments": 2500000,
        "operatingincomeloss": 74200000,
        "interestexpense": -400000,
        "othernonoperatingincomeexpense": 0,
        "incomelossfromcontinuingoperationsbeforeincometaxesextraordinaryitemsnoncontrollinginterest": 79500000,
        "incometaxexpensebenefit": -600000,
        "incomelossfromcontinuingoperations": 71200000,
        "incomelossfromdiscontinuedoperationsnetoftaxattributabletoreportingentity": -100000,
        "incomelossfromcontinuingoperationsperbasicshare": 1.3199999999999998,
        "earningspersharebasic": 1.29,
        "incomelossfromcontinuingoperationsperdilutedshare": 1.3,
        "earningspersharediluted": 1.27,
        "weightedaveragenumberofsharesoutstandingbasic": -200000,
        "commonstockdividendspersharedeclared": 0.24000000000000005
    },
    {
        "date": "2013-06-29",
        "symbol": "LII",
        "period": "Q2",
        "netincomeloss": 67000000,
        "othercomprehensiveincomeforeigncurrencytransactionandtranslationgainlossbeforereclassificationandtax": -24400000,
        "othercomprehensiveincomelosspensionandotherpostretirementbenefitplansadjustmentbeforetax": -300000,
        "othercomprehensiveincomeavailableforsalesecuritiesadjustmentbeforetaxportionattributabletoparent": -3200000,
        "othercomprehensiveincomederivativesqualifyingashedgesbeforetaxportionattributabletoparent": -8100000,
        "othercomprehensiveincomelossbeforetaxportionattributabletoparent": -33800000,
        "othercomprehensiveincomelosstax": -2300000,
        "othercomprehensiveincomelossnetoftaxportionattributabletoparent": 47100000,
        "comprehensiveincomenetoftax": 32800000,
        "salesrevenuenet": 208200000,
        "costofgoodsandservicessold": -270500000,
        "grossprofit": -121400000,
        "sellinggeneralandadministrativeexpense": 33700000,
        "gainslossesandotherexpensesnet": -200000,
        "restructuringcharges": 1100000,
        "incomelossfromequitymethodinvestments": 3400000,
        "operatingincomeloss": 58600000,
        "interestexpense": -600000,
        "othernonoperatingincomeexpense": 200000,
        "incomelossfromcontinuingoperationsbeforeincometaxesextraordinaryitemsnoncontrollinginterest": 96000000,
        "incometaxexpensebenefit": -2000000,
        "incomelossfromcontinuingoperations": 59900000,
        "discontinuedoperationincomelossfromdiscontinuedoperationbeforeincometax": 0,
        "discontinuedoperationtaxeffectofdiscontinuedoperation": 0,
        "incomelossfromdiscontinuedoperationsnetoftaxattributabletoreportingentity": -17600000,
        "incomelossfromcontinuingoperationsperbasicshare": 1.28,
        "incomelossfromdiscontinuedoperationsnetoftaxperbasicshare": 0,
        "earningspersharebasic": 1.28,
        "incomelossfromcontinuingoperationsperdilutedshare": 1.26,
        "incomelossfromdiscontinuedoperationsnetoftaxperdilutedshare": 0,
        "earningspersharediluted": 1.26,
        "weightedaveragenumberofsharesoutstandingbasic": -100000,
        "weightedaveragenumberofdilutedsharesoutstanding": 0,
        "commonstockdividendspersharedeclared": 0.24
    },
    {
        "date": "2013-03-30",
        "symbol": "LII",
        "period": "Q1",
        "netincomeloss": -1600000,
        "othercomprehensiveincomeforeigncurrencytransactionandtranslationgainlossbeforereclassificationandtax": -4000000,
        "othercomprehensiveincomelossforeigncurrencytransactionandtranslationreclassificationadjustmentrealizeduponsaleorliquidationbeforetax": -41100000,
        "othercomprehensiveincomelosspensionandotherpostretirementbenefitplansadjustmentbeforetax": -900000,
        "othercomprehensiveincomeavailableforsalesecuritiesadjustmentbeforetaxportionattributabletoparent": -1500000,
        "othercomprehensiveincomederivativesqualifyingashedgesbeforetaxportionattributabletoparent": -5100000,
        "othercomprehensiveincomelossreclassificationadjustmentonderivativesincludedinnetincomenetoftax": -400000,
        "othercomprehensiveincomelossbeforetaxportionattributabletoparent": -51200000,
        "othercomprehensiveincomelosstax": -1900000,
        "othercomprehensiveincomelossnetoftaxportionattributabletoparent": -46000000,
        "comprehensiveincomenetoftax": -41300000,
        "salesrevenuenet": 189500000,
        "costofgoodsandservicessold": 143300000,
        "grossprofit": 116300000,
        "sellinggeneralandadministrativeexpense": 33000000,
        "gainslossesandotherexpensesnet": 300000,
        "restructuringcharges": 300000,
        "incomelossfromequitymethodinvestments": 2800000,
        "operatingincomeloss": 10500000,
        "interestexpense": -500000,
        "othernonoperatingincomeexpense": -100000,
        "incomelossfromcontinuingoperationsbeforeincometaxesextraordinaryitemsnoncontrollinginterest": 11000000,
        "incometaxexpensebenefit": -1300000,
        "incomelossfromcontinuingoperations": 5500000,
        "discontinuedoperationincomelossfromdiscontinuedoperationbeforeincometax": -13400000,
        "discontinuedoperationtaxeffectofdiscontinuedoperation": -5600000,
        "incomelossfromdiscontinuedoperationsnetoftaxattributabletoreportingentity": -7800000,
        "incomelossfromcontinuingoperationsperbasicshare": 0.32,
        "incomelossfromdiscontinuedoperationsnetoftaxperbasicshare": -0.16,
        "earningspersharebasic": 0.16,
        "incomelossfromcontinuingoperationsperdilutedshare": 0.31,
        "incomelossfromdiscontinuedoperationsnetoftaxperdilutedshare": -0.15,
        "earningspersharediluted": 0.16,
        "weightedaveragenumberofsharesoutstandingbasic": 50300000,
        "weightedaveragenumberofdilutedsharesoutstanding": 51000000,
        "commonstockdividendspersharedeclared": 0.2
    },
    {
        "date": "2012-12-30",
        "symbol": "LII",
        "period": "Q4",
        "netincomeloss": -46600000,
        "othercomprehensiveincomelossnetoftaxportionattributabletoparent": -10700000,
        "comprehensiveincomenetoftax": 9900000,
        "salesrevenuenet": 1717500000,
        "costofgoodsandservicessold": -1603600000,
        "grossprofit": -413000000,
        "sellinggeneralandadministrativeexpense": -153800000,
        "gainslossesandotherexpensesnet": 3200000,
        "restructuringcharges": 900000,
        "incomelossfromequitymethodinvestments": 95900000,
        "operatingincomeloss": -263100000,
        "interestexpense": 4700000,
        "incometaxexpensebenefit": 3900000,
        "incomelossfromcontinuingoperations": -205600000,
        "discontinuedoperationincomelossfromdiscontinuedoperationbeforeincometax": -7700000,
        "discontinuedoperationtaxeffectofdiscontinuedoperation": -3200000,
        "incomelossfromdiscontinuedoperationsnetoftaxattributabletoreportingentity": -13900000,
        "commonstockdividendspersharedeclared": 0.19999999999999996
    },
    {
        "date": "2012-09-29",
        "symbol": "LII",
        "period": "Q3",
        "netincomeloss": 21800000,
        "othercomprehensiveincomederivativesqualifyingashedgesnetoftaxportionattributabletoparent": 900000,
        "othercomprehensiveincomelossnetoftaxportionattributabletoparent": -10000000,
        "comprehensiveincomenetoftax": 58900000,
        "salesrevenuenet": 175700000,
        "costofgoodsandservicessold": 1244700000,
        "grossprofit": 361700000,
        "sellinggeneralandadministrativeexpense": 207100000,
        "gainslossesandotherexpensesnet": 100000,
        "restructuringcharges": 100000,
        "incomelossfromequitymethodinvestments": -131600000,
        "operatingincomeloss": 86600000,
        "interestexpense": -10600000,
        "incometaxexpensebenefit": -3600000,
        "incomelossfromcontinuingoperations": 68400000,
        "discontinuedoperationincomelossfromdiscontinuedoperationbeforeincometax": -41500000,
        "discontinuedoperationtaxeffectofdiscontinuedoperation": -15900000,
        "incomelossfromdiscontinuedoperationsnetoftaxattributabletoreportingentity": -15500000,
        "commonstockdividendspersharedeclared": 0.20000000000000007
    },
    {
        "date": "2012-06-29",
        "symbol": "LII",
        "period": "Q2",
        "salesrevenuenet": 226400000,
        "costofgoodsandservicessold": 100000,
        "grossprofit": -100000,
        "sellinggeneralandadministrativeexpense": 38000000,
        "gainslossesandotherexpensesnet": -600000,
        "restructuringcharges": 200000,
        "incomelossfromequitymethodinvestments": 50300000,
        "operatingincomeloss": 50800000,
        "interestexpense": 4400000,
        "othernonoperatingincomeexpense": -100000,
        "incomelossfromcontinuingoperationsbeforeincometaxesextraordinaryitemsnoncontrollinginterest": 46400000,
        "incometaxexpensebenefit": -1400000,
        "incomelossfromcontinuingoperations": 3100000,
        "discontinuedoperationincomelossfromdiscontinuedoperationbeforeincometax": -7200000,
        "discontinuedoperationtaxeffectofdiscontinuedoperation": -3700000,
        "incomelossfromdiscontinuedoperationsnetoftaxattributabletoreportingentity": 6300000,
        "netincomeloss": 47800000,
        "incomelossfromcontinuingoperationsperbasicshare": 0.95,
        "incomelossfromdiscontinuedoperationsnetoftaxperbasicshare": -0.07,
        "earningspersharebasic": 0.88,
        "incomelossfromcontinuingoperationsperdilutedshare": 0.93,
        "incomelossfromdiscontinuedoperationsnetoftaxperdilutedshare": -0.06,
        "earningspersharediluted": 0.87,
        "weightedaveragenumberofsharesoutstandingbasic": 51000000,
        "weightedaveragenumberofdilutedsharesoutstanding": 51600000,
        "commonstockdividendspersharedeclared": 0.18,
        "othercomprehensiveincomeforeigncurrencytransactionandtranslationgainlossbeforereclassificationandtax": -20400000,
        "othercomprehensiveincomelossforeigncurrencytransactionandtranslationreclassificationadjustmentrealizeduponsaleorliquidationbeforetax": -3700000,
        "othercomprehensiveincomederivativesqualifyingashedgesnetoftaxportionattributabletoparent": -2500000,
        "othercomprehensiveincomelossreclassificationadjustmentonderivativesincludedinnetincomenetoftax": 1600000,
        "othercomprehensiveincomelossnetoftaxportionattributabletoparent": -4500000,
        "comprehensiveincomenetoftax": 19700000,
        "othercomprehensiveincomelossderivativesqualifyingashedgestax": -1300000
    },
    {
        "date": "2012-03-30",
        "symbol": "LII",
        "period": "Q1",
        "salesrevenuenet": 208100000,
        "costofgoodsandservicessold": 156900000,
        "grossprofit": 51200000,
        "sellinggeneralandadministrativeexpense": 41400000,
        "gainslossesandotherexpensesnet": -1600000,
        "restructuringcharges": 200000,
        "incomelossfromequitymethodinvestments": -6800000,
        "operatingincomeloss": -5200000,
        "interestexpense": 4400000,
        "incomelossfromcontinuingoperationsbeforeincometaxes": -9600000,
        "incometaxexpensebenefit": 1000000,
        "incomelossfromcontinuingoperations": 3300000,
        "discontinuedoperationincomelossfromdiscontinuedoperationbeforeincometax": -8500000,
        "discontinuedoperationtaxeffectofdiscontinuedoperation": 2900000,
        "incomelossfromdiscontinuedoperationsnetoftaxattributabletoreportingentity": -3400000,
        "netincomeloss": -8600000,
        "incomelossfromcontinuingoperationsperbasicanddilutedshare": -0.01,
        "incomelossfromdiscontinuedoperationsnetoftaxperbasicanddilutedshare": -0.11,
        "earningspersharebasicanddiluted": -0.12,
        "weightedaveragenumberofsharesoutstandingbasicanddiluted": 50900000,
        "commonstockdividendspersharedeclared": 0.18,
        "othercomprehensiveincomeforeigncurrencytransactionandtranslationadjustmentnetoftaxportionattributabletoparent": 15300000,
        "othercomprehensiveincomederivativesqualifyingashedgesnetoftaxportionattributabletoparent": 5100000,
        "othercomprehensiveincomereclassificationadjustmentonderivativesincludedinnetincomenetoftax": -2000000,
        "othercomprehensiveincomelossnetoftaxportionattributabletoparent": 22400000,
        "comprehensiveincomenetoftax": 16300000,
        "othercomprehensiveincomederivativesqualifyingashedgestaxeffectperiodincreasedecrease": 3800000
    },
    {
        "date": "2011-12-30",
        "symbol": "LII",
        "period": "Q4",
        "salesrevenuenet": 244400000,
        "costofgoodsandservicessold": 100000,
        "grossprofit": -100000,
        "sellinggeneralandadministrativeexpense": 48700000,
        "gainslossesandotherexpensesnet": 7600000,
        "restructuringcharges": 400000,
        "incomelossfromequitymethodinvestments": 38400000,
        "operatingincomeloss": 30700000,
        "interestexpense": 4400000,
        "incomelossfromcontinuingoperationsbeforeincometaxes": 26300000,
        "incometaxexpensebenefit": -4000000,
        "incomelossfromcontinuingoperations": 44400000,
        "netincomeloss": 2600000,
        "commonstockdividendspersharedeclared": 0.17999999999999994
    },
    {
        "date": "2011-09-29",
        "symbol": "LII",
        "period": "Q3",
        "salesrevenuenet": -170400000,
        "costofgoodsandservicessold": -1079200000,
        "grossprofit": -353500000,
        "sellinggeneralandadministrativeexpense": -86300000,
        "gainslossesandotherexpensesnet": 5000000,
        "restructuringcharges": -2400000,
        "incomelossfromequitymethodinvestments": 39200000,
        "operatingincomeloss": 160800000,
        "interestexpense": 4300000,
        "incomelossfromcontinuingoperationsbeforeincometaxes": 41300000,
        "incometaxexpensebenefit": -200000,
        "incomelossfromcontinuingoperations": 33800000,
        "netincomeloss": 81300000,
        "commonstockdividendspersharedeclared": 0.18000000000000005
    },
    {
        "date": "2011-06-29",
        "symbol": "LII",
        "period": "Q2",
        "salesrevenuenet": 198300000,
        "costofgoodsandservicessold": 556700000,
        "grossprofit": 188200000,
        "sellinggeneralandadministrativeexpense": 44400000,
        "gainslossesandotherexpensesnet": -200000,
        "restructuringcharges": 2500000,
        "incomelossfromequitymethodinvestments": 55100000,
        "operatingincomeloss": -61500000,
        "interestexpense": 4000000,
        "othernonoperatingincomeexpense": -100000,
        "incomelossfromcontinuingoperationsbeforeincometaxes": 49700000,
        "incometaxexpensebenefit": -1700000,
        "incomelossfromcontinuingoperations": 45000000,
        "netincomeloss": 11600000,
        "incomelossfromcontinuingoperationsperbasicshare": 0.85,
        "earningspersharebasic": 0.85,
        "incomelossfromcontinuingoperationsperdilutedshare": 0.83,
        "earningspersharediluted": 0.83,
        "weightedaveragenumberofsharesoutstandingbasic": 53200000,
        "weightedaveragenumberofdilutedsharesoutstanding": 54300000,
        "commonstockdividendspersharedeclared": 0.18
    },
    {
        "date": "2011-03-30",
        "symbol": "LII",
        "period": "Q1",
        "salesrevenuenet": 687800000,
        "costofgoodsandservicessold": 522600000,
        "grossprofit": 165200000,
        "sellinggeneralandadministrativeexpense": 173900000,
        "gainslossesandotherexpensesnet": -300000,
        "restructuringcharges": 1200000,
        "incomelossfromequitymethodinvestments": 2600000,
        "operatingincomeloss": -7000000,
        "interestexpense": 4100000,
        "incomelossfromcontinuingoperationsbeforeincometaxes": -11100000,
        "incometaxexpensebenefit": -3900000,
        "incomelossfromcontinuingoperations": -7200000,
        "netincomeloss": -7200000,
        "incomelossfromcontinuingoperationsperbasicanddilutedshare": -0.13,
        "earningspersharebasicanddiluted": -0.13,
        "weightedaveragenumberofsharesoutstandingbasicanddiluted": 53600000,
        "commonstockdividendspersharedeclared": 0.18
    }
]