[
    {
        "date": "2024-09-29",
        "symbol": "UTHR",
        "period": "Q3",
        "revenuefromcontractwithcustomerexcludingassessedtax": 748900000,
        "costofgoodsandservicessold": 83100000,
        "researchanddevelopmentexpense": 103500000,
        "sellinggeneralandadministrativeexpense": 219200000,
        "costsandexpenses": 405800000,
        "operatingincomeloss": 343100000,
        "investmentincomeinterest": 49800000,
        "othernonoperatingincomeexpense": 5800000,
        "nonoperatingincomeexpense": 45500000,
        "incomelossfromcontinuingoperationsbeforeincometaxesextraordinaryitemsnoncontrollinginterest": 388600000,
        "incometaxexpensebenefit": 79500000,
        "netincomeloss": 309100000,
        "earningspersharebasic": 6.940000000000001,
        "earningspersharediluted": 6.4,
        "weightedaveragenumberofsharesoutstandingbasic": 45300000,
        "weightedaveragenumberofdilutedsharesoutstanding": 48500000,
        "othercomprehensiveincomelossreclassificationadjustmentfromaocipensionandotherpostretirementbenefitplansnetoftax": -1100000,
        "othercomprehensiveincomedefinedbenefitplansadjustmentnetoftaxportionattributabletoparent": 1100000,
        "othercomprehensiveincomelossavailableforsalesecuritiesadjustmentbeforereclassificationadjustmentsnetoftax": 23400000,
        "othercomprehensiveincomeavailableforsalesecuritiesadjustmentnetoftaxportionattributabletoparent": 23400000,
        "othercomprehensiveincomelossnetoftaxportionattributabletoparent": 22300000,
        "comprehensiveincomenetoftax": 331400000,
        "othercomprehensiveincomedefinedbenefitplanstaxportionattributabletoparent": 100000,
        "othercomprehensiveincomeavailableforsalesecuritiestaxportionattributabletoparent": 7600000
    },
    {
        "date": "2024-06-29",
        "symbol": "UTHR",
        "period": "Q2",
        "revenuefromcontractwithcustomerexcludingassessedtax": 714900000,
        "costofgoodsandservicessold": 77800000,
        "researchanddevelopmentexpense": 139600000,
        "sellinggeneralandadministrativeexpense": 177600000,
        "costsandexpenses": 395000000,
        "operatingincomeloss": 319900000,
        "investmentincomeinterest": 46200000,
        "othernonoperatingincomeexpense": 800000,
        "nonoperatingincomeexpense": 35400000,
        "incomelossfromcontinuingoperationsbeforeincometaxesextraordinaryitemsnoncontrollinginterest": 355300000,
        "incometaxexpensebenefit": 77200000,
        "netincomeloss": 278100000,
        "earningspersharebasic": 6.27,
        "earningspersharediluted": 5.859999999999999,
        "weightedaveragenumberofsharesoutstandingbasic": 45700000,
        "weightedaveragenumberofdilutedsharesoutstanding": 48600000,
        "othercomprehensiveincomeforeigncurrencytransactionandtranslationadjustmentnetoftaxportionattributabletoparent": 0,
        "othercomprehensiveincomedefinedbenefitplansnetunamortizedgainlossarisingduringperiodnetoftax": 0,
        "othercomprehensiveincomelossreclassificationadjustmentfromaocipensionandotherpostretirementbenefitplansnetoftax": -1100000,
        "othercomprehensiveincomedefinedbenefitplansadjustmentnetoftaxportionattributabletoparent": 1100000,
        "othercomprehensiveincomelossavailableforsalesecuritiesadjustmentbeforereclassificationadjustmentsnetoftax": 1800000,
        "othercomprehensiveincomelossreclassificationadjustmentfromaociforsaleofsecuritiesnetoftax": 0,
        "othercomprehensiveincomeavailableforsalesecuritiesadjustmentnetoftaxportionattributabletoparent": 1800000,
        "othercomprehensiveincomelossnetoftaxportionattributabletoparent": 700000,
        "comprehensiveincomenetoftax": 278800000,
        "othercomprehensiveincomedefinedbenefitplanstaxportionattributabletoparent": 100000,
        "othercomprehensiveincomeavailableforsalesecuritiestaxportionattributabletoparent": 600000
    },
    {
        "date": "2024-03-30",
        "symbol": "UTHR",
        "period": "Q1",
        "revenuefromcontractwithcustomerexcludingassessedtax": 677700000,
        "costofgoodsandservicessold": 72900000,
        "researchanddevelopmentexpense": 104100000,
        "sellinggeneralandadministrativeexpense": 144400000,
        "costsandexpenses": 321400000,
        "operatingincomeloss": 356300000,
        "investmentincomeinterest": 53800000,
        "interestexpense": 13300000,
        "othernonoperatingincomeexpense": 1800000,
        "nonoperatingincomeexpense": 42300000,
        "incomelossfromcontinuingoperationsbeforeincometaxesextraordinaryitemsnoncontrollinginterest": 398600000,
        "incometaxexpensebenefit": 92000000,
        "netincomeloss": 306600000,
        "earningspersharebasic": 6.52,
        "earningspersharediluted": 6.17,
        "weightedaveragenumberofsharesoutstandingbasic": 47000000,
        "weightedaveragenumberofdilutedsharesoutstanding": 49700000,
        "othercomprehensiveincomeforeigncurrencytransactionandtranslationadjustmentnetoftaxportionattributabletoparent": 2400000,
        "othercomprehensiveincomedefinedbenefitplansnetunamortizedgainlossarisingduringperiodnetoftax": -500000,
        "othercomprehensiveincomelossreclassificationadjustmentfromaocipensionandotherpostretirementbenefitplansnetoftax": -1200000,
        "othercomprehensiveincomedefinedbenefitplansadjustmentnetoftaxportionattributabletoparent": 1700000,
        "othercomprehensiveincomelossavailableforsalesecuritiesadjustmentbeforereclassificationadjustmentsnetoftax": -4600000,
        "othercomprehensiveincomelossreclassificationadjustmentfromaociforsaleofsecuritiesnetoftax": -1100000,
        "othercomprehensiveincomeavailableforsalesecuritiesadjustmentnetoftaxportionattributabletoparent": -3500000,
        "othercomprehensiveincomelossnetoftaxportionattributabletoparent": -2800000,
        "comprehensiveincomenetoftax": 303800000,
        "othercomprehensiveincomedefinedbenefitplanstaxportionattributabletoparent": 100000,
        "othercomprehensiveincomeavailableforsalesecuritiestaxportionattributabletoparent": -1200000
    },
    {
        "date": "2023-12-30",
        "symbol": "UTHR",
        "period": "Q4",
        "revenuefromcontractwithcustomerexcludingassessedtax": 614700000,
        "costofgoodsandservicessold": 71000000,
        "researchanddevelopmentexpense": 151400000,
        "sellinggeneralandadministrativeexpense": 132200000,
        "costsandexpenses": 354600000,
        "operatingincomeloss": 260100000,
        "investmentincomeinterest": 51000000,
        "interestexpense": 15100000,
        "othernonoperatingincomeexpense": -600000,
        "nonoperatingincomeexpense": 35300000,
        "incomelossfromcontinuingoperationsbeforeincometaxesextraordinaryitemsnoncontrollinginterest": 295400000,
        "incometaxexpensebenefit": 78300000,
        "netincomeloss": 217100000,
        "earningspersharebasic": 4.599999999999997,
        "earningspersharediluted": 4.329999999999997,
        "weightedaveragenumberofsharesoutstandingbasic": 46800000,
        "othercomprehensiveincomelossreclassificationadjustmentfromaocipensionandotherpostretirementbenefitplansnetoftax": -900000,
        "othercomprehensiveincomedefinedbenefitplansadjustmentnetoftaxportionattributabletoparent": -2000000,
        "othercomprehensiveincomelossnetoftaxportionattributabletoparent": 30900000,
        "comprehensiveincomenetoftax": 248000000
    },
    {
        "date": "2023-09-29",
        "symbol": "UTHR",
        "period": "Q3",
        "revenuefromcontractwithcustomerexcludingassessedtax": 609400000,
        "costofgoodsandservicessold": 70100000,
        "researchanddevelopmentexpense": 84700000,
        "sellinggeneralandadministrativeexpense": 127600000,
        "costsandexpenses": 282400000,
        "operatingincomeloss": 327000000,
        "investmentincomeinterest": 45300000,
        "interestexpense": 15600000,
        "othernonoperatingincomeexpense": -4900000,
        "nonoperatingincomeexpense": 24800000,
        "incomelossfromcontinuingoperationsbeforeincometaxesextraordinaryitemsnoncontrollinginterest": 351800000,
        "incometaxexpensebenefit": 84200000,
        "netincomeloss": 267600000,
        "earningspersharebasic": 5.71,
        "earningspersharediluted": 5.400000000000001,
        "weightedaveragenumberofsharesoutstandingbasic": 100000,
        "othercomprehensiveincomelossreclassificationadjustmentfromaocipensionandotherpostretirementbenefitplansnetoftax": -900000,
        "othercomprehensiveincomedefinedbenefitplansadjustmentnetoftaxportionattributabletoparent": 900000,
        "othercomprehensiveincomelossnetoftaxportionattributabletoparent": 6900000,
        "comprehensiveincomenetoftax": 274500000
    },
    {
        "date": "2023-06-29",
        "symbol": "UTHR",
        "period": "Q2",
        "revenuefromcontractwithcustomerexcludingassessedtax": 596500000,
        "costofgoodsandservicessold": 64100000,
        "researchanddevelopmentexpense": 89000000,
        "sellinggeneralandadministrativeexpense": 130000000,
        "costsandexpenses": 283100000,
        "operatingincomeloss": 313400000,
        "investmentincomeinterest": 37200000,
        "interestexpense": 14800000,
        "othernonoperatingincomeexpense": -600000,
        "nonoperatingincomeexpense": 21800000,
        "incomelossfromcontinuingoperationsbeforeincometaxesextraordinaryitemsnoncontrollinginterest": 335200000,
        "incometaxexpensebenefit": 76000000,
        "netincomeloss": 259200000,
        "earningspersharebasic": 5.53,
        "earningspersharediluted": 5.22,
        "weightedaveragenumberofsharesoutstandingbasic": 300000,
        "weightedaveragenumberofdilutedsharesoutstanding": 0,
        "othercomprehensiveincomedefinedbenefitplansnetunamortizedgainlossarisingduringperiodnetoftax": 0,
        "othercomprehensiveincomelossreclassificationadjustmentfromaocipensionandotherpostretirementbenefitplansnetoftax": -800000,
        "othercomprehensiveincomedefinedbenefitplansadjustmentnetoftaxportionattributabletoparent": 800000,
        "othercomprehensiveincomeunrealizedholdinggainlossonsecuritiesarisingduringperiodnetoftax": -11000000,
        "othercomprehensiveincomelossnetoftaxportionattributabletoparent": -11800000,
        "comprehensiveincomenetoftax": 247400000
    },
    {
        "date": "2023-03-30",
        "symbol": "UTHR",
        "period": "Q1",
        "revenuefromcontractwithcustomerexcludingassessedtax": 506900000,
        "costofgoodsandservicessold": 52300000,
        "researchanddevelopmentexpense": 82900000,
        "sellinggeneralandadministrativeexpense": 87300000,
        "costsandexpenses": 222500000,
        "operatingincomeloss": 284400000,
        "investmentincomeinterest": 29200000,
        "interestexpense": 13800000,
        "othernonoperatingincomeexpense": -7900000,
        "nonoperatingincomeexpense": 7500000,
        "incomelossfromcontinuingoperationsbeforeincometaxesextraordinaryitemsnoncontrollinginterest": 291900000,
        "incometaxexpensebenefit": 51000000,
        "netincomeloss": 240900000,
        "earningspersharebasic": 5.2,
        "earningspersharediluted": 4.86,
        "weightedaveragenumberofsharesoutstandingbasic": 46300000,
        "weightedaveragenumberofdilutedsharesoutstanding": 49600000,
        "othercomprehensiveincomedefinedbenefitplansnetunamortizedgainlossarisingduringperiodnetoftax": -900000,
        "othercomprehensiveincomelossreclassificationadjustmentfromaocipensionandotherpostretirementbenefitplansnetoftax": -2300000,
        "othercomprehensiveincomedefinedbenefitplansadjustmentnetoftaxportionattributabletoparent": 3200000,
        "othercomprehensiveincomeunrealizedholdinggainlossonsecuritiesarisingduringperiodnetoftax": 19900000,
        "othercomprehensiveincomelossnetoftaxportionattributabletoparent": 16700000,
        "comprehensiveincomenetoftax": 257600000
    },
    {
        "date": "2022-12-30",
        "symbol": "UTHR",
        "period": "Q4",
        "revenuefromcontractwithcustomerexcludingassessedtax": 27800000,
        "costofgoodsandservicessold": -2300000,
        "researchanddevelopmentexpense": 93900000,
        "costsandexpenses": 315900000,
        "operatingincomeloss": 175600000,
        "investmentincomeinterest": 20800000,
        "interestexpense": 12300000,
        "othernonoperatingincomeexpense": -5300000,
        "nonoperatingincomeexpense": 3199999.9999999963,
        "incomelossfromcontinuingoperationsbeforeincometaxesextraordinaryitemsnoncontrollinginterest": 178800000,
        "incometaxexpensebenefit": 46700000,
        "earningspersharebasic": 2.839999999999999,
        "earningspersharediluted": 2.650000000000002,
        "weightedaveragenumberofdilutedsharesoutstanding": 300000,
        "othercomprehensiveincomedefinedbenefitplansadjustmentnetoftaxportionattributabletoparent": -18600000,
        "othercomprehensiveincomeunrealizedholdinggainlossonsecuritiesarisingduringperiodnetoftax": 10000000,
        "othercomprehensiveincomelossnetoftaxportionattributabletoparent": 28600000,
        "comprehensiveincomenetoftax": 160700000
    },
    {
        "date": "2022-09-29",
        "symbol": "UTHR",
        "period": "Q3",
        "revenuefromcontractwithcustomerexcludingassessedtax": 516000000,
        "costofgoodsandservicessold": 37200000,
        "typeofcostgoodorserviceextensiblelist": "http://fasb.org/us-gaap/2022#ProductMember",
        "researchanddevelopmentexpense": 66100000,
        "costsandexpenses": 201700000,
        "operatingincomeloss": 314300000,
        "investmentincomeinterest": 13300000,
        "interestexpense": 9200000,
        "othernonoperatingincomeexpense": -5900000,
        "nonoperatingincomeexpense": -1800000,
        "incomelossfromcontinuingoperationsbeforeincometaxesextraordinaryitemsnoncontrollinginterest": 312500000,
        "incometaxexpensebenefit": 73200000,
        "netincomeloss": 239300000,
        "earningspersharebasic": 5.28,
        "earningspersharediluted": 4.919999999999999,
        "weightedaveragenumberofsharesoutstandingbasic": 0,
        "weightedaveragenumberofdilutedsharesoutstanding": 300000,
        "othercomprehensiveincomedefinedbenefitplansadjustmentnetoftaxportionattributabletoparent": -200000,
        "othercomprehensiveincomeunrealizedholdinggainlossonsecuritiesarisingduringperiodnetoftax": -18800000,
        "othercomprehensiveincomelossnetoftaxportionattributabletoparent": -18600000,
        "comprehensiveincomenetoftax": 220700000
    },
    {
        "date": "2022-06-29",
        "symbol": "UTHR",
        "period": "Q2",
        "revenuefromcontractwithcustomerexcludingassessedtax": 466900000,
        "costofgoodsandservicessold": 29700000,
        "typeofcostgoodorserviceextensiblelist": "http://fasb.org/us-gaap/2022#ProductMember",
        "researchanddevelopmentexpense": 93900000,
        "costsandexpenses": 265100000,
        "operatingincomeloss": 201800000,
        "investmentincomeinterest": 6800000,
        "interestexpense": 6200000,
        "othernonoperatingincomeexpense": -51800000,
        "nonoperatingincomeexpense": -51200000,
        "incomelossfromcontinuingoperationsbeforeincometaxesextraordinaryitemsnoncontrollinginterest": 150600000,
        "incometaxexpensebenefit": 34600000,
        "netincomeloss": 116000000,
        "earningspersharebasic": 2.5500000000000007,
        "earningspersharediluted": 2.3999999999999995,
        "weightedaveragenumberofsharesoutstandingbasic": 100000,
        "weightedaveragenumberofdilutedsharesoutstanding": 200000,
        "othercomprehensiveincomedefinedbenefitplansnetunamortizedgainlossarisingduringperiodnetoftax": 0,
        "othercomprehensiveincomedefinedbenefitplansadjustmentnetoftaxportionattributabletoparent": -200000,
        "othercomprehensiveincomeunrealizedholdinggainlossonsecuritiesarisingduringperiodnetoftax": -11400000,
        "othercomprehensiveincomelossnetoftaxportionattributabletoparent": -11200000,
        "comprehensiveincomenetoftax": 104800000
    },
    {
        "date": "2022-03-30",
        "symbol": "UTHR",
        "period": "Q1",
        "revenuefromcontractwithcustomerexcludingassessedtax": 451900000,
        "costofgoodsandservicessold": 25900000,
        "typeofcostgoodorserviceextensiblelist": "http://fasb.org/us-gaap/2021-01-31#ProductMember",
        "researchanddevelopmentexpense": 69000000,
        "sellinggeneralandadministrativeexpenseandadjustments": 79000000,
        "costsandexpenses": 173900000,
        "operatingincomeloss": 288000000,
        "investmentincomeinterest": 4300000,
        "interestexpense": 4700000,
        "othernonoperatingincomeexpense": 22800000,
        "impairmentofinvestmentsinprivatelyheldcompanies": 1700000,
        "nonoperatingincomeexpense": 20700000,
        "incomelossfromcontinuingoperationsbeforeincometaxesextraordinaryitemsnoncontrollinginterest": 308700000,
        "incometaxexpensebenefit": 68800000,
        "netincomeloss": 239900000,
        "earningspersharebasic": 5.31,
        "earningspersharediluted": 5.03,
        "weightedaveragenumberofsharesoutstandingbasic": 45200000,
        "weightedaveragenumberofdilutedsharesoutstanding": 47700000,
        "othercomprehensiveincomedefinedbenefitplansnetunamortizedgainlossarisingduringperiodnetoftax": 200000,
        "othercomprehensiveincomelossamortizationgainlossandnetpriorservicecostscreditarisingduringperiodnetoftax": 100000,
        "othercomprehensiveincomedefinedbenefitplansadjustmentnetoftaxportionattributabletoparent": -300000,
        "othercomprehensiveincomeunrealizedholdinggainlossonsecuritiesarisingduringperiodnetoftax": -31600000,
        "othercomprehensiveincomelossnetoftaxportionattributabletoparent": -31300000,
        "comprehensiveincomenetoftax": 208600000
    },
    {
        "date": "2021-12-30",
        "symbol": "UTHR",
        "period": "Q4",
        "revenuefromcontractwithcustomerexcludingassessedtax": 29100000,
        "revenuefromcontractwithcustomerproductandserviceextensiblelist": "http://fasb.org/us-gaap/2021-01-31#ProductMember",
        "costofgoodsandservicessold": 3500000,
        "typeofcostgoodorserviceextensiblelist": "http://fasb.org/us-gaap/2021-01-31#ProductMember",
        "researchanddevelopmentexpense": -352200000,
        "sellinggeneralandadministrativeexpenseandadjustments": 127900000,
        "costsandexpenses": 245400000,
        "operatingincomeloss": 169800000,
        "investmentincomeinterest": 4200000,
        "interestexpense": 4700000,
        "othernonoperatingincomeexpense": -28800000,
        "nonoperatingincomeexpense": -29300000,
        "incomelossfromcontinuingoperationsbeforeincometaxesextraordinaryitemsnoncontrollinginterest": 140500000,
        "incometaxexpensebenefit": 28300000,
        "earningspersharebasic": 2.4800000000000004,
        "earningspersharediluted": 2.3400000000000007,
        "weightedaveragenumberofsharesoutstandingbasic": 100000,
        "weightedaveragenumberofdilutedsharesoutstanding": 200000,
        "othercomprehensiveincomedefinedbenefitplansadjustmentnetoftaxportionattributabletoparent": -5600000,
        "othercomprehensiveincomeunrealizedholdinggainlossonsecuritiesarisingduringperiodnetoftax": -8500000,
        "othercomprehensiveincomelossnetoftaxportionattributabletoparent": -9100000,
        "comprehensiveincomenetoftax": 109300000
    },
    {
        "date": "2021-09-29",
        "symbol": "UTHR",
        "period": "Q3",
        "revenuefromcontractwithcustomerexcludingassessedtax": 444700000,
        "revenuefromcontractwithcustomerproductandserviceextensiblelist": "http://fasb.org/us-gaap/2021-01-31#ProductMember",
        "costofgoodsandservicessold": 27700000,
        "typeofcostgoodorserviceextensiblelist": "http://fasb.org/us-gaap/2021-01-31#ProductMember",
        "researchanddevelopmentexpense": 79200000,
        "sellinggeneralandadministrativeexpenseandadjustments": 109100000,
        "costsandexpenses": 216000000,
        "operatingincomeloss": 228700000,
        "investmentincomeinterest": 3800000,
        "interestexpense": 4600000,
        "othernonoperatingincomeexpense": -23500000,
        "nonoperatingincomeexpense": -24300000,
        "incomelossfromcontinuingoperationsbeforeincometaxesextraordinaryitemsnoncontrollinginterest": 204400000,
        "incometaxexpensebenefit": 41700000,
        "netincomeloss": 162700000,
        "earningspersharebasic": 3.629999999999999,
        "earningspersharediluted": 3.439999999999999,
        "weightedaveragenumberofsharesoutstandingbasic": 100000,
        "weightedaveragenumberofdilutedsharesoutstanding": 200000,
        "othercomprehensiveincomelossamortizationgainlossandnetpriorservicecostscreditarisingduringperiodnetoftax": 100000,
        "othercomprehensiveincomedefinedbenefitplansadjustmentnetoftaxportionattributabletoparent": -100000,
        "othercomprehensiveincomeunrealizedholdinggainlossonsecuritiesarisingduringperiodnetoftax": -1600000,
        "othercomprehensiveincomelossnetoftaxportionattributabletoparent": -1500000,
        "comprehensiveincomenetoftax": 161200000
    },
    {
        "date": "2021-06-29",
        "symbol": "UTHR",
        "period": "Q2",
        "revenuefromcontractwithcustomerexcludingassessedtax": 446500000,
        "revenuefromcontractwithcustomerproductandserviceextensiblelist": "http://fasb.org/us-gaap/2021-01-31#ProductMember",
        "costofgoodsandservicessold": 37200000,
        "typeofcostgoodorserviceextensiblelist": "http://fasb.org/us-gaap/2021-01-31#ProductMember",
        "researchanddevelopmentexpense": 74300000,
        "sellinggeneralandadministrativeexpenseandadjustments": 112800000,
        "costsandexpenses": 224300000,
        "operatingincomeloss": 222200000,
        "investmentincomeinterest": 4000000,
        "interestexpense": 4700000,
        "othernonoperatingincomeexpense": -2700000,
        "nonoperatingincomeexpense": -5700000,
        "incomelossfromcontinuingoperationsbeforeincometaxesextraordinaryitemsnoncontrollinginterest": 216500000,
        "incometaxexpensebenefit": 43900000,
        "netincomeloss": 172600000,
        "earningspersharebasic": 3.8600000000000003,
        "earningspersharediluted": 3.6700000000000004,
        "weightedaveragenumberofsharesoutstandingbasic": 100000,
        "weightedaveragenumberofdilutedsharesoutstanding": 500000,
        "othercomprehensiveincomedefinedbenefitplansnetunamortizedgainlossarisingduringperiodnetoftax": 0,
        "othercomprehensiveincomelossamortizationgainlossandnetpriorservicecostscreditarisingduringperiodnetoftax": 200000,
        "othercomprehensiveincomedefinedbenefitplansadjustmentnetoftaxportionattributabletoparent": -200000,
        "othercomprehensiveincomeunrealizedholdinggainlossonsecuritiesarisingduringperiodnetoftax": -2000000,
        "othercomprehensiveincomelossnetoftaxportionattributabletoparent": -1800000,
        "comprehensiveincomenetoftax": 170800000
    },
    {
        "date": "2021-03-30",
        "symbol": "UTHR",
        "period": "Q1",
        "revenuefromcontractwithcustomerexcludingassessedtax": 379100000,
        "revenuefromcontractwithcustomerproductandserviceextensiblelist": "us-gaap:ProductMember",
        "costofgoodsandservicessold": 23000000,
        "typeofcostgoodorserviceextensiblelist": "us-gaap:ProductMember",
        "researchanddevelopmentexpense": 303700000,
        "sellinggeneralandadministrativeexpenseandadjustments": 117200000,
        "costsandexpenses": 443900000,
        "operatingincomeloss": -64800000,
        "investmentincomeinterest": 4700000,
        "interestexpense": 4600000,
        "othernonoperatingincomeexpense": 97200000,
        "nonoperatingincomeexpense": 97300000,
        "incomelossfromcontinuingoperationsbeforeincometaxesextraordinaryitemsnoncontrollinginterest": 32500000,
        "incometaxexpensebenefit": 4200000,
        "netincomeloss": 28300000,
        "earningspersharebasic": 0.63,
        "earningspersharediluted": 0.61,
        "weightedaveragenumberofsharesoutstandingbasic": 44600000,
        "weightedaveragenumberofdilutedsharesoutstanding": 46400000,
        "othercomprehensiveincomedefinedbenefitplansnetunamortizedgainlossarisingduringperiodnetoftax": 200000,
        "othercomprehensiveincomelossamortizationgainlossandnetpriorservicecostscreditarisingduringperiodnetoftax": 100000,
        "othercomprehensiveincomedefinedbenefitplansadjustmentnetoftaxportionattributabletoparent": -300000,
        "othercomprehensiveincomeunrealizedholdinggainlossonsecuritiesarisingduringperiodnetoftax": -2900000,
        "othercomprehensiveincomelossnetoftaxportionattributabletoparent": -2600000,
        "comprehensiveincomenetoftax": 25700000
    },
    {
        "date": "2014-03-30",
        "symbol": "UTHR",
        "period": "Q1",
        "salesrevenuegoodsnet": 284553000,
        "othersalesrevenuenet": 4850000,
        "revenues": 289403000,
        "researchanddevelopmentexpense": 12448000,
        "sellinggeneralandadministrativeexpense": 30215000,
        "costofgoodssold": 30600000,
        "costsandexpenses": 73263000,
        "operatingincomeloss": 216140000,
        "investmentincomeinterest": 1232000,
        "interestexpense": 4610000,
        "othernonoperatingincomeexpense": 454000,
        "nonoperatingincomeexpense": -2924000,
        "incomelossfromcontinuingoperationsbeforeincometaxesextraordinaryitemsnoncontrollinginterest": 213216000,
        "incometaxexpensebenefit": 75692000,
        "netincomelossavailabletocommonstockholdersbasic": 137524000,
        "earningspersharebasic": 2.73,
        "earningspersharediluted": 2.43,
        "weightedaveragenumberofsharesoutstandingbasic": 50402000,
        "weightedaveragenumberofdilutedsharesoutstanding": 56657000,
        "othercomprehensiveincomeforeigncurrencytransactionandtranslationadjustmentnetoftaxportionattributabletoparent": -477000,
        "othercomprehensiveincomedefinedbenefitplannetpriorservicecostscreditarisingduringperiodnetoftax": 2415000,
        "othercomprehensiveincomedefinedbenefitplansnetunamortizedgainlossarisingduringperiodnetoftax": 221000,
        "othercomprehensiveincomelossamortizationgainlossandnetpriorservicecostscreditarisingduringperiodnetoftax": 226000,
        "othercomprehensiveincomedefinedbenefitplansadjustmentnetoftaxportionattributabletoparent": 1968000,
        "othercomprehensiveincomeunrealizedholdinggainlossonsecuritiesarisingduringperiodnetoftax": -13000,
        "othercomprehensiveincomelossnetoftaxportionattributabletoparent": -2458000,
        "comprehensiveincomenetoftax": 135066000
    },
    {
        "date": "2013-12-30",
        "symbol": "UTHR",
        "period": "Q4",
        "salesrevenuegoodsnet": 286297000,
        "othersalesrevenuenet": 2720000,
        "revenues": 289017000,
        "researchanddevelopmentexpense": 121552000,
        "sellinggeneralandadministrativeexpense": 157178000,
        "costofgoodssold": 38778000,
        "costsandexpenses": 317508000,
        "operatingincomeloss": -28491000,
        "investmentincomeinterest": 1111000,
        "interestexpense": 4562000,
        "othernonoperatingincomeexpense": 312000,
        "nonoperatingincomeexpense": -3139000,
        "incomelossfromcontinuingoperationsbeforeincometaxesextraordinaryitemsnoncontrollinginterest": -31630000,
        "incometaxexpensebenefit": -1316000,
        "netincomelossavailabletocommonstockholdersbasic": -30314000,
        "earningspersharebasic": -0.6099999999999994,
        "earningspersharediluted": -0.6200000000000001,
        "weightedaveragenumberofsharesoutstandingbasic": 69000,
        "weightedaveragenumberofdilutedsharesoutstanding": 661000,
        "othercomprehensiveincomeforeigncurrencytransactionandtranslationadjustmentnetoftaxportionattributabletoparent": -339000,
        "othercomprehensiveincomelossamortizationgainlossandnetpriorservicecostscreditarisingduringperiodnetoftax": 253000,
        "othercomprehensiveincomedefinedbenefitplansadjustmentnetoftaxportionattributabletoparent": -2277000,
        "othercomprehensiveincomeunrealizedholdinggainlossonsecuritiesarisingduringperiodnetoftax": -58000,
        "othercomprehensiveincomelossnetoftaxportionattributabletoparent": 1880000,
        "comprehensiveincomenetoftax": -28434000
    },
    {
        "date": "2013-09-29",
        "symbol": "UTHR",
        "period": "Q3",
        "salesrevenuegoodsnet": 300006000,
        "othersalesrevenuenet": 2219000,
        "revenues": 302225000,
        "researchanddevelopmentexpense": 72749000,
        "sellinggeneralandadministrativeexpense": 94111000,
        "costofgoodssold": 30716000,
        "costsandexpenses": 197576000,
        "operatingincomeloss": 104649000,
        "investmentincomeinterest": 868000,
        "interestexpense": 4540000,
        "othernonoperatingincomeexpense": 83000,
        "nonoperatingincomeexpense": -3470000,
        "incomelossfromcontinuingoperationsbeforeincometaxesextraordinaryitemsnoncontrollinginterest": 101179000,
        "incometaxexpensebenefit": 38494000,
        "netincomelossavailabletocommonstockholdersbasic": 62685000,
        "earningspersharebasic": 1.26,
        "earningspersharediluted": 1.19,
        "weightedaveragenumberofsharesoutstandingbasic": 4000,
        "weightedaveragenumberofdilutedsharesoutstanding": 184000,
        "othercomprehensiveincomeforeigncurrencytransactionandtranslationadjustmentnetoftaxportionattributabletoparent": 1809000,
        "othercomprehensiveincomelossamortizationgainlossandnetpriorservicecostscreditarisingduringperiodnetoftax": 255000,
        "othercomprehensiveincomedefinedbenefitplansadjustmentnetoftaxportionattributabletoparent": -255000,
        "othercomprehensiveincomeunrealizedholdinggainlossonsecuritiesarisingduringperiodnetoftax": -12000,
        "othercomprehensiveincomelossnetoftaxportionattributabletoparent": 2052000,
        "comprehensiveincomenetoftax": 64737000
    },
    {
        "date": "2013-06-29",
        "symbol": "UTHR",
        "period": "Q2",
        "netincomelossavailabletocommonstockholdersbasic": 79864000,
        "othercomprehensiveincomeforeigncurrencytransactionandtranslationadjustmentnetoftaxportionattributabletoparent": -373000,
        "othercomprehensiveincomedefinedbenefitplansnetunamortizedgainlossarisingduringperiodnetoftax": 0,
        "othercomprehensiveincomelossamortizationgainlossandnetpriorservicecostscreditarisingduringperiodnetoftax": 256000,
        "othercomprehensiveincomedefinedbenefitplansadjustmentnetoftaxportionattributabletoparent": -256000,
        "othercomprehensiveincomeunrealizedholdinggainlossonsecuritiesarisingduringperiodnetoftax": -35000,
        "othercomprehensiveincomelossnetoftaxportionattributabletoparent": -2135000,
        "comprehensiveincomenetoftax": 79712000,
        "salesrevenuegoodsnet": 277495000,
        "othersalesrevenuenet": 3111000,
        "revenues": 280606000,
        "researchanddevelopmentexpense": 54617000,
        "sellinggeneralandadministrativeexpense": 71365000,
        "costofgoodssold": 32320000,
        "costsandexpenses": 158302000,
        "operatingincomeloss": 122304000,
        "investmentincomeinterest": 869000,
        "interestexpense": 4520000,
        "incomelossfromequitymethodinvestments": -72000,
        "othernonoperatingincomeexpense": -62000,
        "nonoperatingincomeexpense": -3785000,
        "incomelossfromcontinuingoperationsbeforeincometaxesextraordinaryitemsnoncontrollinginterest": 118519000,
        "incometaxexpensebenefit": 38655000,
        "earningspersharebasic": 1.5999999999999999,
        "earningspersharediluted": 1.52,
        "weightedaveragenumberofsharesoutstandingbasic": -206000,
        "weightedaveragenumberofdilutedsharesoutstanding": 10000
    },
    {
        "date": "2013-03-30",
        "symbol": "UTHR",
        "period": "Q1",
        "netincomelossavailabletocommonstockholdersbasic": 62325000,
        "othercomprehensiveincomeforeigncurrencytransactionandtranslationadjustmentnetoftaxportionattributabletoparent": -2290000,
        "othercomprehensiveincomedefinedbenefitplansnetunamortizedgainlossarisingduringperiodnetoftax": 51000,
        "othercomprehensiveincomelossamortizationgainlossandnetpriorservicecostscreditarisingduringperiodnetoftax": 256000,
        "othercomprehensiveincomedefinedbenefitplansadjustmentnetoftaxportionattributabletoparent": -307000,
        "othercomprehensiveincomeunrealizedholdinggainlossonsecuritiesarisingduringperiodnetoftax": -23000,
        "othercomprehensiveincomelossnetoftaxportionattributabletoparent": -23000,
        "comprehensiveincomenetoftax": 60319000,
        "salesrevenuegoodsnet": 243146000,
        "othersalesrevenuenet": 1990000,
        "revenues": 245136000,
        "researchanddevelopmentexpense": 50430000,
        "sellinggeneralandadministrativeexpense": 71356000,
        "costofgoodssold": 29313000,
        "costsandexpenses": 151099000,
        "operatingincomeloss": 94037000,
        "investmentincomeinterest": 979000,
        "interestexpense": 4436000,
        "incomelossfromequitymethodinvestments": -47000,
        "othernonoperatingincomeexpense": 302000,
        "nonoperatingincomeexpense": -3202000,
        "incomelossfromcontinuingoperationsbeforeincometaxesextraordinaryitemsnoncontrollinginterest": 90835000,
        "incometaxexpensebenefit": 28510000,
        "earningspersharebasic": 1.24,
        "earningspersharediluted": 1.19,
        "weightedaveragenumberofsharesoutstandingbasic": 50209000,
        "weightedaveragenumberofdilutedsharesoutstanding": 52376000
    },
    {
        "date": "2012-12-30",
        "symbol": "UTHR",
        "period": "Q4",
        "salesrevenuegoodsnet": 821764000,
        "othersalesrevenuenet": 3386000,
        "revenues": 243817000,
        "researchanddevelopmentexpense": 37476000,
        "sellinggeneralandadministrativeexpense": 40073000,
        "costofgoodssold": 113694000,
        "costsandexpenses": 115214000,
        "operatingincomeloss": 128603000,
        "investmentincomeinterest": 716000,
        "interestexpense": 4490000,
        "incomelossfromequitymethodinvestments": -33000,
        "othernonoperatingincomeexpense": 156000,
        "nonoperatingincomeexpense": -3651000,
        "incomelossfromcontinuingoperationsbeforeincometaxesextraordinaryitemsnoncontrollinginterest": 124952000,
        "incometaxexpensebenefit": 41697000,
        "incomelossfromcontinuingoperations": 83255000,
        "netincomelossavailabletocommonstockholdersbasic": 83255000,
        "incomelossfromcontinuingoperationsperbasicshare": 1.64,
        "earningspersharebasic": 1.64,
        "incomelossfromcontinuingoperationsperdilutedshare": 1.5999999999999996,
        "earningspersharediluted": 1.5999999999999996,
        "weightedaveragenumberofsharesoutstandingbasic": -533000,
        "weightedaveragenumberofdilutedsharesoutstanding": -569000,
        "othercomprehensiveincomeforeigncurrencytransactionandtranslationadjustmentnetoftaxportionattributabletoparent": -106000,
        "othercomprehensiveincomedefinedbenefitplansadjustmentnetoftaxportionattributabletoparent": 5285000,
        "othercomprehensiveincomeunrealizedholdinggainlossonsecuritiesarisingduringperiodnetoftax": -42000,
        "othercomprehensiveincomelossnetoftaxportionattributabletoparent": -5433000,
        "comprehensiveincomenetoftax": 77822000
    },
    {
        "date": "2012-09-29",
        "symbol": "UTHR",
        "period": "Q3",
        "salesrevenuegoodsnet": -340416000,
        "othersalesrevenuenet": 1551000,
        "revenues": 242468000,
        "researchanddevelopmentexpense": 65155000,
        "sellinggeneralandadministrativeexpense": 68626000,
        "costofgoodssold": -48061000,
        "costsandexpenses": 161749000,
        "operatingincomeloss": 80719000,
        "investmentincomeinterest": 1138000,
        "interestexpense": 4384000,
        "incomelossfromequitymethodinvestments": -48000,
        "othernonoperatingincomeexpense": 31068000,
        "nonoperatingincomeexpense": 27774000,
        "incomelossfromcontinuingoperationsbeforeincometaxesextraordinaryitemsnoncontrollinginterest": 108493000,
        "incometaxexpensebenefit": 30382000,
        "incomelossfromcontinuingoperations": 78111000,
        "netincomelossavailabletocommonstockholdersbasic": 78111000,
        "incomelossfromcontinuingoperationsperbasicshare": 1.51,
        "earningspersharebasic": 1.51,
        "incomelossfromcontinuingoperationsperdilutedshare": 1.4800000000000004,
        "earningspersharediluted": 1.4800000000000004,
        "weightedaveragenumberofsharesoutstandingbasic": -563000,
        "weightedaveragenumberofdilutedsharesoutstanding": -567000,
        "othercomprehensiveincomeforeigncurrencytransactionandtranslationadjustmentnetoftaxportionattributabletoparent": 1185000,
        "othercomprehensiveincomedefinedbenefitplansadjustmentnetoftaxportionattributabletoparent": -130000,
        "othercomprehensiveincomeunrealizedholdinggainlossonsecuritiesarisingduringperiodnetoftax": 73000,
        "othercomprehensiveincomelossnetoftaxportionattributabletoparent": 1388000,
        "comprehensiveincomenetoftax": 79499000
    },
    {
        "date": "2012-06-29",
        "symbol": "UTHR",
        "period": "Q2",
        "salesrevenuegoodsnet": 221832000,
        "othersalesrevenuenet": 3745000,
        "revenues": 225577000,
        "researchanddevelopmentexpense": 37099000,
        "sellinggeneralandadministrativeexpense": 53258000,
        "costofgoodssold": 29633000,
        "costsandexpenses": 119990000,
        "operatingincomeloss": 105587000,
        "investmentincomeinterest": 1054000,
        "interestexpense": 3879000,
        "incomelossfromequitymethodinvestments": -42000,
        "othernonoperatingincomeexpense": 570000,
        "nonoperatingincomeexpense": -2297000,
        "incomelossfromcontinuingoperationsbeforeincometaxesextraordinaryitemsnoncontrollinginterest": 103290000,
        "incometaxexpensebenefit": 30974000,
        "incomelossfromcontinuingoperations": 72316000,
        "netincomelossavailabletocommonstockholdersbasic": 72316000,
        "incomelossfromcontinuingoperationsperbasicshare": 1.3699999999999999,
        "earningspersharebasic": 1.3699999999999999,
        "incomelossfromcontinuingoperationsperdilutedshare": 1.3399999999999999,
        "earningspersharediluted": 1.3399999999999999,
        "weightedaveragenumberofsharesoutstandingbasic": -442000,
        "weightedaveragenumberofdilutedsharesoutstanding": -593000,
        "othercomprehensiveincomeforeigncurrencytransactionandtranslationadjustmentnetoftaxportionattributabletoparent": -1487000,
        "othercomprehensiveincomedefinedbenefitplansnetunamortizedgainlossarisingduringperiodnetoftax": 0,
        "othercomprehensiveincomeamortizationofdefinedbenefitplannetpriorservicecostrecognizedinnetperiodicpensioncostnetoftax": 131000,
        "othercomprehensiveincomedefinedbenefitplansadjustmentnetoftaxportionattributabletoparent": -131000,
        "othercomprehensiveincomeunrealizedholdinggainlossonsecuritiesarisingduringperiodnetoftax": -16000,
        "othercomprehensiveincomelossnetoftaxportionattributabletoparent": -1372000,
        "comprehensiveincomenetoftax": 70944000
    },
    {
        "date": "2012-03-30",
        "symbol": "UTHR",
        "period": "Q1",
        "salesrevenuegoodsnet": 202943000,
        "othersalesrevenuenet": 1271000,
        "revenues": 204214000,
        "researchanddevelopmentexpense": 33657000,
        "sellinggeneralandadministrativeexpense": 39789000,
        "costofgoodssold": 24031000,
        "costsandexpenses": 97477000,
        "operatingincomeloss": 106737000,
        "investmentincomeinterest": 1033000,
        "interestexpense": 3886000,
        "incomelossfromequitymethodinvestments": -20000,
        "othernonoperatingincomeexpense": 72000,
        "nonoperatingincomeexpense": -2801000,
        "incomelossfromcontinuingoperationsbeforeincometaxesextraordinaryitemsnoncontrollinginterest": 103936000,
        "incometaxexpensebenefit": 33176000,
        "incomelossfromcontinuingoperations": 70760000,
        "netincomelossavailabletocommonstockholdersbasic": 70760000,
        "incomelossfromcontinuingoperationsperbasicshare": 1.32,
        "earningspersharebasic": 1.32,
        "incomelossfromcontinuingoperationsperdilutedshare": 1.29,
        "earningspersharediluted": 1.29,
        "weightedaveragenumberofsharesoutstandingbasic": 53631000,
        "weightedaveragenumberofdilutedsharesoutstanding": 55009000,
        "othercomprehensiveincomeforeigncurrencytransactionandtranslationadjustmentnetoftaxportionattributabletoparent": 1099000,
        "othercomprehensiveincomedefinedbenefitplansnetunamortizedgainlossarisingduringperiodnetoftax": 64000,
        "othercomprehensiveincomeamortizationofdefinedbenefitplannetpriorservicecostrecognizedinnetperiodicpensioncostnetoftax": 130000,
        "othercomprehensiveincomedefinedbenefitplansadjustmentnetoftaxportionattributabletoparent": -194000,
        "othercomprehensiveincomeunrealizedholdinggainlossonsecuritiesarisingduringperiodnetoftax": 52000,
        "othercomprehensiveincomelossnetoftaxportionattributabletoparent": 1345000,
        "comprehensiveincomenetoftax": 72105000
    },
    {
        "date": "2011-12-30",
        "symbol": "UTHR",
        "period": "Q4",
        "salesrevenuegoodsnet": 194310000,
        "revenues": 195178000,
        "researchanddevelopmentexpense": 48636000,
        "sellinggeneralandadministrativeexpense": 57707000,
        "costofgoodssold": 25327000,
        "costsandexpenses": 131670000,
        "operatingincomeloss": 63508000,
        "investmentincomeinterest": 930000,
        "interestexpense": 5111000,
        "incomelossfromequitymethodinvestments": -9000,
        "othernonoperatingincomeexpense": 672000,
        "nonoperatingincomeexpense": -3518000,
        "incometaxexpensebenefit": 16801000,
        "earningspersharebasic": 0.8000000000000003,
        "earningspersharediluted": 0.8599999999999999,
        "weightedaveragenumberofsharesoutstandingbasic": -924000,
        "weightedaveragenumberofdilutedsharesoutstanding": -2667000
    },
    {
        "date": "2011-09-29",
        "symbol": "UTHR",
        "period": "Q3",
        "salesrevenuegoodsnet": 518623000,
        "revenues": 201742000,
        "researchanddevelopmentexpense": 59432000,
        "sellinggeneralandadministrativeexpense": 16657000,
        "costofgoodssold": 61694000,
        "costsandexpenses": 98766000,
        "operatingincomeloss": 102976000,
        "investmentincomeinterest": 1016000,
        "interestexpense": 5415000,
        "incomelossfromequitymethodinvestments": -43000,
        "othernonoperatingincomeexpense": -278000,
        "nonoperatingincomeexpense": -4720000,
        "incometaxexpensebenefit": 17451000,
        "earningspersharebasic": 1.4499999999999997,
        "earningspersharediluted": 1.37,
        "weightedaveragenumberofsharesoutstandingbasic": 119000,
        "weightedaveragenumberofdilutedsharesoutstanding": -463000
    },
    {
        "date": "2011-06-29",
        "symbol": "UTHR",
        "period": "Q2",
        "salesrevenuegoodsnet": -134082000,
        "licensesrevenue": 205000,
        "revenues": 180644000,
        "researchanddevelopmentexpense": 23917000,
        "sellinggeneralandadministrativeexpense": 22883000,
        "costofgoodssold": -17871000,
        "costsandexpenses": 66229000,
        "operatingincomeloss": 114415000,
        "investmentincomeinterest": 838000,
        "interestexpense": 5428000,
        "incomelossfromequitymethodinvestments": -30000,
        "othernonoperatingincomeexpense": 4250000,
        "nonoperatingincomeexpense": -370000,
        "incometaxexpensebenefit": 37186000,
        "profitloss": 73891000,
        "earningspersharebasic": 1.28,
        "earningspersharediluted": 1.18,
        "weightedaveragenumberofsharesoutstandingbasic": 215000,
        "weightedaveragenumberofdilutedsharesoutstanding": -98000
    },
    {
        "date": "2011-03-30",
        "symbol": "UTHR",
        "period": "Q1",
        "salesrevenuegoodsnet": 162243000,
        "salesrevenueservicesnet": 3082000,
        "licensesrevenue": 294000,
        "revenues": 165619000,
        "researchanddevelopmentexpense": 48030000,
        "sellinggeneralandadministrativeexpense": 59235000,
        "costofgoodssold": 19754000,
        "costofservices": 1717000,
        "costsandexpenses": 128736000,
        "operatingincomeloss": 36883000,
        "investmentincomeinterest": 666000,
        "interestexpense": 5413000,
        "incomelossfromequitymethodinvestments": -37000,
        "othernonoperatingincomeexpense": -5273000,
        "nonoperatingincomeexpense": -10057000,
        "incomelossbeforeincometaxes": 26826000,
        "incometaxexpensebenefit": 10436000,
        "profitloss": 16390000,
        "earningspersharebasic": 0.28,
        "earningspersharediluted": 0.26,
        "weightedaveragenumberofsharesoutstandingbasic": 57753000,
        "weightedaveragenumberofdilutedsharesoutstanding": 62623000
    },
    {
        "date": "2010-09-29",
        "symbol": "UTHR",
        "period": "Q3",
        "salesrevenuegoodsnet": 168302000,
        "salesrevenueservicesnet": 2342000,
        "licensesrevenue": 339000,
        "revenues": 170983000,
        "researchanddevelopmentexpense": 40691000,
        "sellinggeneralandadministrativeexpense": 46689000,
        "costofgoodssold": 20169000,
        "costofservices": 1553000,
        "costsandexpenses": 109102000,
        "operatingincomeloss": 61881000,
        "investmentincomeinterest": 564000,
        "interestexpense": 4809000,
        "incomelossfromequitymethodinvestments": -39000,
        "othernonoperatingincomeexpense": 137000,
        "nonoperatingincomeexpense": -4147000,
        "incomelossbeforeincometaxes": 57734000,
        "incometaxexpensebenefit": 17998000,
        "profitloss": 39736000,
        "earningspersharebasic": 0.7,
        "earningspersharediluted": 0.66,
        "weightedaveragenumberofsharesoutstandingbasic": 56536000,
        "weightedaveragenumberofdilutedsharesoutstanding": 60216000
    },
    {
        "date": "2010-06-29",
        "symbol": "UTHR",
        "period": "Q2",
        "salesrevenuegoodsnet": 134458000,
        "salesrevenueservicesnet": 2751000,
        "licensesrevenue": 282000,
        "revenues": 137491000,
        "researchanddevelopmentexpense": 28944000,
        "sellinggeneralandadministrativeexpense": 31036000,
        "costofgoodssold": 15275000,
        "costofservices": 1409000,
        "costsandexpenses": 76664000,
        "operatingincomeloss": 60827000,
        "investmentincomeinterest": 802000,
        "interestexpense": 4759000,
        "incomelossfromequitymethodinvestments": -44000,
        "othernonoperatingincomeexpense": 93000,
        "nonoperatingincomeexpense": -3908000,
        "incomelossbeforeincometaxes": 56919000,
        "incometaxexpensebenefit": 19212000,
        "profitloss": 37707000,
        "earningspersharebasic": 0.67,
        "earningspersharediluted": 0.62,
        "weightedaveragenumberofsharesoutstandingbasic": 56047000,
        "weightedaveragenumberofdilutedsharesoutstanding": 60393000
    }
]