[
    {
        "date": "2024-09-29",
        "symbol": "PYPL",
        "period": "Q3",
        "revenues": 7847000000,
        "transactionexpense": 3841000000,
        "transactionandcreditlosses": 352000000,
        "customersupportandoperationsexpense": 427000000,
        "sellingandmarketingexpense": 508000000,
        "technologyanddevelopmentexpense": 746000000,
        "generalandadministrativeexpense": 519000000,
        "restructuringandother": 63000000,
        "operatingexpenses": 6456000000,
        "operatingincomeloss": 1391000000,
        "nonoperatingincomeexpense": -80000000,
        "incomelossattributabletoparent": -12000000,
        "incometaxexpensebenefit": 301000000,
        "netincomeloss": -12000000,
        "earningspersharebasic": 1,
        "earningspersharediluted": 0.99,
        "weightedaveragenumberofsharesoutstandingbasic": 1015000000,
        "weightedaveragenumberofdilutedsharesoutstanding": 1024000000,
        "othercomprehensiveincomeforeigncurrencytransactionandtranslationadjustmentbeforetaxportionattributabletoparent": 275000000,
        "othercomprehensiveincomelossnetinvestmenthedgegainlossbeforereclassificationandtax": -149000000,
        "othercomprehensiveincomelossnetinvestmenthedgegainlosstax": -35000000,
        "othercomprehensiveincomelosscashflowhedgegainlossafterreclassificationbeforetaxparent": -148000000,
        "othercomprehensiveincomelosscashflowhedgegainlossafterreclassificationtaxparent": -7000000,
        "othercomprehensiveincomeavailableforsalesecuritiesadjustmentbeforetaxportionattributabletoparent": 60000000,
        "othercomprehensiveincomeavailableforsalesecuritiestaxportionattributabletoparent": 14000000,
        "othercomprehensiveincomelossnetoftaxportionattributabletoparent": 66000000,
        "comprehensiveincomenetoftax": 1076000000
    },
    {
        "date": "2024-06-29",
        "symbol": "PYPL",
        "period": "Q2",
        "revenues": 7885000000,
        "transactionexpense": 3942000000,
        "transactionandcreditlosses": 335000000,
        "customersupportandoperationsexpense": 436000000,
        "sellingandmarketingexpense": 446000000,
        "technologyanddevelopmentexpense": 718000000,
        "generalandadministrativeexpense": 570000000,
        "operatingexpenses": 6560000000,
        "operatingincomeloss": 1325000000,
        "nonoperatingincomeexpense": 74000000,
        "incomelossattributabletoparent": 1399000000,
        "incometaxexpensebenefit": 271000000,
        "netincomeloss": 1128000000,
        "earningspersharebasic": 1.08,
        "earningspersharediluted": 1.0699999999999998,
        "weightedaveragenumberofsharesoutstandingbasic": 1053000000,
        "weightedaveragenumberofdilutedsharesoutstanding": 1060000000,
        "othercomprehensiveincomeforeigncurrencytransactionandtranslationadjustmentbeforetaxportionattributabletoparent": -125000000,
        "othercomprehensiveincomelossnetinvestmenthedgegainlossbeforereclassificationandtax": 100000000,
        "othercomprehensiveincomelossnetinvestmenthedgegainlosstax": 24000000,
        "othercomprehensiveincomelosscashflowhedgegainlossafterreclassificationbeforetaxparent": 3000000,
        "othercomprehensiveincomelosscashflowhedgegainlossafterreclassificationtaxparent": 0,
        "othercomprehensiveincomeavailableforsalesecuritiesadjustmentbeforetaxportionattributabletoparent": 15000000,
        "othercomprehensiveincomeavailableforsalesecuritiestaxportionattributabletoparent": 3000000,
        "othercomprehensiveincomelossnetoftaxportionattributabletoparent": -34000000,
        "comprehensiveincomenetoftax": 1094000000
    },
    {
        "date": "2024-03-30",
        "symbol": "PYPL",
        "period": "Q1",
        "revenues": 7699000000,
        "transactionexpense": 3917000000,
        "transactionandcreditlosses": 321000000,
        "customersupportandoperationsexpense": 454000000,
        "sellingandmarketingexpense": 421000000,
        "technologyanddevelopmentexpense": 742000000,
        "generalandadministrativeexpense": 464000000,
        "restructuringcostsandother": 212000000,
        "operatingexpenses": 6531000000,
        "operatingincomeloss": 1168000000,
        "nonoperatingincomeexpense": 41000000,
        "incomelossattributabletoparent": 1209000000,
        "incometaxexpensebenefit": 321000000,
        "netincomeloss": 888000000,
        "earningspersharebasic": 0.83,
        "earningspersharediluted": 0.83,
        "weightedaveragenumberofsharesoutstandingbasic": 1064000000,
        "weightedaveragenumberofdilutedsharesoutstanding": 1072000000,
        "othercomprehensiveincomeforeigncurrencytransactionandtranslationadjustmentbeforetaxportionattributabletoparent": -143000000,
        "othercomprehensiveincomelossnetinvestmenthedgegainlossbeforereclassificationandtax": 99000000,
        "othercomprehensiveincomelossnetinvestmenthedgegainlosstax": 23000000,
        "othercomprehensiveincomelosscashflowhedgegainlossafterreclassificationbeforetaxparent": 96000000,
        "othercomprehensiveincomelosscashflowhedgegainlossafterreclassificationtaxparent": 5000000,
        "othercomprehensiveincomeavailableforsalesecuritiesadjustmentbeforetaxportionattributabletoparent": 83000000,
        "othercomprehensiveincomeavailableforsalesecuritiestaxportionattributabletoparent": 20000000,
        "othercomprehensiveincomelossnetoftaxportionattributabletoparent": 87000000,
        "comprehensiveincomenetoftax": 975000000
    },
    {
        "date": "2023-12-30",
        "symbol": "PYPL",
        "period": "Q4",
        "revenues": 22364000000,
        "transactionexpense": 3958000000,
        "transactionandcreditlosses": 396000000,
        "customersupportandoperationsexpense": 465000000,
        "sellingandmarketingexpense": 466000000,
        "technologyanddevelopmentexpense": 770000000,
        "generalandadministrativeexpense": 554000000,
        "operatingexpenses": 6298000000,
        "operatingincomeloss": 1728000000,
        "nonoperatingincomeexpense": 138000000,
        "incomelossattributabletoparent": 4255000000,
        "incometaxexpensebenefit": 391000000,
        "netincomeloss": 3311000000,
        "earningspersharebasic": 1.2899999999999998,
        "earningspersharediluted": 1.2899999999999998,
        "weightedaveragenumberofsharesoutstandingbasic": 1103000000,
        "weightedaveragenumberofdilutedsharesoutstanding": 1107000000,
        "othercomprehensiveincomeforeigncurrencytransactionandtranslationadjustmentbeforetaxportionattributabletoparent": 150000000,
        "othercomprehensiveincomelossnetinvestmenthedgegainlossbeforereclassificationandtax": -39000000,
        "othercomprehensiveincomelossnetinvestmenthedgegainlosstax": -9000000,
        "othercomprehensiveincomelosscashflowhedgegainlossafterreclassificationbeforetaxparent": -142000000,
        "othercomprehensiveincomelosscashflowhedgegainlossafterreclassificationtaxparent": -7000000,
        "othercomprehensiveincomeavailableforsalesecuritiesadjustmentbeforetaxportionattributabletoparent": 159000000,
        "othercomprehensiveincomeavailableforsalesecuritiestaxportionattributabletoparent": 38000000,
        "othercomprehensiveincomelossnetoftaxportionattributabletoparent": 106000000,
        "comprehensiveincomenetoftax": 1508000000
    },
    {
        "date": "2023-09-29",
        "symbol": "PYPL",
        "period": "Q3",
        "revenues": 7418000000,
        "transactionexpense": 3603000000,
        "transactionandcreditlosses": 446000000,
        "customersupportandoperationsexpense": 474000000,
        "sellingandmarketingexpense": 442000000,
        "technologyanddevelopmentexpense": 739000000,
        "generalandadministrativeexpense": 507000000,
        "restructuringcostsandassetimpairmentcharges": 39000000,
        "operatingexpenses": 6250000000,
        "operatingincomeloss": 1168000000,
        "nonoperatingincomeexpense": 73000000,
        "incomelossattributabletoparent": 1241000000,
        "incometaxexpensebenefit": 221000000,
        "netincomeloss": 1020000000,
        "earningspersharebasic": 0.93,
        "earningspersharediluted": 0.93,
        "weightedaveragenumberofsharesoutstandingbasic": 1094000000,
        "weightedaveragenumberofdilutedsharesoutstanding": 1098000000,
        "othercomprehensiveincomeforeigncurrencytransactionandtranslationadjustmentbeforetaxportionattributabletoparent": -70000000,
        "othercomprehensiveincomelossnetinvestmenthedgegainlossbeforereclassificationandtax": 35000000,
        "othercomprehensiveincomelossnetinvestmenthedgegainlosstax": 8000000,
        "othercomprehensiveincomelosscashflowhedgegainlossafterreclassificationbeforetaxparent": 109000000,
        "othercomprehensiveincomelosscashflowhedgegainlossafterreclassificationtaxparent": 6000000,
        "othercomprehensiveincomeavailableforsalesecuritiesadjustmentbeforetaxportionattributabletoparent": 110000000,
        "othercomprehensiveincomeavailableforsalesecuritiestaxportionattributabletoparent": 26000000,
        "othercomprehensiveincomelossnetoftaxportionattributabletoparent": 144000000,
        "comprehensiveincomenetoftax": 1164000000
    },
    {
        "date": "2023-06-29",
        "symbol": "PYPL",
        "period": "Q2",
        "revenues": -34000000,
        "transactionexpense": 3541000000,
        "transactionandcreditlosses": 398000000,
        "customersupportandoperationsexpense": 492000000,
        "sellingandmarketingexpense": 465000000,
        "technologyanddevelopmentexpense": 743000000,
        "generalandadministrativeexpense": 491000000,
        "restructuringcostsandassetimpairmentcharges": 24000000,
        "operatingexpenses": 6154000000,
        "operatingincomeloss": 1133000000,
        "nonoperatingincomeexpense": 170000000,
        "incomelossattributabletoparent": -34000000,
        "incometaxexpensebenefit": 274000000,
        "netincomeloss": -34000000,
        "earningspersharebasic": 0.93,
        "earningspersharediluted": 0.92,
        "weightedaveragenumberofsharesoutstandingbasic": 1111000000,
        "weightedaveragenumberofdilutedsharesoutstanding": 1114000000,
        "othercomprehensiveincomeforeigncurrencytransactionandtranslationadjustmentbeforetaxportionattributabletoparent": -216000000,
        "othercomprehensiveincomelossnetinvestmenthedgegainlossbeforereclassificationandtax": 169000000,
        "othercomprehensiveincomelossnetinvestmenthedgegainlosstax": 39000000,
        "othercomprehensiveincomelosscashflowhedgegainlossafterreclassificationbeforetaxparent": -23000000,
        "othercomprehensiveincomelosscashflowhedgegainlossafterreclassificationtaxparent": -1000000,
        "othercomprehensiveincomeavailableforsalesecuritiesadjustmentbeforetaxportionattributabletoparent": 13000000,
        "othercomprehensiveincomeavailableforsalesecuritiestaxportionattributabletoparent": 3000000,
        "othercomprehensiveincomelossnetoftaxportionattributabletoparent": -98000000,
        "comprehensiveincomenetoftax": 931000000
    },
    {
        "date": "2023-03-30",
        "symbol": "PYPL",
        "period": "Q1",
        "revenues": 23000000,
        "transactionexpense": 3283000000,
        "transactionandcreditlosses": 442000000,
        "customersupportandoperationsexpense": 488000000,
        "sellingandmarketingexpense": 436000000,
        "technologyanddevelopmentexpense": 721000000,
        "generalandadministrativeexpense": 507000000,
        "restructuringcostsandassetimpairmentcharges": 164000000,
        "operatingexpenses": 6041000000,
        "operatingincomeloss": 999000000,
        "nonoperatingincomeexpense": 2000000,
        "incomelossattributabletoparent": -51000000,
        "incometaxexpensebenefit": 279000000,
        "netincomeloss": -51000000,
        "earningspersharebasic": 0.7,
        "earningspersharediluted": 0.7,
        "weightedaveragenumberofsharesoutstandingbasic": 1129000000,
        "weightedaveragenumberofdilutedsharesoutstanding": 1134000000,
        "othercomprehensiveincomeforeigncurrencytransactionandtranslationadjustmentbeforetaxportionattributabletoparent": -20000000,
        "othercomprehensiveincomelossnetinvestmenthedgegainlossbeforereclassificationandtax": 27000000,
        "othercomprehensiveincomelossnetinvestmenthedgegainlosstax": 6000000,
        "othercomprehensiveincomelosscashflowhedgegainlossafterreclassificationbeforetaxparent": -111000000,
        "othercomprehensiveincomelosscashflowhedgegainlossafterreclassificationtaxparent": -6000000,
        "othercomprehensiveincomeavailableforsalesecuritiesadjustmentbeforetaxportionattributabletoparent": 175000000,
        "othercomprehensiveincomeavailableforsalesecuritiestaxportionattributabletoparent": 41000000,
        "othercomprehensiveincomelossnetoftaxportionattributabletoparent": 30000000,
        "comprehensiveincomenetoftax": 825000000
    },
    {
        "date": "2022-12-30",
        "symbol": "PYPL",
        "period": "Q4",
        "revenues": -152000000,
        "transactionexpense": 3324000000,
        "transactionandcreditlosses": 388000000,
        "customersupportandoperationsexpense": 541000000,
        "sellingandmarketingexpense": 524000000,
        "technologyanddevelopmentexpense": 822000000,
        "generalandadministrativeexpense": 515000000,
        "restructuringcostsandassetimpairmentcharges": 25000000,
        "operatingexpenses": 6139000000,
        "operatingincomeloss": 1244000000,
        "nonoperatingincomeexpense": 332000000,
        "incomelossattributabletoparent": -157000000,
        "incometaxexpensebenefit": 189000000,
        "netincomeloss": -157000000,
        "earningspersharebasic": 0.8000000000000003,
        "earningspersharediluted": 0.8,
        "weightedaveragenumberofsharesoutstandingbasic": -2321000000,
        "weightedaveragenumberofdilutedsharesoutstanding": -2329000000,
        "othercomprehensiveincomeforeigncurrencytransactionandtranslationadjustmentbeforetaxportionattributabletoparent": 296000000,
        "othercomprehensiveincomelossnetinvestmenthedgegainlossbeforereclassificationandtax": -198000000,
        "othercomprehensiveincomelossnetinvestmenthedgegainlosstax": -65000000,
        "othercomprehensiveincomelosscashflowhedgegainlossafterreclassificationbeforetaxparent": -436000000,
        "othercomprehensiveincomeavailableforsalesecuritiesadjustmentbeforetaxportionattributabletoparent": 110000000,
        "othercomprehensiveincomeavailableforsalesecuritiestaxportionattributabletoparent": 26000000,
        "othercomprehensiveincomelossnetoftaxportionattributabletoparent": -247000000,
        "comprehensiveincomenetoftax": 674000000
    },
    {
        "date": "2022-09-29",
        "symbol": "PYPL",
        "period": "Q3",
        "revenues": -156000000,
        "transactionexpense": 2988000000,
        "transactionandcreditlosses": 367000000,
        "customersupportandoperationsexpense": 509000000,
        "sellingandmarketingexpense": 544000000,
        "technologyanddevelopmentexpense": 801000000,
        "generalandadministrativeexpense": 463000000,
        "restructuringcostsandassetimpairmentcharges": 56000000,
        "operatingexpenses": 5728000000,
        "operatingincomeloss": 1118000000,
        "nonoperatingincomeexpense": 460000000,
        "incomelossattributabletoparent": -156000000,
        "incometaxexpensebenefit": 248000000,
        "netincomeloss": -156000000,
        "earningspersharebasic": 1.15,
        "earningspersharediluted": 1.15,
        "weightedaveragenumberofsharesoutstandingbasic": 1154000000,
        "weightedaveragenumberofdilutedsharesoutstanding": 1157000000,
        "othercomprehensiveincomeforeigncurrencytransactionandtranslationadjustmentbeforetaxportionattributabletoparent": -206000000,
        "othercomprehensiveincomelossnetinvestmenthedgegainlossbeforereclassificationandtax": 97000000,
        "othercomprehensiveincomelossnetinvestmenthedgegainlosstax": 23000000,
        "othercomprehensiveincomelosscashflowhedgegainlossafterreclassificationbeforetaxparent": 138000000,
        "othercomprehensiveincomelosscashflowhedgegainlossafterreclassificationtaxparent": 7000000,
        "othercomprehensiveincomeavailableforsalesecuritiesadjustmentbeforetaxportionattributabletoparent": -157000000,
        "othercomprehensiveincomeavailableforsalesecuritiestaxportionattributabletoparent": -41000000,
        "othercomprehensiveincomelossnetoftaxportionattributabletoparent": -117000000,
        "comprehensiveincomenetoftax": 1213000000
    },
    {
        "date": "2022-06-29",
        "symbol": "PYPL",
        "period": "Q2",
        "revenues": -107000000,
        "transactionexpense": 3044000000,
        "transactionandcreditlosses": 448000000,
        "customersupportandoperationsexpense": 536000000,
        "sellingandmarketingexpense": 595000000,
        "technologyanddevelopmentexpense": 815000000,
        "generalandadministrativeexpense": 514000000,
        "restructuringcostsandassetimpairmentcharges": 90000000,
        "operatingexpenses": 6042000000,
        "operatingincomeloss": 764000000,
        "nonoperatingincomeexpense": -715000000,
        "incomelossattributabletoparent": -107000000,
        "incometaxexpensebenefit": 390000000,
        "netincomeloss": -107000000,
        "earningspersharebasic": -0.29,
        "earningspersharediluted": -0.29,
        "weightedaveragenumberofsharesoutstandingbasic": 1158000000,
        "weightedaveragenumberofdilutedsharesoutstanding": 1158000000,
        "othercomprehensiveincomeforeigncurrencytransactionandtranslationadjustmentbeforetaxportionattributabletoparent": -300000000,
        "othercomprehensiveincomelossnetinvestmenthedgegainlossbeforereclassificationandtax": 135000000,
        "othercomprehensiveincomelossnetinvestmenthedgegainlosstax": 31000000,
        "othercomprehensiveincomelosscashflowhedgegainlossafterreclassificationbeforetaxparent": 213000000,
        "othercomprehensiveincomelosscashflowhedgegainlossafterreclassificationtaxparent": 11000000,
        "othercomprehensiveincomeavailableforsalesecuritiesadjustmentbeforetaxportionattributabletoparent": -164000000,
        "othercomprehensiveincomeavailableforsalesecuritiestaxportionattributabletoparent": -38000000,
        "othercomprehensiveincomelossnetoftaxportionattributabletoparent": -120000000,
        "comprehensiveincomenetoftax": -461000000
    },
    {
        "date": "2022-03-30",
        "symbol": "PYPL",
        "period": "Q1",
        "revenues": -47000000,
        "transactionexpense": 2817000000,
        "transactionandcreditlosses": 369000000,
        "customersupportandoperationsexpense": 534000000,
        "sellingandmarketingexpense": 594000000,
        "technologyanddevelopmentexpense": 815000000,
        "generalandadministrativeexpense": 607000000,
        "restructuringcostsandassetimpairmentcharges": 36000000,
        "operatingexpenses": 5772000000,
        "operatingincomeloss": 711000000,
        "nonoperatingincomeexpense": -82000000,
        "incomelossattributabletoparent": -47000000,
        "incometaxexpensebenefit": 120000000,
        "netincomeloss": -47000000,
        "earningspersharebasic": 0.44,
        "earningspersharediluted": 0.43,
        "weightedaveragenumberofsharesoutstandingbasic": 1163000000,
        "weightedaveragenumberofdilutedsharesoutstanding": 1172000000,
        "othercomprehensiveincomeforeigncurrencytransactionandtranslationadjustmentbeforetaxportionattributabletoparent": -95000000,
        "othercomprehensiveincomelossnetinvestmenthedgegainlossbeforereclassificationandtax": 21000000,
        "othercomprehensiveincomelossnetinvestmenthedgegainlosstax": 5000000,
        "othercomprehensiveincomelosscashflowhedgegainlossafterreclassificationbeforetaxparent": -3000000,
        "othercomprehensiveincomeavailableforsalesecuritiesadjustmentbeforetaxportionattributabletoparent": -293000000,
        "othercomprehensiveincomeavailableforsalesecuritiestaxportionattributabletoparent": -67000000,
        "othercomprehensiveincomelossnetoftaxportionattributabletoparent": -308000000,
        "comprehensiveincomenetoftax": 201000000
    },
    {
        "date": "2021-12-30",
        "symbol": "PYPL",
        "period": "Q4",
        "revenues": -2000000,
        "transactionexpense": 2952000000,
        "transactionandcreditlosses": 350000000,
        "customersupportandoperationsexpense": 532000000,
        "sellingandmarketingexpense": 666000000,
        "technologyanddevelopmentexpense": 796000000,
        "generalandadministrativeexpense": 570000000,
        "operatingexpenses": 5868000000,
        "operatingincomeloss": 1050000000,
        "nonoperatingincomeexpense": -344000000,
        "incomelossattributabletoparent": -2000000,
        "incometaxexpensebenefit": -95000000,
        "netincomeloss": -2000000,
        "earningspersharebasic": 0.6799999999999997,
        "earningspersharediluted": 0.68,
        "weightedaveragenumberofdilutedsharesoutstanding": -1000000,
        "othercomprehensiveincomeforeigncurrencytransactionandtranslationadjustmentbeforetaxportionattributabletoparent": -21000000,
        "othercomprehensiveincomelosscashflowhedgegainlossafterreclassificationbeforetaxparent": 88000000,
        "othercomprehensiveincomelossnetoftaxportionattributabletoparent": -12000000,
        "comprehensiveincomenetoftax": 789000000
    },
    {
        "date": "2021-09-29",
        "symbol": "PYPL",
        "period": "Q3",
        "revenues": 44000000,
        "transactionexpense": 2564000000,
        "transactionandcreditlosses": 268000000,
        "customersupportandoperationsexpense": 504000000,
        "sellingandmarketingexpense": 549000000,
        "technologyanddevelopmentexpense": 755000000,
        "generalandadministrativeexpense": 498000000,
        "operatingexpenses": 5139000000,
        "operatingincomeloss": 1043000000,
        "nonoperatingincomeexpense": 122000000,
        "incomelossattributabletoparent": 44000000,
        "incometaxexpensebenefit": 78000000,
        "netincomeloss": 44000000,
        "earningspersharebasic": 0.9300000000000002,
        "earningspersharediluted": 0.9199999999999998,
        "weightedaveragenumberofsharesoutstandingbasic": 0,
        "weightedaveragenumberofdilutedsharesoutstanding": -1000000,
        "othercomprehensiveincomeforeigncurrencytransactionandtranslationadjustmentbeforetaxportionattributabletoparent": -29000000,
        "othercomprehensiveincomelosscashflowhedgegainlossafterreclassificationbeforetaxparent": 204000000,
        "othercomprehensiveincomeavailableforsalesecuritiesadjustmentbeforetaxportionattributabletoparent": 0,
        "othercomprehensiveincomelossnetoftaxportionattributabletoparent": 168000000,
        "comprehensiveincomenetoftax": 1255000000
    },
    {
        "date": "2021-06-29",
        "symbol": "PYPL",
        "period": "Q2",
        "revenues": 89000000,
        "transactionexpense": 2524000000,
        "transactionandcreditlosses": 169000000,
        "customersupportandoperationsexpense": 521000000,
        "sellingandmarketingexpense": 628000000,
        "technologyanddevelopmentexpense": 746000000,
        "generalandadministrativeexpense": 522000000,
        "operatingexpenses": 5111000000,
        "operatingincomeloss": 1127000000,
        "nonoperatingincomeexpense": 229000000,
        "incomelossattributabletoparent": 89000000,
        "incometaxexpensebenefit": 172000000,
        "netincomeloss": 89000000,
        "earningspersharebasic": 1,
        "earningspersharediluted": 0.9999999999999999,
        "weightedaveragenumberofsharesoutstandingbasic": 1000000,
        "weightedaveragenumberofdilutedsharesoutstanding": -2000000,
        "othercomprehensiveincomeforeigncurrencytransactionandtranslationadjustmentbeforetaxportionattributabletoparent": 31000000,
        "othercomprehensiveincomelosscashflowhedgegainlossafterreclassificationbeforetaxparent": 32000000,
        "othercomprehensiveincomelosscashflowhedgegainlossafterreclassificationtaxparent": 0,
        "othercomprehensiveincomeavailableforsalesecuritiesadjustmentbeforetaxportionattributabletoparent": -2000000,
        "othercomprehensiveincomeavailableforsalesecuritiestaxportionattributabletoparent": 0,
        "othercomprehensiveincomelossnetoftaxportionattributabletoparent": 61000000,
        "comprehensiveincomenetoftax": 1245000000
    },
    {
        "date": "2021-03-30",
        "symbol": "PYPL",
        "period": "Q1",
        "revenues": 59000000,
        "transactionexpense": 2275000000,
        "transactionandcreditlosses": 273000000,
        "customersupportandoperationsexpense": 518000000,
        "sellingandmarketingexpense": 602000000,
        "technologyanddevelopmentexpense": 741000000,
        "generalandadministrativeexpense": 524000000,
        "othercostandexpenseoperating": 58000000,
        "operatingexpenses": 4991000000,
        "operatingincomeloss": 1042000000,
        "nonoperatingincomeexpense": -170000000,
        "incomelossattributabletoparent": 59000000,
        "incometaxexpensebenefit": -225000000,
        "netincomeloss": 59000000,
        "earningspersharebasic": 0.94,
        "earningspersharediluted": 0.92,
        "weightedaveragenumberofsharesoutstandingbasic": 1173000000,
        "weightedaveragenumberofdilutedsharesoutstanding": 1190000000,
        "othercomprehensiveincomeforeigncurrencytransactionandtranslationadjustmentbeforetaxportionattributabletoparent": -53000000,
        "othercomprehensiveincomelosscashflowhedgegainlossafterreclassificationbeforetaxparent": 198000000,
        "othercomprehensiveincomelosscashflowhedgegainlossafterreclassificationtaxparent": 3000000,
        "othercomprehensiveincomeavailableforsalesecuritiesadjustmentbeforetaxportionattributabletoparent": -15000000,
        "othercomprehensiveincomeavailableforsalesecuritiestaxportionattributabletoparent": -4000000,
        "othercomprehensiveincomelossnetoftaxportionattributabletoparent": 131000000,
        "comprehensiveincomenetoftax": 1228000000
    },
    {
        "date": "2020-12-30",
        "symbol": "PYPL",
        "period": "Q4",
        "transactionexpense": 2330000000,
        "transactionandcreditlosses": 366000000,
        "customersupportandoperationsexpense": 507000000,
        "sellingandmarketingexpense": 605000000,
        "technologyanddevelopmentexpense": 732000000,
        "generalandadministrativeexpense": 569000000,
        "othercostandexpenseoperating": 44000000,
        "operatingexpenses": 5153000000,
        "operatingincomeloss": 963000000,
        "nonoperatingincomeexpense": 896000000,
        "incomelossattributabletoparent": -38000000,
        "incometaxexpensebenefit": 292000000,
        "netincomeloss": -38000000,
        "earningspersharebasic": 1.33,
        "earningspersharediluted": 1.3199999999999996,
        "weightedaveragenumberofsharesoutstandingbasic": 0,
        "weightedaveragenumberofdilutedsharesoutstanding": 1000000,
        "othercomprehensiveincomeforeigncurrencytransactionandtranslationadjustmentbeforetaxportionattributabletoparent": 63000000,
        "othercomprehensiveincomelosscashflowhedgegainlossafterreclassificationbeforetaxparent": -218000000,
        "othercomprehensiveincomelosscashflowhedgegainlossafterreclassificationtaxparent": -3000000,
        "othercomprehensiveincomeavailableforsalesecuritiesadjustmentbeforetaxportionattributabletoparent": -1000000,
        "othercomprehensiveincomeavailableforsalesecuritiestaxportionattributabletoparent": -1000000,
        "othercomprehensiveincomelossnetoftaxportionattributabletoparent": -152000000,
        "comprehensiveincomenetoftax": 1415000000
    },
    {
        "date": "2020-09-29",
        "symbol": "PYPL",
        "period": "Q3",
        "transactionexpense": 2022000000,
        "transactionandcreditlosses": 344000000,
        "customersupportandoperationsexpense": 449000000,
        "sellingandmarketingexpense": 471000000,
        "technologyanddevelopmentexpense": 674000000,
        "generalandadministrativeexpense": 503000000,
        "othercostandexpenseoperating": 19000000,
        "operatingexpenses": 4482000000,
        "operatingincomeloss": 977000000,
        "nonoperatingincomeexpense": 167000000,
        "incomelossattributabletoparent": -17000000,
        "incometaxexpensebenefit": 123000000,
        "netincomeloss": -17000000,
        "earningspersharebasic": 0.8799999999999999,
        "earningspersharediluted": 0.8600000000000001,
        "weightedaveragenumberofsharesoutstandingbasic": -1173000000,
        "weightedaveragenumberofdilutedsharesoutstanding": -1183000000,
        "othercomprehensiveincomeforeigncurrencytransactionandtranslationadjustmentbeforetaxportionattributabletoparent": 8000000,
        "othercomprehensiveincomelossnetinvestmenthedgegainlossbeforereclassificationandtax": 0,
        "othercomprehensiveincomelosscashflowhedgegainlossafterreclassificationbeforetaxparent": -163000000,
        "othercomprehensiveincomelosscashflowhedgegainlossafterreclassificationtaxparent": -2000000,
        "othercomprehensiveincomeavailableforsalesecuritiesadjustmentbeforetaxportionattributabletoparent": -12000000,
        "othercomprehensiveincomeavailableforsalesecuritiestaxportionattributabletoparent": -3000000,
        "othercomprehensiveincomelossnetoftaxportionattributabletoparent": -162000000,
        "comprehensiveincomenetoftax": 859000000
    },
    {
        "date": "2020-06-29",
        "symbol": "PYPL",
        "period": "Q2",
        "revenues": 33000000,
        "transactionexpense": 1843000000,
        "transactionandcreditlosses": 440000000,
        "customersupportandoperationsexpense": 423000000,
        "sellingandmarketingexpense": 414000000,
        "technologyanddevelopmentexpense": 631000000,
        "generalandadministrativeexpense": 512000000,
        "othercostandexpenseoperating": 47000000,
        "operatingexpenses": 4310000000,
        "operatingincomeloss": 951000000,
        "nonoperatingincomeexpense": 848000000,
        "incomelossattributabletoparent": 33000000,
        "incometaxexpensebenefit": 269000000,
        "netincomeloss": 33000000,
        "earningspersharebasic": 1.3,
        "earningspersharediluted": 1.29,
        "weightedaveragenumberofsharesoutstandingbasic": 1173000000,
        "weightedaveragenumberofdilutedsharesoutstanding": 1184000000,
        "othercomprehensiveincomeforeigncurrencytransactionandtranslationadjustmentbeforetaxportionattributabletoparent": 52000000,
        "othercomprehensiveincomelossnetinvestmenthedgegainlossbeforereclassificationandtax": -16000000,
        "othercomprehensiveincomelosscashflowhedgegainlossafterreclassificationbeforetaxparent": -92000000,
        "othercomprehensiveincomelosscashflowhedgegainlossafterreclassificationtaxparent": -1000000,
        "othercomprehensiveincomeavailableforsalesecuritiesadjustmentbeforetaxportionattributabletoparent": 7000000,
        "othercomprehensiveincomeavailableforsalesecuritiestaxportionattributabletoparent": 2000000,
        "othercomprehensiveincomelossnetoftaxportionattributabletoparent": -50000000,
        "comprehensiveincomenetoftax": 1480000000
    },
    {
        "date": "2020-03-30",
        "symbol": "PYPL",
        "period": "Q1",
        "netincomeloss": 84000000,
        "othercomprehensiveincomeforeigncurrencytransactionandtranslationadjustmentbeforetaxportionattributabletoparent": -171000000,
        "othercomprehensiveincomelossnetinvestmenthedgegainlossbeforereclassificationandtax": 71000000,
        "othercomprehensiveincomelosscashflowhedgegainlossafterreclassificationbeforetaxparent": 144000000,
        "othercomprehensiveincomelosscashflowhedgegainlossafterreclassificationtaxparent": 2000000,
        "othercomprehensiveincomeavailableforsalesecuritiesadjustmentbeforetaxportionattributabletoparent": 15000000,
        "othercomprehensiveincomeavailableforsalesecuritiestaxportionattributabletoparent": 4000000,
        "othercomprehensiveincomelossnetoftaxportionattributabletoparent": 53000000,
        "comprehensiveincomenetoftax": 137000000,
        "revenuefromcontractwithcustomerexcludingassessedtax": 4618000000,
        "transactionexpense": 1739000000,
        "transactionandcreditlosses": 591000000,
        "customersupportandoperationsexpense": 399000000,
        "sellingandmarketingexpense": 371000000,
        "technologyanddevelopmentexpense": 605000000,
        "generalandadministrativeexpense": 486000000,
        "othercostandexpenseoperating": 29000000,
        "operatingexpenses": 4220000000,
        "operatingincomeloss": 398000000,
        "nonoperatingincomeexpense": -135000000,
        "incomelossattributabletoparent": 263000000,
        "incometaxexpensebenefit": 179000000,
        "earningspersharebasic": 0.07,
        "earningspersharediluted": 0.07,
        "weightedaveragenumberofsharesoutstandingbasic": 1173000000,
        "weightedaveragenumberofdilutedsharesoutstanding": 1185000000
    },
    {
        "date": "2019-12-30",
        "symbol": "PYPL",
        "period": "Q4",
        "netincomeloss": 507000000,
        "othercomprehensiveincomelosscashflowhedgegainlossafterreclassificationbeforetaxparent": -183000000,
        "othercomprehensiveincomelossnetoftaxportionattributabletoparent": -121000000,
        "comprehensiveincomenetoftax": 386000000,
        "revenuefromcontractwithcustomerexcludingassessedtax": 4961000000,
        "transactionexpense": 1913000000,
        "transactionandloanlosses": 381000000,
        "customersupportandoperationsexpense": 438000000,
        "sellingandmarketingexpense": 400000000,
        "technologyanddevelopmentexpense": 558000000,
        "generalandadministrativeexpense": 472000000,
        "operatingexpenses": 4162000000,
        "operatingincomeloss": 799000000,
        "nonoperatingincomeexpense": 55000000,
        "incometaxexpensebenefit": 347000000,
        "earningspersharebasic": 0.4299999999999997,
        "earningspersharediluted": 0.4299999999999997,
        "weightedaveragenumberofsharesoutstandingbasic": -1174000000
    },
    {
        "date": "2019-09-29",
        "symbol": "PYPL",
        "period": "Q3",
        "netincomeloss": 462000000,
        "othercomprehensiveincomeforeigncurrencytransactionandtranslationadjustmentbeforetaxportionattributabletoparent": -90000000,
        "othercomprehensiveincomeavailableforsalesecuritiesadjustmentbeforetaxportionattributabletoparent": -5000000,
        "othercomprehensiveincomeavailableforsalesecuritiestaxportionattributabletoparent": -1000000,
        "othercomprehensiveincomelosscashflowhedgegainlossafterreclassificationbeforetaxparent": 71000000,
        "othercomprehensiveincomelosscashflowhedgegainlossafterreclassificationtaxparent": 1000000,
        "othercomprehensiveincomelossnetoftaxportionattributabletoparent": -24000000,
        "comprehensiveincomenetoftax": 438000000,
        "revenuefromcontractwithcustomerexcludingassessedtax": 4378000000,
        "transactionexpense": 1701000000,
        "transactionandloanlosses": 340000000,
        "customersupportandoperationsexpense": 390000000,
        "sellingandmarketingexpense": 316000000,
        "technologyanddevelopmentexpense": 533000000,
        "generalandadministrativeexpense": 401000000,
        "operatingexpenses": 3681000000,
        "operatingincomeloss": 697000000,
        "nonoperatingincomeexpense": -213000000,
        "incomelossattributabletoparent": 484000000,
        "incometaxexpensebenefit": 22000000,
        "earningspersharebasic": 0.39,
        "earningspersharediluted": 0.39,
        "weightedaveragenumberofsharesoutstandingbasic": 1175000000,
        "weightedaveragenumberofdilutedsharesoutstanding": 1188000000
    },
    {
        "date": "2019-06-29",
        "symbol": "PYPL",
        "period": "Q2",
        "netincomeloss": 823000000,
        "othercomprehensiveincomelossforeigncurrencytransactionandtranslationadjustmentbeforetax": 9000000,
        "othercomprehensiveincomelossavailableforsalesecuritiesadjustmentbeforetax": 10000000,
        "othercomprehensiveincomelossavailableforsalesecuritiestax": 4000000,
        "othercomprehensiveincomelosscashflowhedgegainlossafterreclassificationbeforetaxparent": -18000000,
        "othercomprehensiveincomelosscashflowhedgegainlossafterreclassificationtaxparent": 0,
        "othercomprehensiveincomelossnetoftaxportionattributabletoparent": -3000000,
        "comprehensiveincomenetoftax": 820000000,
        "revenuefromcontractwithcustomerexcludingassessedtax": 4305000000,
        "transactionexpense": 1627000000,
        "transactionandloanlosses": 318000000,
        "customersupportandoperationsexpense": 399000000,
        "sellingandmarketingexpense": 356000000,
        "technologyanddevelopmentexpense": 483000000,
        "generalandadministrativeexpense": 419000000,
        "othercostandexpenseoperating": -2000000,
        "operatingexpenses": 3600000000,
        "operatingincomeloss": 705000000,
        "nonoperatingincomeexpense": 238000000,
        "incomelossfromcontinuingoperationsbeforeincometaxesextraordinaryitemsnoncontrollinginterest": 943000000,
        "incometaxexpensebenefit": 120000000,
        "earningspersharebasic": 0.7000000000000001,
        "earningspersharediluted": 0.69,
        "weightedaveragenumberofsharesoutstandingbasic": 2000000,
        "weightedaveragenumberofdilutedsharesoutstanding": 0
    },
    {
        "date": "2019-03-30",
        "symbol": "PYPL",
        "period": "Q1",
        "netincomeloss": 667000000,
        "othercomprehensiveincomelossforeigncurrencytransactionandtranslationadjustmentbeforetax": -67000000,
        "othercomprehensiveincomelossavailableforsalesecuritiesadjustmentbeforetax": 11000000,
        "othercomprehensiveincomelossavailableforsalesecuritiestax": 2000000,
        "othercomprehensiveincomelosscashflowhedgegainlossafterreclassificationbeforetaxparent": -46000000,
        "othercomprehensiveincomelosscashflowhedgegainlossafterreclassificationtaxparent": -1000000,
        "othercomprehensiveincomelossnetoftaxportionattributabletoparent": -103000000,
        "comprehensiveincomenetoftax": 564000000,
        "revenuefromcontractwithcustomerexcludingassessedtax": 4128000000,
        "transactionexpense": 1549000000,
        "transactionandloanlosses": 341000000,
        "customersupportandoperationsexpense": 388000000,
        "sellingandmarketingexpense": 329000000,
        "technologyanddevelopmentexpense": 511000000,
        "generalandadministrativeexpense": 419000000,
        "othercostandexpenseoperating": 73000000,
        "operatingexpenses": 3610000000,
        "operatingincomeloss": 518000000,
        "nonoperatingincomeexpense": 199000000,
        "incomelossfromcontinuingoperationsbeforeincometaxesextraordinaryitemsnoncontrollinginterest": 717000000,
        "incometaxexpensebenefit": 50000000,
        "earningspersharebasic": 0.57,
        "earningspersharediluted": 0.56,
        "weightedaveragenumberofsharesoutstandingbasic": 1171000000,
        "weightedaveragenumberofdilutedsharesoutstanding": 1188000000
    },
    {
        "date": "2018-12-30",
        "symbol": "PYPL",
        "period": "Q4",
        "netincomeloss": 1567000000,
        "othercomprehensiveincomelossforeigncurrencytransactionandtranslationadjustmentbeforetax": -35000000,
        "othercomprehensiveincomelossavailableforsalesecuritiesadjustmentbeforetax": 5000000,
        "othercomprehensiveincomelossavailableforsalesecuritiestax": 1000000,
        "othercomprehensiveincomelossnetoftaxportionattributabletoparent": 12000000,
        "comprehensiveincomenetoftax": 596000000,
        "transactionexpense": 1578000000,
        "transactionandloanlosses": 340000000,
        "customersupportandoperationsexpense": 407000000,
        "sellingandmarketingexpense": 389000000,
        "researchanddevelopmentexpense": 289000000,
        "generalandadministrativeexpense": 390000000,
        "depreciationandamortization": 223000000,
        "othercostandexpenseoperating": -257000000,
        "operatingexpenses": 3628000000,
        "operatingincomeloss": 598000000,
        "nonoperatingincomeexpense": 130000000,
        "incomelossfromcontinuingoperationsbeforeincometaxesextraordinaryitemsnoncontrollinginterest": -557000000,
        "incometaxexpensebenefit": 102000000,
        "earningspersharebasic": 0.5000000000000002,
        "earningspersharediluted": 0.49000000000000016,
        "weightedaveragenumberofsharesoutstandingbasic": -2376000000,
        "weightedaveragenumberofdilutedsharesoutstanding": -2415000000
    },
    {
        "date": "2018-09-29",
        "symbol": "PYPL",
        "period": "Q3",
        "netincomeloss": 8000000,
        "othercomprehensiveincomelossforeigncurrencytransactionandtranslationadjustmentbeforetax": -6000000,
        "othercomprehensiveincomelossavailableforsalesecuritiesadjustmentbeforetax": 4000000,
        "othercomprehensiveincomelossavailableforsalesecuritiestax": 1000000,
        "othercomprehensiveincomelosscashflowhedgegainlossafterreclassificationbeforetaxparent": 34000000,
        "othercomprehensiveincomelosscashflowhedgegainlossafterreclassificationtaxparent": 1000000,
        "othercomprehensiveincomelossnetoftaxportionattributabletoparent": 30000000,
        "comprehensiveincomenetoftax": 466000000,
        "revenuefromcontractwithcustomerexcludingassessedtax": 7000000,
        "transactionexpense": 1366000000,
        "transactionandloanlosses": 295000000,
        "customersupportandoperationsexpense": 367000000,
        "sellingandmarketingexpense": 326000000,
        "researchanddevelopmentexpense": 269000000,
        "generalandadministrativeexpense": 354000000,
        "depreciationandamortization": 188000000,
        "othercostandexpenseoperating": 28000000,
        "operatingexpenses": 3193000000,
        "operatingincomeloss": 490000000,
        "nonoperatingincomeexpense": 1000000,
        "incomelossfromcontinuingoperationsbeforeincometaxesextraordinaryitemsnoncontrollinginterest": 8000000,
        "incometaxexpensebenefit": 97000000,
        "earningspersharebasic": 0.37,
        "earningspersharediluted": 0.36,
        "weightedaveragenumberofsharesoutstandingbasic": 1181000000,
        "weightedaveragenumberofdilutedsharesoutstanding": 1199000000
    },
    {
        "date": "2018-06-29",
        "symbol": "PYPL",
        "period": "Q2",
        "netincomeloss": -29000000,
        "othercomprehensiveincomelossforeigncurrencytransactionandtranslationadjustmentbeforetax": -29000000,
        "othercomprehensiveincomelossavailableforsalesecuritiesadjustmentbeforetax": 5000000,
        "othercomprehensiveincomelossavailableforsalesecuritiestax": 1000000,
        "othercomprehensiveincomelosscashflowhedgegainlossafterreclassificationbeforetaxparent": 233000000,
        "othercomprehensiveincomelosscashflowhedgegainlossafterreclassificationtaxparent": 3000000,
        "othercomprehensiveincomelossnetoftaxportionattributabletoparent": 205000000,
        "comprehensiveincomenetoftax": 731000000,
        "revenuefromcontractwithcustomerexcludingassessedtax": -29000000,
        "transactionexpense": 1362000000,
        "transactionandloanlosses": 334000000,
        "customersupportandoperationsexpense": 357000000,
        "sellingandmarketingexpense": 313000000,
        "researchanddevelopmentexpense": 255000000,
        "generalandadministrativeexpense": 368000000,
        "depreciationandamortization": 180000000,
        "othercostandexpenseoperating": 116000000,
        "operatingexpenses": 3285000000,
        "operatingincomeloss": 572000000,
        "nonoperatingincomeexpense": 37000000,
        "incomelossfromcontinuingoperationsbeforeincometaxesextraordinaryitemsnoncontrollinginterest": -29000000,
        "incometaxexpensebenefit": 83000000,
        "earningspersharebasic": 0.44,
        "earningspersharediluted": 0.44,
        "weightedaveragenumberofsharesoutstandingbasic": 1187000000,
        "weightedaveragenumberofdilutedsharesoutstanding": 1202000000
    },
    {
        "date": "2018-03-30",
        "symbol": "PYPL",
        "period": "Q1",
        "netincomeloss": 511000000,
        "othercomprehensiveincomelossforeigncurrencytransactionandtranslationadjustmentbeforetax": 2000000,
        "othercomprehensiveincomelossavailableforsalesecuritiesadjustmentbeforetax": -15000000,
        "othercomprehensiveincomelossavailableforsalesecuritiestax": -4000000,
        "othercomprehensiveincomelossderivativesqualifyingashedgesbeforetax": -18000000,
        "othercomprehensiveincomelossnetoftaxportionattributabletoparent": -27000000,
        "comprehensiveincomenetoftax": 484000000,
        "salesrevenuenet": 3685000000,
        "transactionexpense": 1275000000,
        "transactionandloanlosses": 305000000,
        "customersupportandoperationsexpense": 351000000,
        "sellingandmarketingexpense": 285000000,
        "researchanddevelopmentexpense": 258000000,
        "generalandadministrativeexpense": 339000000,
        "depreciationandamortization": 185000000,
        "othercostandexpenseoperating": 153000000,
        "operatingexpenses": 3151000000,
        "operatingincomeloss": 534000000,
        "nonoperatingincomeexpense": 14000000,
        "incomelossfromcontinuingoperationsbeforeincometaxesextraordinaryitemsnoncontrollinginterest": 548000000,
        "incometaxexpensebenefit": 37000000,
        "earningspersharebasic": 0.43,
        "earningspersharediluted": 0.42,
        "weightedaveragenumberofsharesoutstandingbasic": 1192000000,
        "weightedaveragenumberofdilutedsharesoutstanding": 1217000000
    },
    {
        "date": "2017-09-29",
        "symbol": "PYPL",
        "period": "Q3",
        "netincomeloss": -13000000,
        "othercomprehensiveincomelossforeigncurrencytransactionandtranslationadjustmentbeforetax": 9000000,
        "othercomprehensiveincomelossderivativesqualifyingashedgesbeforetax": -57000000,
        "othercomprehensiveincomelossderivativesqualifyingashedgestax": -1000000,
        "othercomprehensiveincomelossnetoftaxportionattributabletoparent": -44000000,
        "comprehensiveincomenetoftax": 336000000,
        "salesrevenuenet": 1145000000,
        "transactionexpense": 1102000000,
        "transactionandloanlosses": 363000000,
        "customersupportandoperationsexpense": 346000000,
        "sellingandmarketingexpense": 278000000,
        "researchanddevelopmentexpense": 240000000,
        "generalandadministrativeexpense": 293000000,
        "depreciationandamortization": 194000000,
        "operatingexpenses": 2816000000,
        "operatingincomeloss": 423000000,
        "nonoperatingincomeexpense": 0,
        "incomelossfromcontinuingoperationsbeforeincometaxesextraordinaryitemsnoncontrollinginterest": -13000000,
        "incometaxexpensebenefit": -67000000,
        "earningspersharebasic": 0.3199999999999999,
        "earningspersharediluted": 0.3099999999999999
    },
    {
        "date": "2017-06-29",
        "symbol": "PYPL",
        "period": "Q2",
        "netincomeloss": -326000000,
        "othercomprehensiveincomelossforeigncurrencytransactionandtranslationadjustmentbeforetax": 16000000,
        "othercomprehensiveincomelossavailableforsalesecuritiesadjustmentbeforetax": 0,
        "othercomprehensiveincomelossderivativesqualifyingashedgesbeforetax": -117000000,
        "othercomprehensiveincomelossderivativesqualifyingashedgestax": -2000000,
        "othercomprehensiveincomelossnetoftaxportionattributabletoparent": -100000000,
        "comprehensiveincomenetoftax": 311000000,
        "salesrevenuenet": -807000000,
        "transactionexpense": 1064000000,
        "transactionandloanlosses": 308000000,
        "customersupportandoperationsexpense": 335000000,
        "sellingandmarketingexpense": 284000000,
        "researchanddevelopmentexpense": 232000000,
        "generalandadministrativeexpense": 282000000,
        "depreciationandamortization": 201000000,
        "restructuringcharges": 0,
        "operatingexpenses": 2706000000,
        "operatingincomeloss": 430000000,
        "nonoperatingincomeexpense": -8000000,
        "incomelossfromcontinuingoperationsbeforeincometaxesextraordinaryitemsnoncontrollinginterest": -380000000,
        "incometaxexpensebenefit": 36000000,
        "earningspersharebasic": 0.34,
        "earningspersharediluted": 0.33,
        "weightedaveragenumberofsharesoutstandingbasic": 0,
        "weightedaveragenumberofdilutedsharesoutstanding": 0
    },
    {
        "date": "2017-03-30",
        "symbol": "PYPL",
        "period": "Q1",
        "netincomeloss": 384000000,
        "othercomprehensiveincomelossforeigncurrencytransactionandtranslationadjustmentbeforetax": 13000000,
        "othercomprehensiveincomelossavailableforsalesecuritiesadjustmentbeforetax": 1000000,
        "othercomprehensiveincomelossderivativesqualifyingashedgesbeforetax": -72000000,
        "othercomprehensiveincomelossderivativesqualifyingashedgestax": -1000000,
        "othercomprehensiveincomelossnetoftaxportionattributabletoparent": -57000000,
        "comprehensiveincomenetoftax": 327000000,
        "salesrevenuenet": 2975000000,
        "transactionexpense": 987000000,
        "transactionandloanlosses": 300000000,
        "customersupportandoperationsexpense": 317000000,
        "sellingandmarketingexpense": 238000000,
        "researchanddevelopmentexpense": 214000000,
        "generalandadministrativeexpense": 265000000,
        "depreciationandamortization": 183000000,
        "restructuringcharges": 40000000,
        "operatingexpenses": 2544000000,
        "operatingincomeloss": 431000000,
        "nonoperatingincomeexpense": 7000000,
        "incomelossfromcontinuingoperationsbeforeincometaxesextraordinaryitemsnoncontrollinginterest": 438000000,
        "incometaxexpensebenefit": 54000000,
        "earningspersharebasic": 0.32,
        "earningspersharediluted": 0.32,
        "weightedaveragenumberofsharesoutstandingbasic": 1203000000,
        "weightedaveragenumberofdilutedsharesoutstanding": 1216000000
    },
    {
        "date": "2016-12-30",
        "symbol": "PYPL",
        "period": "Q4",
        "netincomeloss": 1000000000,
        "othercomprehensiveincomelossforeigncurrencytransactionandtranslationadjustmentbeforetax": -19000000,
        "othercomprehensiveincomelossavailableforsalesecuritiesadjustmentbeforetax": -7000000,
        "othercomprehensiveincomelossavailableforsalesecuritiestax": -3000000,
        "othercomprehensiveincomelossderivativesqualifyingashedgesbeforetax": 44000000,
        "othercomprehensiveincomelossnetoftaxportionattributabletoparent": 20000000,
        "comprehensiveincomenetoftax": 410000000,
        "salesrevenuenet": -577000000,
        "transactionexpense": 954000000,
        "transactionandloanlosses": 307000000,
        "customersupportandoperationsexpense": 328000000,
        "sellingandmarketingexpense": 253000000,
        "researchanddevelopmentexpense": 215000000,
        "generalandadministrativeexpense": 275000000,
        "depreciationandamortization": 189000000,
        "operatingexpenses": 2521000000,
        "operatingincomeloss": 460000000,
        "nonoperatingincomeexpense": -27000000,
        "incomelossfromcontinuingoperationsbeforeincometaxesextraordinaryitemsnoncontrollinginterest": -343000000,
        "incometaxexpensebenefit": 79000000,
        "earningspersharebasic": 0.3199999999999999,
        "earningspersharediluted": 0.3099999999999999,
        "weightedaveragenumberofsharesoutstandingbasic": -2423000000,
        "weightedaveragenumberofdilutedsharesoutstanding": -2436000000
    },
    {
        "date": "2016-09-29",
        "symbol": "PYPL",
        "period": "Q3",
        "netincomeloss": 27000000,
        "othercomprehensiveincomelossforeigncurrencytransactionandtranslationadjustmentbeforetax": 1000000,
        "othercomprehensiveincomelossavailableforsalesecuritiesadjustmentbeforetax": -3000000,
        "othercomprehensiveincomelossavailableforsalesecuritiestax": -1000000,
        "othercomprehensiveincomelossderivativesqualifyingashedgesbeforetax": -13000000,
        "othercomprehensiveincomelossderivativesqualifyingashedgestax": -1000000,
        "othercomprehensiveincomelossnetoftaxportionattributabletoparent": -13000000,
        "comprehensiveincomenetoftax": 310000000,
        "salesrevenuenet": 933000000,
        "transactionexpense": 830000000,
        "transactionandloanlosses": 271000000,
        "customersupportandoperationsexpense": 325000000,
        "sellingandmarketingexpense": 233000000,
        "researchanddevelopmentexpense": 215000000,
        "generalandadministrativeexpense": 261000000,
        "depreciationandamortization": 184000000,
        "operatingexpenses": 2319000000,
        "operatingincomeloss": 348000000,
        "nonoperatingincomeexpense": -1000000,
        "incomelossfromcontinuingoperationsbeforeincometaxesextraordinaryitemsnoncontrollinginterest": 27000000,
        "incometaxexpensebenefit": 37000000,
        "earningspersharebasic": 0.27,
        "earningspersharediluted": 0.27,
        "weightedaveragenumberofsharesoutstandingbasic": 1207000000,
        "weightedaveragenumberofdilutedsharesoutstanding": 1214000000
    },
    {
        "date": "2016-06-29",
        "symbol": "PYPL",
        "period": "Q2",
        "netincomeloss": 9000000,
        "othercomprehensiveincomelossforeigncurrencytransactionandtranslationadjustmentbeforetax": -5000000,
        "othercomprehensiveincomelossavailableforsalesecuritiesadjustmentbeforetax": 9000000,
        "othercomprehensiveincomelossavailableforsalesecuritiestax": 3000000,
        "othercomprehensiveincomelossderivativesqualifyingashedgesbeforetax": 79000000,
        "othercomprehensiveincomelossderivativesqualifyingashedgestax": 1000000,
        "othercomprehensiveincomelossnetoftaxportionattributabletoparent": 79000000,
        "comprehensiveincomenetoftax": 402000000,
        "salesrevenuenet": 925000000,
        "transactionexpense": 810000000,
        "transactionandloanlosses": 255000000,
        "customersupportandoperationsexpense": 318000000,
        "sellingandmarketingexpense": 250000000,
        "researchanddevelopmentexpense": 209000000,
        "generalandadministrativeexpense": 261000000,
        "depreciationandamortization": 176000000,
        "operatingexpenses": 2279000000,
        "operatingincomeloss": 371000000,
        "nonoperatingincomeexpense": 9000000,
        "incomelossfromcontinuingoperationsbeforeincometaxesextraordinaryitemsnoncontrollinginterest": 9000000,
        "incometaxexpensebenefit": 57000000,
        "earningspersharebasic": 0.27,
        "earningspersharediluted": 0.27,
        "weightedaveragenumberofsharesoutstandingbasic": 1210000000,
        "weightedaveragenumberofdilutedsharesoutstanding": 1215000000
    },
    {
        "date": "2016-03-30",
        "symbol": "PYPL",
        "period": "Q1",
        "netincomeloss": 365000000,
        "othercomprehensiveincomelossforeigncurrencytransactionandtranslationadjustmentbeforetax": 8000000,
        "othercomprehensiveincomelossavailableforsalesecuritiesadjustmentbeforetax": 12000000,
        "othercomprehensiveincomelossavailableforsalesecuritiestax": 2000000,
        "othercomprehensiveincomelossderivativesqualifyingashedgesbeforetax": -36000000,
        "othercomprehensiveincomelossnetoftaxportionattributabletoparent": -18000000,
        "comprehensiveincomenetoftax": 347000000,
        "salesrevenuenet": 2544000000,
        "transactionexpense": 752000000,
        "transactionandloanlosses": 255000000,
        "customersupportandoperationsexpense": 296000000,
        "sellingandmarketingexpense": 233000000,
        "researchanddevelopmentexpense": 195000000,
        "generalandadministrativeexpense": 231000000,
        "depreciationandamortization": 175000000,
        "operatingexpenses": 2137000000,
        "operatingincomeloss": 407000000,
        "nonoperatingincomeexpense": 15000000,
        "incomelossfromcontinuingoperationsbeforeincometaxesextraordinaryitemsnoncontrollinginterest": 422000000,
        "incometaxexpensebenefit": 57000000,
        "earningspersharebasic": 0.3,
        "earningspersharediluted": 0.3,
        "weightedaveragenumberofsharesoutstandingbasic": 1216000000,
        "weightedaveragenumberofdilutedsharesoutstanding": 1225000000
    },
    {
        "date": "2015-06-29",
        "symbol": "PYPL",
        "period": "Q2",
        "netincomeloss": 62000000,
        "othercomprehensiveincomelossforeigncurrencytransactionandtranslationadjustmentbeforetax": 9000000,
        "othercomprehensiveincomelossavailableforsalesecuritiesadjustmentbeforetax": -2000000,
        "othercomprehensiveincomelossderivativesqualifyingashedgesbeforetax": -124000000,
        "othercomprehensiveincomelossderivativesqualifyingashedgestax": 1000000,
        "othercomprehensiveincomelossnetoftaxportionattributabletoparent": -118000000,
        "comprehensiveincomenetoftax": 187000000,
        "salesrevenuenet": 841000000,
        "transactionexpense": 634000000,
        "transactionandloanlosses": 185000000,
        "customersupportandoperationsexpense": 308000000,
        "sellingandmarketingexpense": 30000000,
        "researchanddevelopmentexpense": 241000000,
        "generalandadministrativeexpense": 135000000,
        "depreciationandamortization": 150000000,
        "restructuringcharges": 1000000,
        "operatingexpenses": 143000000,
        "operatingincomeloss": 398000000,
        "nonoperatingincomeexpense": 1000000,
        "incomelossfromcontinuingoperationsbeforeincometaxesextraordinaryitemsnoncontrollinginterest": 62000000,
        "incometaxexpensebenefit": 94000000,
        "earningspersharebasic": 0.25,
        "earningspersharediluted": 0.25,
        "weightedaveragenumberofsharesoutstandingbasic": 1218000000,
        "weightedaveragenumberofdilutedsharesoutstanding": 1224000000
    }
]