[
    {
        "date": "2024-10-30",
        "symbol": "HPE",
        "period": "Q4",
        "revenuefromcontractwithcustomerexcludingassessedtax": -7793000000,
        "interestincomeoperating": 182000000,
        "revenues": 8458000000,
        "costofgoodsandservicessold": 1761000000,
        "researchanddevelopmentexpense": 527000000,
        "sellinggeneralandadministrativeexpense": 1211000000,
        "amortizationofintangibleassets": 69000000,
        "transformationcosts": 13000000,
        "businesscombinationacquisitionrelatedcosts": 78000000,
        "costsandexpenses": 7765000000,
        "operatingincomeloss": 1021000000,
        "othernonoperatingincomeexpense": 5000000,
        "incomelossfromequitymethodinvestments": -14000000,
        "incomelossfromcontinuingoperationsbeforeincometaxesextraordinaryitemsnoncontrollinginterest": 1417000000,
        "incometaxexpensebenefit": 51000000,
        "earningspersharebasic": 1.0199999999999998,
        "earningspersharediluted": 1.0099999999999998,
        "weightedaveragenumberofsharesoutstandingbasic": 1309000000,
        "weightedaveragenumberofdilutedsharesoutstanding": 1337000000,
        "netincomeloss": 1366000000,
        "othercomprehensiveincomeunrealizedholdinggainlossonsecuritiesarisingduringperiodbeforetax": 2000000,
        "othercomprehensiveincomelossavailableforsalesecuritiesadjustmentbeforetax": 2000000,
        "othercomprehensiveincomelosscashflowhedgegainlossbeforereclassificationandtax": 27000000,
        "othercomprehensiveincomelosscashflowhedgereclassificationfordiscontinuancebeforetax": 44000000,
        "othercomprehensiveincomelosscashflowhedgegainlossafterreclassificationbeforetax": -32000000,
        "othercomprehensiveincomelossactuarialandpriorservicecostsnetperiodicbenefitcostbeforetax": -34000000,
        "othercomprehensiveincomelosspensionandotherpostretirementbenefitplansadjustmentbeforetax": -71000000,
        "othercomprehensiveincomeforeigncurrencytransactionandtranslationadjustmentbeforetaxportionattributabletoparent": 26000000,
        "othercomprehensiveincomelossbeforetaxportionattributabletoparent": 67000000,
        "othercomprehensiveincomelosstaxportionattributabletoparent1": -13000000,
        "comprehensiveincomenetoftax": 1446000000
    },
    {
        "date": "2024-07-30",
        "symbol": "HPE",
        "period": "Q3",
        "revenuefromcontractwithcustomerexcludingassessedtax": -231000000,
        "interestincomeoperating": 168000000,
        "revenues": 7710000000,
        "costofgoodsandservicessold": -528000000,
        "financinginterestexpense": 125000000,
        "researchanddevelopmentexpense": 547000000,
        "sellinggeneralandadministrativeexpense": 1229000000,
        "amortizationofintangibleassets": 60000000,
        "transformationcosts": -17000000,
        "businesscombinationacquisitionrelatedcosts": 37000000,
        "costsandexpenses": 7163000000,
        "operatingincomeloss": 1498000000,
        "othernonoperatingincomeexpense": -12000000,
        "incomelossfromequitymethodinvestments": 73000000,
        "incomelossfromcontinuingoperationsbeforeincometaxesextraordinaryitemsnoncontrollinginterest": 608000000,
        "incometaxexpensebenefit": 96000000,
        "netincomeloss": 512000000,
        "earningspersharebasic": 0.39000000000000007,
        "earningspersharediluted": 0.39000000000000007,
        "weightedaveragenumberofsharesoutstandingbasic": 1308000000,
        "weightedaveragenumberofdilutedsharesoutstanding": 1325000000,
        "othercomprehensiveincomeunrealizedholdinggainlossonsecuritiesarisingduringperiodbeforetax": 3000000,
        "othercomprehensiveincomelossavailableforsalesecuritiesadjustmentbeforetax": 3000000,
        "othercomprehensiveincomelosscashflowhedgegainlossbeforereclassificationandtax": -34000000,
        "othercomprehensiveincomelosscashflowhedgereclassificationfordiscontinuancebeforetax": -3000000,
        "othercomprehensiveincomelosscashflowhedgegainlossafterreclassificationbeforetax": -31000000,
        "othercomprehensiveincomelossactuarialandpriorservicecostsnetperiodicbenefitcostbeforetax": -34000000,
        "othercomprehensiveincomelosspensionandotherpostretirementbenefitplansadjustmentbeforetax": -33000000,
        "othercomprehensiveincomeforeigncurrencytransactionandtranslationadjustmentbeforetaxportionattributabletoparent": -9000000,
        "othercomprehensiveincomelossbeforetaxportionattributabletoparent": -4000000,
        "othercomprehensiveincomelosstaxportionattributabletoparent1": -5000000,
        "othercomprehensiveincomelossnetoftax": 1000000,
        "comprehensiveincomenetoftax": 513000000
    },
    {
        "date": "2024-04-29",
        "symbol": "HPE",
        "period": "Q2",
        "revenuefromcontractwithcustomerexcludingassessedtax": 4324000000,
        "interestincomeoperating": 162000000,
        "revenues": 7204000000,
        "costofgoodsandservicessold": 3017000000,
        "financinginterestexpense": 123000000,
        "researchanddevelopmentexpense": 590000000,
        "sellinggeneralandadministrativeexpense": 1215000000,
        "amortizationofintangibleassets": 67000000,
        "transformationcosts": 33000000,
        "businesscombinationacquisitionrelatedcosts": 46000000,
        "costsandexpenses": 6779000000,
        "operatingincomeloss": 425000000,
        "othernonoperatingincomeexpense": -22000000,
        "incomelossfromequitymethodinvestments": 42000000,
        "incomelossfromcontinuingoperationsbeforeincometaxesextraordinaryitemsnoncontrollinginterest": 445000000,
        "incometaxexpensebenefit": 131000000,
        "netincomeloss": 314000000,
        "earningspersharebasic": 0.24,
        "earningspersharediluted": 0.24,
        "weightedaveragenumberofsharesoutstandingbasic": 1311000000,
        "weightedaveragenumberofdilutedsharesoutstanding": 1325000000,
        "othercomprehensiveincomeunrealizedholdinggainlossonsecuritiesarisingduringperiodbeforetax": -3000000,
        "othercomprehensiveincomelossavailableforsalesecuritiesadjustmentbeforetax": -3000000,
        "othercomprehensiveincomelosscashflowhedgegainlossbeforereclassificationandtax": 169000000,
        "othercomprehensiveincomelosscashflowhedgereclassificationfordiscontinuancebeforetax": 115000000,
        "othercomprehensiveincomelosscashflowhedgegainlossafterreclassificationbeforetax": 54000000,
        "othercomprehensiveincomelosspensionandotherpostretirementbenefitplansnetunamortizedgainlossarisingduringperiodbeforetax": -1000000,
        "othercomprehensiveincomelossactuarialandpriorservicecostsnetperiodicbenefitcostbeforetax": -34000000,
        "othercomprehensiveincomelossfinalizationofpensionandnonpensionpostretirementplanvaluationbeforetax": 1000000,
        "othercomprehensiveincomelosspensionandotherpostretirementbenefitplansadjustmentbeforetax": -34000000,
        "othercomprehensiveincomeforeigncurrencytransactionandtranslationadjustmentbeforetaxportionattributabletoparent": -21000000,
        "othercomprehensiveincomelossbeforetaxportionattributabletoparent": 64000000,
        "othercomprehensiveincomelosstaxportionattributabletoparent1": 14000000,
        "othercomprehensiveincomelossnetoftax": 50000000,
        "comprehensiveincomenetoftax": 364000000
    },
    {
        "date": "2024-01-30",
        "symbol": "HPE",
        "period": "Q1",
        "revenuefromcontractwithcustomerexcludingassessedtax": 3956000000,
        "interestincomeoperating": 156000000,
        "revenues": 6755000000,
        "costofgoodsandservicessold": 2543000000,
        "financinginterestexpense": 119000000,
        "researchanddevelopmentexpense": 582000000,
        "sellinggeneralandadministrativeexpense": 1216000000,
        "amortizationofintangibleassets": 71000000,
        "transformationcosts": 20000000,
        "businesscombinationacquisitionrelatedcosts": 43000000,
        "costsandexpenses": 6230000000,
        "operatingincomeloss": 525000000,
        "othernonoperatingincomeexpense": -88000000,
        "incomelossfromequitymethodinvestments": 46000000,
        "incomelossfromcontinuingoperationsbeforeincometaxesextraordinaryitemsnoncontrollinginterest": 483000000,
        "incometaxexpensebenefit": 96000000,
        "netincomeloss": 387000000,
        "earningspersharebasic": 0.3,
        "earningspersharediluted": 0.29,
        "weightedaveragenumberofsharesoutstandingbasic": 1301000000,
        "weightedaveragenumberofdilutedsharesoutstanding": 1316000000,
        "othercomprehensiveincomeunrealizedholdinggainlossonsecuritiesarisingduringperiodbeforetax": 6000000,
        "othercomprehensiveincomelossavailableforsalesecuritiesadjustmentbeforetax": 6000000,
        "othercomprehensiveincomelosscashflowhedgegainlossbeforereclassificationandtax": -204000000,
        "othercomprehensiveincomelosscashflowhedgereclassificationfordiscontinuancebeforetax": -114000000,
        "othercomprehensiveincomelosscashflowhedgegainlossafterreclassificationbeforetax": -90000000,
        "othercomprehensiveincomelossactuarialandpriorservicecostsnetperiodicbenefitcostbeforetax": -34000000,
        "othercomprehensiveincomelosspensionandotherpostretirementbenefitplansadjustmentbeforetax": -34000000,
        "othercomprehensiveincomeforeigncurrencytransactionandtranslationadjustmentbeforetaxportionattributabletoparent": 13000000,
        "othercomprehensiveincomelossbeforetaxportionattributabletoparent": -37000000,
        "othercomprehensiveincomelosstaxportionattributabletoparent1": -13000000,
        "othercomprehensiveincomelossnetoftax": -24000000,
        "comprehensiveincomenetoftax": 363000000
    },
    {
        "date": "2023-10-30",
        "symbol": "HPE",
        "period": "Q4",
        "revenuefromcontractwithcustomerexcludingassessedtax": 4513000000,
        "interestincomeoperating": 152000000,
        "revenues": 7351000000,
        "costofgoodsandservicessold": 3016000000,
        "researchanddevelopmentexpense": 578000000,
        "sellinggeneralandadministrativeexpense": 1332000000,
        "amortizationofintangibleassets": 72000000,
        "transformationcosts": 56000000,
        "gainlossonrecoveriesandcatastrophes": 4000000,
        "businesscombinationacquisitionrelatedcosts": 18000000,
        "costsandexpenses": 6844000000,
        "operatingincomeloss": 507000000,
        "othernonoperatingincomeexpense": -27000000,
        "incomelossfromequitymethodinvestments": 65000000,
        "incomelossfromcontinuingoperationsbeforeincometaxesextraordinaryitemsnoncontrollinginterest": 549000000,
        "incometaxexpensebenefit": -93000000,
        "netincomeloss": 642000000,
        "earningspersharebasic": 0.4900000000000002,
        "earningspersharediluted": 0.49,
        "weightedaveragenumberofsharesoutstandingbasic": 1299000000,
        "weightedaveragenumberofdilutedsharesoutstanding": 1316000000,
        "othercomprehensiveincomelosscashflowhedgegainlossbeforereclassificationandtax": 348000000,
        "othercomprehensiveincomelosscashflowhedgereclassificationfordiscontinuancebeforetax": 230000000,
        "othercomprehensiveincomelosscashflowhedgegainlossafterreclassificationbeforetax": 118000000,
        "othercomprehensiveincomelossactuarialandpriorservicecostsnetperiodicbenefitcostbeforetax": -36000000,
        "othercomprehensiveincomelosspensionandotherpostretirementbenefitplansadjustmentbeforetax": 61000000,
        "othercomprehensiveincomelossbeforetaxportionattributabletoparent": 33000000,
        "othercomprehensiveincomelosstaxportionattributabletoparent1": -32000000,
        "comprehensiveincomenetoftax": 707000000
    },
    {
        "date": "2023-07-30",
        "symbol": "HPE",
        "period": "Q3",
        "revenuefromcontractwithcustomerexcludingassessedtax": 4231000000,
        "interestincomeoperating": 142000000,
        "revenues": 7002000000,
        "costofgoodsandservicessold": 2744000000,
        "financinginterestexpense": 102000000,
        "researchanddevelopmentexpense": 578000000,
        "sellinggeneralandadministrativeexpense": 1302000000,
        "amortizationofintangibleassets": 72000000,
        "transformationcosts": 65000000,
        "gainlossonrecoveriesandcatastrophes": -1000000,
        "businesscombinationacquisitionrelatedcosts": 21000000,
        "costsandexpenses": 6531000000,
        "operatingincomeloss": 471000000,
        "othernonoperatingincomeexpense": -50000000,
        "taxindemnificationandrelatedadjustments": -45000000,
        "netperiodicdefinedbenefitsexpensereversalofexpenseexcludingservicecostcomponent": 3000000,
        "incomelossfromequitymethodinvestments": 73000000,
        "incomelossfromcontinuingoperationsbeforeincometaxesextraordinaryitemsnoncontrollinginterest": 536000000,
        "incometaxexpensebenefit": 72000000,
        "netincomeloss": 464000000,
        "earningspersharebasic": 0.36,
        "earningspersharediluted": 0.35,
        "weightedaveragenumberofsharesoutstandingbasic": 1299000000,
        "weightedaveragenumberofdilutedsharesoutstanding": 1316000000,
        "othercomprehensiveincomeunrealizedholdinggainlossonsecuritiesarisingduringperiodbeforetax": -1000000,
        "othercomprehensiveincomelossavailableforsalesecuritiesadjustmentbeforetax": -1000000,
        "othercomprehensiveincomelosscashflowhedgegainlossbeforereclassificationandtax": -25000000,
        "othercomprehensiveincomelosscashflowhedgereclassificationfordiscontinuancebeforetax": -60000000,
        "othercomprehensiveincomelosscashflowhedgegainlossafterreclassificationbeforetax": 35000000,
        "othercomprehensiveincomelosspensionandotherpostretirementbenefitplansnetunamortizedgainlossarisingduringperiodbeforetax": -2000000,
        "othercomprehensiveincomelossactuarialandpriorservicecostsnetperiodicbenefitcostbeforetax": -37000000,
        "othercomprehensiveincomelossfinalizationofpensionandnonpensionpostretirementplanvaluationbeforetax": 3000000,
        "othercomprehensiveincomelosspensionandotherpostretirementbenefitplansadjustmentbeforetax": -38000000,
        "othercomprehensiveincomeforeigncurrencytransactionandtranslationadjustmentbeforetaxportionattributabletoparent": -30000000,
        "othercomprehensiveincomelossbeforetaxportionattributabletoparent": 42000000,
        "othercomprehensiveincomelosstaxportionattributabletoparent1": 13000000,
        "othercomprehensiveincomelossnetoftax": 29000000,
        "comprehensiveincomenetoftax": 493000000
    },
    {
        "date": "2023-04-29",
        "symbol": "HPE",
        "period": "Q2",
        "revenuefromcontractwithcustomerexcludingassessedtax": 6784000000,
        "interestincomeoperating": 130000000,
        "revenues": 13107000000,
        "costofgoodsandservicessold": 4585000000,
        "financinginterestexpense": 90000000,
        "researchanddevelopmentexpense": 570000000,
        "sellinggeneralandadministrativeexpense": 1269000000,
        "amortizationofintangibleassets": 71000000,
        "transformationcosts": 140000000,
        "gainlossonrecoveriesandcatastrophes": -3000000,
        "businesscombinationacquisitionrelatedcosts": 19000000,
        "costsandexpenses": 6453000000,
        "operatingincomeloss": 85000000,
        "othernonoperatingincomeexpense": -54000000,
        "taxindemnificationandrelatedadjustments": -6000000,
        "incomelossfromequitymethodinvestments": 49000000,
        "incomelossfromcontinuingoperationsbeforeincometaxesextraordinaryitemsnoncontrollinginterest": 522000000,
        "incometaxexpensebenefit": 104000000,
        "netincomeloss": 418000000,
        "earningspersharebasic": 0.31999999999999995,
        "earningspersharediluted": 0.31999999999999995,
        "weightedaveragenumberofsharesoutstandingbasic": 3000000,
        "weightedaveragenumberofdilutedsharesoutstanding": 2000000,
        "othercomprehensiveincomeunrealizedholdinggainlossonsecuritiesarisingduringperiodbeforetax": 0,
        "othercomprehensiveincomelossavailableforsalesecuritiesadjustmentbeforetax": 0,
        "othercomprehensiveincomelosscashflowhedgegainlossbeforereclassificationandtax": 18000000,
        "othercomprehensiveincomelosscashflowhedgereclassificationfordiscontinuancebeforetax": -39000000,
        "othercomprehensiveincomelosscashflowhedgegainlossafterreclassificationbeforetax": 57000000,
        "othercomprehensiveincomelossactuarialandpriorservicecostsnetperiodicbenefitcostbeforetax": -36000000,
        "othercomprehensiveincomelosspensionandotherpostretirementbenefitplansadjustmentbeforetax": -36000000,
        "othercomprehensiveincomeforeigncurrencytransactionandtranslationadjustmentbeforetaxportionattributabletoparent": -1000000,
        "othercomprehensiveincomelossbeforetaxportionattributabletoparent": 92000000,
        "othercomprehensiveincomelosstaxportionattributabletoparent1": 14000000,
        "othercomprehensiveincomelossnetoftax": 78000000,
        "comprehensiveincomenetoftax": 496000000
    },
    {
        "date": "2023-01-30",
        "symbol": "HPE",
        "period": "Q1",
        "revenuefromcontractwithcustomerexcludingassessedtax": 2572000000,
        "interestincomeoperating": 123000000,
        "revenues": 1675000000,
        "costofgoodsandservicessold": 1613000000,
        "financinginterestexpense": 78000000,
        "researchanddevelopmentexpense": 623000000,
        "sellinggeneralandadministrativeexpense": 1257000000,
        "amortizationofintangibleassets": 73000000,
        "transformationcosts": 22000000,
        "gainlossonrecoveriesandcatastrophes": -1000000,
        "businesscombinationacquisitionrelatedcosts": 11000000,
        "costsandexpenses": 7218000000,
        "operatingincomeloss": 1026000000,
        "othernonoperatingincomeexpense": -25000000,
        "taxindemnificationandrelatedadjustments": 1000000,
        "incomelossfromequitymethodinvestments": 58000000,
        "incomelossfromcontinuingoperationsbeforeincometaxesextraordinaryitemsnoncontrollinginterest": 623000000,
        "incometaxexpensebenefit": 122000000,
        "netincomeloss": 501000000,
        "earningspersharebasic": 0.39,
        "earningspersharediluted": 0.38,
        "weightedaveragenumberofsharesoutstandingbasic": 1298000000,
        "weightedaveragenumberofdilutedsharesoutstanding": 1315000000,
        "othercomprehensiveincomeunrealizedholdinggainlossonsecuritiesarisingduringperiodbeforetax": 5000000,
        "othercomprehensiveincomelossavailableforsalesecuritiesadjustmentbeforetax": 5000000,
        "othercomprehensiveincomelosscashflowhedgegainlossbeforereclassificationandtax": -518000000,
        "othercomprehensiveincomelosscashflowhedgereclassificationfordiscontinuancebeforetax": -247000000,
        "othercomprehensiveincomelosscashflowhedgegainlossafterreclassificationbeforetax": -271000000,
        "othercomprehensiveincomelossactuarialandpriorservicecostsnetperiodicbenefitcostbeforetax": -35000000,
        "othercomprehensiveincomelosspensionandotherpostretirementbenefitplansadjustmentbeforetax": -35000000,
        "othercomprehensiveincomeforeigncurrencytransactionandtranslationadjustmentbeforetaxportionattributabletoparent": 20000000,
        "othercomprehensiveincomelossbeforetaxportionattributabletoparent": -211000000,
        "othercomprehensiveincomelosstaxportionattributabletoparent1": -53000000,
        "othercomprehensiveincomelossnetoftax": -158000000,
        "comprehensiveincomenetoftax": 343000000
    },
    {
        "date": "2022-10-30",
        "symbol": "HPE",
        "period": "Q4",
        "revenuefromcontractwithcustomerexcludingassessedtax": 10131000000,
        "interestincomeoperating": 118000000,
        "revenues": 23567000000,
        "costofgoodsandservicessold": 12451000000,
        "researchanddevelopmentexpense": 515000000,
        "sellinggeneralandadministrativeexpense": 1262000000,
        "amortizationofintangibleassets": 73000000,
        "transformationcosts": 315000000,
        "businesscombinationacquisitionrelatedcosts": -6000000,
        "costsandexpenses": 27552000000,
        "operatingincomeloss": -1564000000,
        "netperiodicdefinedbenefitsexpensereversalofexpenseexcludingservicecostcomponent": -28000000,
        "incomelossfromequitymethodinvestments": 83000000,
        "incomelossfromcontinuingoperationsbeforeincometaxesextraordinaryitemsnoncontrollinginterest": -357000000,
        "incometaxexpensebenefit": -53000000,
        "netincomeloss": -304000000,
        "earningspersharebasic": -0.22999999999999998,
        "earningspersharediluted": -0.21999999999999997,
        "weightedaveragenumberofdilutedsharesoutstanding": -4000000,
        "othercomprehensiveincomeunrealizedholdinggainlossonsecuritiesarisingduringperiodbeforetax": -5000000,
        "othercomprehensiveincomelossavailableforsalesecuritiesadjustmentbeforetax": -5000000,
        "othercomprehensiveincomelosscashflowhedgegainlossbeforereclassificationandtax": 302000000,
        "othercomprehensiveincomelosscashflowhedgereclassificationfordiscontinuancebeforetax": 298000000,
        "othercomprehensiveincomelosscashflowhedgegainlossafterreclassificationbeforetax": 4000000,
        "othercomprehensiveincomelossactuarialandpriorservicecostsnetperiodicbenefitcostbeforetax": -35000000,
        "othercomprehensiveincomelosspensionandotherpostretirementbenefitplansadjustmentbeforetax": 283000000,
        "othercomprehensiveincomelossbeforetaxportionattributabletoparent": -349000000,
        "othercomprehensiveincomelosstaxportionattributabletoparent1": -113000000,
        "comprehensiveincomenetoftax": -540000000
    },
    {
        "date": "2022-07-30",
        "symbol": "HPE",
        "period": "Q3",
        "revenuefromcontractwithcustomerexcludingassessedtax": 2516000000,
        "interestincomeoperating": 121000000,
        "revenues": 1697000000,
        "costofgoodsandservicessold": -3101000000,
        "financinginterestexpense": -95000000,
        "researchanddevelopmentexpense": 509000000,
        "sellinggeneralandadministrativeexpense": 1229000000,
        "amortizationofintangibleassets": 73000000,
        "transformationcosts": 37000000,
        "businesscombinationacquisitionrelatedcosts": 9000000,
        "costsandexpenses": -12857000000,
        "operatingincomeloss": 817000000,
        "netperiodicdefinedbenefitsexpensereversalofexpenseexcludingservicecostcomponent": -34000000,
        "incomelossfromequitymethodinvestments": 68000000,
        "incomelossfromcontinuingoperationsbeforeincometaxesextraordinaryitemsnoncontrollinginterest": 464000000,
        "incometaxexpensebenefit": 55000000,
        "netincomeloss": 409000000,
        "earningspersharebasic": 0.32000000000000006,
        "earningspersharediluted": 0.31000000000000005,
        "weightedaveragenumberofsharesoutstandingbasic": 0,
        "weightedaveragenumberofdilutedsharesoutstanding": -1000000,
        "othercomprehensiveincomeunrealizedholdinggainlossonsecuritiesarisingduringperiodbeforetax": -3000000,
        "othercomprehensiveincomelossavailableforsalesecuritiesadjustmentbeforetax": -3000000,
        "othercomprehensiveincomelosscashflowhedgegainlossbeforereclassificationandtax": 163000000,
        "othercomprehensiveincomelosscashflowhedgereclassificationfordiscontinuancebeforetax": 215000000,
        "othercomprehensiveincomelosscashflowhedgegainlossafterreclassificationbeforetax": -52000000,
        "othercomprehensiveincomelossactuarialandpriorservicecostsnetperiodicbenefitcostbeforetax": -39000000,
        "othercomprehensiveincomelossfinalizationofpensionandnonpensionpostretirementplanvaluationbeforetax": 0,
        "othercomprehensiveincomelosspensionandotherpostretirementbenefitplansadjustmentbeforetax": -39000000,
        "othercomprehensiveincomeforeigncurrencytransactionandtranslationadjustmentbeforetaxportionattributabletoparent": -45000000,
        "othercomprehensiveincomelossbeforetaxportionattributabletoparent": -61000000,
        "othercomprehensiveincomelosstaxportionattributabletoparent1": -8000000,
        "othercomprehensiveincomelossnetoftax": -53000000,
        "comprehensiveincomenetoftax": 356000000
    },
    {
        "date": "2022-04-29",
        "symbol": "HPE",
        "period": "Q2",
        "revenuefromcontractwithcustomerexcludingassessedtax": 2551000000,
        "interestincomeoperating": 122000000,
        "revenues": 1606000000,
        "costofgoodsandservicessold": 1558000000,
        "financinginterestexpense": 148000000,
        "researchanddevelopmentexpense": 517000000,
        "sellinggeneralandadministrativeexpense": 1249000000,
        "amortizationofintangibleassets": 74000000,
        "transformationcosts": 63000000,
        "businesscombinationacquisitionrelatedcosts": 9000000,
        "costsandexpenses": 6506000000,
        "operatingincomeloss": 702000000,
        "othernonoperatingincomeexpense": 0,
        "taxindemnificationandrelatedadjustments": 0,
        "netperiodicdefinedbenefitsexpensereversalofexpenseexcludingservicecostcomponent": -36000000,
        "incomelossfromequitymethodinvestments": 33000000,
        "incomelossfromcontinuingoperationsbeforeincometaxesextraordinaryitemsnoncontrollinginterest": 276000000,
        "incometaxexpensebenefit": 26000000,
        "netincomeloss": 250000000,
        "earningspersharebasic": 0.18999999999999995,
        "earningspersharediluted": 0.17999999999999994,
        "weightedaveragenumberofsharesoutstandingbasic": 2000000,
        "weightedaveragenumberofdilutedsharesoutstanding": 2000000,
        "othercomprehensiveincomeunrealizedholdinggainlossonsecuritiesarisingduringperiodbeforetax": -7000000,
        "othercomprehensiveincomelossavailableforsalesecuritiesadjustmentbeforetax": -7000000,
        "othercomprehensiveincomelosscashflowhedgegainlossbeforereclassificationandtax": 345000000,
        "othercomprehensiveincomelosscashflowhedgereclassificationfordiscontinuancebeforetax": 264000000,
        "othercomprehensiveincomelosscashflowhedgegainlossafterreclassificationbeforetax": 81000000,
        "othercomprehensiveincomelosspensionandotherpostretirementbenefitplansnetunamortizedgainlossarisingduringperiodbeforetax": 0,
        "othercomprehensiveincomelossactuarialandpriorservicecostsnetperiodicbenefitcostbeforetax": -40000000,
        "othercomprehensiveincomelossfinalizationofpensionandnonpensionpostretirementplanvaluationbeforetax": 1000000,
        "othercomprehensiveincomelosspensionandotherpostretirementbenefitplansadjustmentbeforetax": -41000000,
        "othercomprehensiveincomeforeigncurrencytransactionandtranslationadjustmentbeforetaxportionattributabletoparent": -25000000,
        "othercomprehensiveincomelossbeforetaxportionattributabletoparent": 90000000,
        "othercomprehensiveincomelosstaxportionattributabletoparent1": 21000000,
        "othercomprehensiveincomelossnetoftax": 69000000,
        "comprehensiveincomenetoftax": 319000000
    },
    {
        "date": "2022-01-30",
        "symbol": "HPE",
        "period": "Q1",
        "revenuefromcontractwithcustomerexcludingassessedtax": 2596000000,
        "interestincomeoperating": 122000000,
        "revenues": 1626000000,
        "costofgoodsandservicessold": 1555000000,
        "financinginterestexpense": 46000000,
        "researchanddevelopmentexpense": 504000000,
        "sellinggeneralandadministrativeexpense": 1201000000,
        "amortizationofintangibleassets": 73000000,
        "transformationcosts": 58000000,
        "businesscombinationacquisitionrelatedcosts": 7000000,
        "costsandexpenses": 6513000000,
        "operatingincomeloss": 827000000,
        "othernonoperatingincomeexpense": -5000000,
        "taxindemnificationandrelatedadjustments": 17000000,
        "netperiodicdefinedbenefitsexpensereversalofexpenseexcludingservicecostcomponent": -36000000,
        "incomelossfromequitymethodinvestments": 31000000,
        "incomelossfromcontinuingoperationsbeforeincometaxesextraordinaryitemsnoncontrollinginterest": 493000000,
        "incometaxexpensebenefit": -20000000,
        "netincomeloss": 513000000,
        "earningspersharebasic": 0.39,
        "earningspersharediluted": 0.39,
        "weightedaveragenumberofsharesoutstandingbasic": 1304000000,
        "weightedaveragenumberofdilutedsharesoutstanding": 1325000000,
        "othercomprehensiveincomeunrealizedholdinggainlossonsecuritiesarisingduringperiodbeforetax": -1000000,
        "othercomprehensiveincomelossavailableforsalesecuritiesadjustmentbeforetax": -1000000,
        "othercomprehensiveincomelosscashflowhedgegainlossbeforereclassificationandtax": 215000000,
        "othercomprehensiveincomelosscashflowhedgereclassificationfordiscontinuancebeforetax": 201000000,
        "othercomprehensiveincomelosscashflowhedgegainlossafterreclassificationbeforetax": 14000000,
        "othercomprehensiveincomelosspensionandotherpostretirementbenefitplansnetunamortizedgainlossarisingduringperiodbeforetax": 6000000,
        "othercomprehensiveincomelossactuarialandpriorservicecostsnetperiodicbenefitcostbeforetax": -41000000,
        "othercomprehensiveincomelossfinalizationofpensionandnonpensionpostretirementplanvaluationbeforetax": 1000000,
        "othercomprehensiveincomelosspensionandotherpostretirementbenefitplansadjustmentbeforetax": -48000000,
        "othercomprehensiveincomeforeigncurrencytransactionandtranslationadjustmentbeforetaxportionattributabletoparent": -11000000,
        "othercomprehensiveincomelossbeforetaxportionattributabletoparent": 50000000,
        "othercomprehensiveincomelosstaxportionattributabletoparent1": 13000000,
        "othercomprehensiveincomelossnetoftax": 37000000,
        "comprehensiveincomenetoftax": 550000000
    },
    {
        "date": "2021-10-30",
        "symbol": "HPE",
        "period": "Q4",
        "revenuefromcontractwithcustomerexcludingassessedtax": 6334000000,
        "interestincomeoperating": 123000000,
        "revenues": 12562000000,
        "costofgoodsandservicessold": 4677000000,
        "financinginterestexpense": 48000000,
        "researchanddevelopmentexpense": 502000000,
        "sellinggeneralandadministrativeexpense": 1280000000,
        "amortizationofintangibleassets": 78000000,
        "transformationcosts": 343000000,
        "businesscombinationacquisitionrelatedcosts": 2000000,
        "costsandexpenses": 7004000000,
        "operatingincomeloss": -125000000,
        "netperiodicdefinedbenefitsexpensereversalofexpenseexcludingservicecostcomponent": -17000000,
        "incomelossfromequitymethodinvestments": 71000000,
        "incomelossfromcontinuingoperationsbeforeincometaxesextraordinaryitemsnoncontrollinginterest": 2688000000,
        "incometaxexpensebenefit": 135000000,
        "netincomeloss": 2553000000,
        "earningspersharebasic": 1.9500000000000002,
        "earningspersharediluted": 1.9200000000000004,
        "weightedaveragenumberofsharesoutstandingbasic": 1000000,
        "weightedaveragenumberofdilutedsharesoutstanding": 2000000,
        "othercomprehensiveincomeunrealizedholdinggainlossonsecuritiesarisingduringperiodbeforetax": -2000000,
        "othercomprehensiveincomelossavailableforsalesecuritiesadjustmentbeforetax": -2000000,
        "othercomprehensiveincomelosscashflowhedgegainlossbeforereclassificationandtax": 133000000,
        "othercomprehensiveincomelosscashflowhedgereclassificationfordiscontinuancebeforetax": 106000000,
        "othercomprehensiveincomelosscashflowhedgegainlossafterreclassificationbeforetax": 27000000,
        "othercomprehensiveincomelossactuarialandpriorservicecostsnetperiodicbenefitcostbeforetax": -69000000,
        "othercomprehensiveincomelosspensionandotherpostretirementbenefitplansadjustmentbeforetax": -805000000,
        "othercomprehensiveincomelossbeforetaxportionattributabletoparent": 826000000,
        "othercomprehensiveincomelosstaxportionattributabletoparent1": 110000000,
        "comprehensiveincomenetoftax": 3269000000
    },
    {
        "date": "2021-07-30",
        "symbol": "HPE",
        "period": "Q3",
        "revenuefromcontractwithcustomerexcludingassessedtax": 2542000000,
        "interestincomeoperating": 125000000,
        "revenues": 1689000000,
        "costofgoodsandservicessold": 1556000000,
        "financinginterestexpense": 51000000,
        "researchanddevelopmentexpense": 506000000,
        "sellinggeneralandadministrativeexpense": 1291000000,
        "amortizationofintangibleassets": 82000000,
        "transformationcosts": 67000000,
        "businesscombinationacquisitionrelatedcosts": 3000000,
        "costsandexpenses": 6615000000,
        "operatingincomeloss": 757000000,
        "othernonoperatingincomeexpense": -50000000,
        "netperiodicdefinedbenefitsexpensereversalofexpenseexcludingservicecostcomponent": -19000000,
        "incomelossfromequitymethodinvestments": 79000000,
        "incomelossfromcontinuingoperationsbeforeincometaxesextraordinaryitemsnoncontrollinginterest": 406000000,
        "incometaxexpensebenefit": 14000000,
        "netincomeloss": 392000000,
        "earningspersharebasic": 0.30000000000000004,
        "earningspersharediluted": 0.30000000000000004,
        "weightedaveragenumberofsharesoutstandingbasic": 4000000,
        "weightedaveragenumberofdilutedsharesoutstanding": 5000000,
        "othercomprehensiveincomeunrealizedholdinggainlossonsecuritiesarisingduringperiodbeforetax": 1000000,
        "othercomprehensiveincomelossavailableforsalesecuritiesadjustmentbeforetax": 1000000,
        "othercomprehensiveincomelosscashflowhedgegainlossbeforereclassificationandtax": 101000000,
        "othercomprehensiveincomelosscashflowhedgereclassificationfordiscontinuancebeforetax": 36000000,
        "othercomprehensiveincomelosscashflowhedgegainlossafterreclassificationbeforetax": 65000000,
        "othercomprehensiveincomelossactuarialandpriorservicecostsnetperiodicbenefitcostbeforetax": -70000000,
        "othercomprehensiveincomelossfinalizationofpensionandnonpensionpostretirementplanvaluationbeforetax": 0,
        "othercomprehensiveincomelosspensionandotherpostretirementbenefitplansadjustmentbeforetax": -76000000,
        "othercomprehensiveincomeforeigncurrencytransactionandtranslationadjustmentbeforetaxportionattributabletoparent": 2000000,
        "othercomprehensiveincomelossbeforetaxportionattributabletoparent": 144000000,
        "othercomprehensiveincomelosstaxportionattributabletoparent1": 13000000,
        "othercomprehensiveincomelossnetoftax": 131000000,
        "comprehensiveincomenetoftax": 523000000
    },
    {
        "date": "2021-04-29",
        "symbol": "HPE",
        "period": "Q2",
        "revenuefromcontractwithcustomerexcludingassessedtax": 3997000000,
        "interestincomeoperating": 124000000,
        "revenues": 6700000000,
        "costofgoodsandservicessold": 2769000000,
        "financinginterestexpense": 54000000,
        "researchanddevelopmentexpense": 503000000,
        "sellinggeneralandadministrativeexpense": 1199000000,
        "amortizationofintangibleassets": 84000000,
        "transformationcosts": 209000000,
        "businesscombinationacquisitionrelatedcosts": 13000000,
        "costsandexpenses": 6422000000,
        "operatingincomeloss": 278000000,
        "othernonoperatingincomeexpense": -11000000,
        "taxindemnificationadjustments": 0,
        "netperiodicdefinedbenefitsexpensereversalofexpenseexcludingservicecostcomponent": -17000000,
        "incomelossfromequitymethodinvestments": 4000000,
        "incomelossfromcontinuingoperationsbeforeincometaxesextraordinaryitemsnoncontrollinginterest": 288000000,
        "incometaxexpensebenefit": 29000000,
        "netincomeloss": 259000000,
        "earningspersharebasic": 0.19999999999999998,
        "earningspersharediluted": 0.18999999999999997,
        "weightedaveragenumberofsharesoutstandingbasic": 4000000,
        "weightedaveragenumberofdilutedsharesoutstanding": 8000000,
        "othercomprehensiveincomeunrealizedholdinggainlossonsecuritiesarisingduringperiodbeforetax": -5000000,
        "othercomprehensiveincomelossavailableforsalesecuritiesadjustmentbeforetax": -5000000,
        "othercomprehensiveincomelosscashflowhedgegainlossbeforereclassificationandtax": 45000000,
        "othercomprehensiveincomelosscashflowhedgereclassificationfordiscontinuancebeforetax": -20000000,
        "othercomprehensiveincomelosscashflowhedgegainlossafterreclassificationbeforetax": 65000000,
        "othercomprehensiveincomelossactuarialandpriorservicecostsnetperiodicbenefitcostbeforetax": -71000000,
        "othercomprehensiveincomelossfinalizationofpensionandnonpensionpostretirementplanvaluationbeforetax": 1000000,
        "othercomprehensiveincomelosspensionandotherpostretirementbenefitplansadjustmentbeforetax": -95000000,
        "othercomprehensiveincomeforeigncurrencytransactionandtranslationadjustmentbeforetaxportionattributabletoparent": -3000000,
        "othercomprehensiveincomelossbeforetaxportionattributabletoparent": 152000000,
        "othercomprehensiveincomelosstaxportionattributabletoparent1": 18000000,
        "othercomprehensiveincomelossnetoftax": 134000000,
        "comprehensiveincomenetoftax": 393000000
    },
    {
        "date": "2021-01-30",
        "symbol": "HPE",
        "period": "Q1",
        "revenuefromcontractwithcustomerexcludingassessedtax": 4138000000,
        "interestincomeoperating": 122000000,
        "revenues": 6833000000,
        "costofgoodsandservicessold": 2890000000,
        "financinginterestexpense": 59000000,
        "researchanddevelopmentexpense": 468000000,
        "sellinggeneralandadministrativeexpense": 1159000000,
        "amortizationofintangibleassets": 110000000,
        "transformationcosts": 311000000,
        "businesscombinationacquisitionrelatedcosts": 18000000,
        "costsandexpenses": 6611000000,
        "operatingincomeloss": 222000000,
        "othernonoperatingincomeexpense": -44000000,
        "taxindemnificationadjustments": 16000000,
        "netperiodicdefinedbenefitsexpensereversalofexpenseexcludingservicecostcomponent": -17000000,
        "incomelossfromequitymethodinvestments": 26000000,
        "incomelossfromcontinuingoperationsbeforeincometaxesextraordinaryitemsnoncontrollinginterest": 205000000,
        "incometaxexpensebenefit": -18000000,
        "netincomeloss": 223000000,
        "earningspersharebasic": 0.17,
        "earningspersharediluted": 0.17,
        "weightedaveragenumberofsharesoutstandingbasic": 1300000000,
        "weightedaveragenumberofdilutedsharesoutstanding": 1315000000,
        "othercomprehensiveincomeunrealizedholdinggainlossonsecuritiesarisingduringperiodbeforetax": 3000000,
        "othercomprehensiveincomelossavailableforsalesecuritiesadjustmentbeforetax": 3000000,
        "othercomprehensiveincomelosscashflowhedgegainlossbeforereclassificationandtax": -329000000,
        "othercomprehensiveincomelosscashflowhedgereclassificationfordiscontinuancebeforetax": -278000000,
        "othercomprehensiveincomelosscashflowhedgegainlossafterreclassificationbeforetax": -51000000,
        "othercomprehensiveincomelossactuarialandpriorservicecostsnetperiodicbenefitcostbeforetax": -71000000,
        "othercomprehensiveincomelossfinalizationofpensionandnonpensionpostretirementplanvaluationbeforetax": 1000000,
        "othercomprehensiveincomelosspensionandotherpostretirementbenefitplansadjustmentbeforetax": -72000000,
        "othercomprehensiveincomeforeigncurrencytransactionandtranslationadjustmentbeforetaxportionattributabletoparent": 21000000,
        "othercomprehensiveincomelossbeforetaxportionattributabletoparent": 45000000,
        "othercomprehensiveincomelosstaxportionattributabletoparent1": 2000000,
        "othercomprehensiveincomelossnetoftax": 43000000,
        "comprehensiveincomenetoftax": 266000000
    },
    {
        "date": "2020-10-30",
        "symbol": "HPE",
        "period": "Q4",
        "revenues": 15222000000,
        "costofgoodsandservicessold": 3322000000,
        "financinginterestexpense": 62000000,
        "researchanddevelopmentexpense": 484000000,
        "sellinggeneralandadministrativeexpense": 1166000000,
        "amortizationofintangibleassets": 80000000,
        "transformationcosts": 304000000,
        "businesscombinationacquisitionrelatedcosts": 25000000,
        "costsandexpenses": 7063000000,
        "operatingincomeloss": 145000000,
        "taxindemnificationadjustments": 15000000,
        "netperiodicdefinedbenefitsexpensereversalofexpenseexcludingservicecostcomponent": -35000000,
        "incomelossfromequitymethodinvestments": 17000000,
        "incomelossfromcontinuingoperationsbeforeincometaxesextraordinaryitemsnoncontrollinginterest": 125000000,
        "incometaxexpensebenefit": -32000000,
        "netincomeloss": 157000000,
        "earningspersharebasic": 0.12,
        "earningspersharediluted": 0.13,
        "weightedaveragenumberofsharesoutstandingbasic": -2589000000,
        "weightedaveragenumberofdilutedsharesoutstanding": -2612000000,
        "othercomprehensiveincomeunrealizedholdinggainlossonsecuritiesarisingduringperiodbeforetax": -1000000,
        "othercomprehensiveincomelossreclassificationadjustmentfromaociforsaleofsecuritiesbeforetax": -4000000,
        "othercomprehensiveincomelossavailableforsalesecuritiesadjustmentbeforetax": 3000000,
        "othercomprehensiveincomelosspensionandotherpostretirementbenefitplansnetunamortizedgainlossarisingduringperiodbeforetax": -348000000,
        "othercomprehensiveincomelossactuarialandpriorservicecostsnetperiodicbenefitcostbeforetax": -66000000,
        "othercomprehensiveincomelosspensionandotherpostretirementbenefitplansadjustmentbeforetax": 280000000,
        "othercomprehensiveincomelossbeforetaxportionattributabletoparent": -178000000,
        "othercomprehensiveincomelosstaxportionattributabletoparent1": 5000000,
        "comprehensiveincomenetoftax": -26000000
    },
    {
        "date": "2020-07-30",
        "symbol": "HPE",
        "period": "Q3",
        "salestypeanddirectfinancingleasesinterestincome": 115000000,
        "revenues": 4193000000,
        "costofgoodsandservicessold": 3088000000,
        "financinginterestexpense": 65000000,
        "researchanddevelopmentexpense": 455000000,
        "sellinggeneralandadministrativeexpense": 1131000000,
        "amortizationofintangibleassets": 95000000,
        "goodwillimpairmentloss": 865000000,
        "transformationcosts": 357000000,
        "gainlossonrecoveriesandcatastrophes": -2000000,
        "businesscombinationacquisitionrelatedcosts": 15000000,
        "costsandexpenses": 6804000000,
        "operatingincomeloss": 12000000,
        "othernonoperatingincomeexpense": -71000000,
        "taxindemnificationadjustments": 30000000,
        "netperiodicdefinedbenefitsexpensereversalofexpenseexcludingservicecostcomponent": -28000000,
        "incomelossfromequitymethodinvestments": 27000000,
        "incomelossfromcontinuingoperationsbeforeincometaxesextraordinaryitemsnoncontrollinginterest": -34000000,
        "incometaxexpensebenefit": -43000000,
        "netincomeloss": 9000000,
        "earningspersharebasic": 0.01,
        "earningspersharediluted": 0.01,
        "weightedaveragenumberofsharesoutstandingbasic": 1292000000,
        "weightedaveragenumberofdilutedsharesoutstanding": 1300000000,
        "othercomprehensiveincomeunrealizedholdinggainlossonsecuritiesarisingduringperiodbeforetax": 6000000,
        "othercomprehensiveincomelossreclassificationadjustmentfromaociforsaleofsecuritiesbeforetax": 1000000,
        "othercomprehensiveincomelossavailableforsalesecuritiesadjustmentbeforetax": 5000000,
        "othercomprehensiveincomelosscashflowhedgegainlossbeforereclassificationandtax": -456000000,
        "othercomprehensiveincomelosscashflowhedgereclassificationfordiscontinuancebeforetax": -242000000,
        "othercomprehensiveincomelosscashflowhedgegainlossafterreclassificationbeforetax": -214000000,
        "othercomprehensiveincomelosspensionandotherpostretirementbenefitplansnetunamortizedgainlossarisingduringperiodbeforetax": -19000000,
        "othercomprehensiveincomelossactuarialandpriorservicecostsnetperiodicbenefitcostbeforetax": -61000000,
        "othercomprehensiveincomelossfinalizationofpensionandnonpensionpostretirementplanvaluationbeforetax": 7000000,
        "othercomprehensiveincomelosspensionandotherpostretirementbenefitplansadjustmentbeforetax": -49000000,
        "othercomprehensiveincomeforeigncurrencytransactionandtranslationadjustmentbeforetaxportionattributabletoparent": 1000000,
        "othercomprehensiveincomelossbeforetaxportionattributabletoparent": -159000000,
        "othercomprehensiveincomelosstaxportionattributabletoparent1": -28000000,
        "othercomprehensiveincomelossnetoftax": -131000000,
        "comprehensiveincomenetoftax": -122000000
    },
    {
        "date": "2020-04-29",
        "symbol": "HPE",
        "period": "Q2",
        "salestypeanddirectfinancingleasesinterestincome": 115000000,
        "revenues": 3320000000,
        "costofgoodsandservicessold": 2378000000,
        "financinginterestexpense": 71000000,
        "researchanddevelopmentexpense": 450000000,
        "sellinggeneralandadministrativeexpense": 1109000000,
        "amortizationofintangibleassets": 84000000,
        "goodwillimpairmentloss": 865000000,
        "transformationcosts": 200000000,
        "gainlossonrecoveriesandcatastrophes": -22000000,
        "businesscombinationacquisitionrelatedcosts": 18000000,
        "costsandexpenses": 6843000000,
        "operatingincomeloss": -834000000,
        "othernonoperatingincomeexpense": -68000000,
        "taxindemnificationadjustments": 35000000,
        "netperiodicdefinedbenefitsexpensereversalofexpenseexcludingservicecostcomponent": -36000000,
        "incomelossfromequitymethodinvestments": -10000000,
        "incomelossfromcontinuingoperationsbeforeincometaxesextraordinaryitemsnoncontrollinginterest": -911000000,
        "incometaxexpensebenefit": -90000000,
        "netincomeloss": -821000000,
        "earningspersharebasic": -0.64,
        "earningspersharediluted": -0.64,
        "weightedaveragenumberofsharesoutstandingbasic": 1291000000,
        "weightedaveragenumberofdilutedsharesoutstanding": 1291000000,
        "othercomprehensiveincomeunrealizedholdinggainlossonsecuritiesarisingduringperiodbeforetax": -8000000,
        "othercomprehensiveincomelossreclassificationadjustmentfromaociforsaleofsecuritiesbeforetax": 4000000,
        "othercomprehensiveincomelossavailableforsalesecuritiesadjustmentbeforetax": -12000000,
        "othercomprehensiveincomelosscashflowhedgegainlossbeforereclassificationandtax": 296000000,
        "othercomprehensiveincomelosscashflowhedgereclassificationfordiscontinuancebeforetax": 214000000,
        "othercomprehensiveincomelosscashflowhedgegainlossafterreclassificationbeforetax": 82000000,
        "othercomprehensiveincomelosspensionandotherpostretirementbenefitplansnetunamortizedgainlossarisingduringperiodbeforetax": -8000000,
        "othercomprehensiveincomelossactuarialandpriorservicecostsnetperiodicbenefitcostbeforetax": -61000000,
        "othercomprehensiveincomelossfinalizationofpensionandnonpensionpostretirementplanvaluationbeforetax": 1000000,
        "othercomprehensiveincomelosspensionandotherpostretirementbenefitplansadjustmentbeforetax": -54000000,
        "othercomprehensiveincomeforeigncurrencytransactionandtranslationadjustmentbeforetaxportionattributabletoparent": -43000000,
        "othercomprehensiveincomelossbeforetaxportionattributabletoparent": 81000000,
        "othercomprehensiveincomelosstaxportionattributabletoparent1": 6000000,
        "othercomprehensiveincomelossnetoftax": 75000000,
        "comprehensiveincomenetoftax": -746000000
    },
    {
        "date": "2020-01-30",
        "symbol": "HPE",
        "period": "Q1",
        "netincomeloss": 333000000,
        "othercomprehensiveincomeunrealizedholdinggainlossonsecuritiesarisingduringperiodbeforetax": 2000000,
        "othercomprehensiveincomelossreclassificationadjustmentfromaociforsaleofsecuritiesbeforetax": 3000000,
        "othercomprehensiveincomelossavailableforsalesecuritiesadjustmentbeforetax": -1000000,
        "othercomprehensiveincomelosscashflowhedgegainlossbeforereclassificationandtax": 75000000,
        "othercomprehensiveincomelosscashflowhedgereclassificationfordiscontinuancebeforetax": 69000000,
        "othercomprehensiveincomelosscashflowhedgegainlossafterreclassificationbeforetax": 6000000,
        "othercomprehensiveincomelosspensionandotherpostretirementbenefitplansnetunamortizedgainlossarisingduringperiodbeforetax": 17000000,
        "othercomprehensiveincomelossactuarialandpriorservicecostsnetperiodicbenefitcostbeforetax": -61000000,
        "othercomprehensiveincomelosspensionandotherpostretirementbenefitplansadjustmentbeforetax": -78000000,
        "othercomprehensiveincomeforeigncurrencytransactionandtranslationadjustmentbeforetaxportionattributabletoparent": -4000000,
        "othercomprehensiveincomelossbeforetaxportionattributabletoparent": 79000000,
        "othercomprehensiveincomelosstaxportionattributabletoparent1": 9000000,
        "othercomprehensiveincomelossnetoftax": 70000000,
        "comprehensiveincomenetoftax": 403000000,
        "salestypeanddirectfinancingleasesinterestincome": 113000000,
        "revenues": 4247000000,
        "costofgoodsandservicessold": 2910000000,
        "financinginterestexpense": 73000000,
        "researchanddevelopmentexpense": 485000000,
        "sellinggeneralandadministrativeexpense": 1218000000,
        "amortizationofintangibleassets": 120000000,
        "transformationcosts": 89000000,
        "businesscombinationacquisitionrelatedcosts": 22000000,
        "costsandexpenses": 6601000000,
        "operatingincomeloss": 348000000,
        "nonoperatingincomeexpense": -19000000,
        "taxindemnificationadjustments": 21000000,
        "netperiodicdefinedbenefitsexpensereversalofexpenseexcludingservicecostcomponent": -37000000,
        "incomelossfromequitymethodinvestments": 33000000,
        "incomelossfromcontinuingoperationsbeforeincometaxesextraordinaryitemsnoncontrollinginterest": 378000000,
        "incometaxexpensebenefit": 45000000,
        "earningspersharebasic": 0.26,
        "earningspersharediluted": 0.25,
        "weightedaveragenumberofsharesoutstandingbasic": 1300000000,
        "weightedaveragenumberofdilutedsharesoutstanding": 1315000000
    },
    {
        "date": "2019-10-30",
        "symbol": "HPE",
        "period": "Q4",
        "netincomeloss": 480000000,
        "othercomprehensiveincomeunrealizedholdinggainlossonsecuritiesarisingduringperiodbeforetax": 1000000,
        "othercomprehensiveincomelossavailableforsalesecuritiesadjustmentbeforetax": 1000000,
        "othercomprehensiveincomeunrealizedgainlossonderivativesarisingduringperiodbeforetax": 83000000,
        "othercomprehensiveincomelossreclassificationadjustmentfromaocionderivativesbeforetax": 112000000,
        "othercomprehensiveincomederivativesqualifyingashedgesbeforetaxportionattributabletoparent": -29000000,
        "othercomprehensiveincomelosspensionandotherpostretirementbenefitplansnetunamortizedgainlossarisingduringperiodbeforetax": -623000000,
        "othercomprehensiveincomelossactuarialandpriorservicecostsnetperiodicbenefitcostbeforetax": -55000000,
        "othercomprehensiveincomelossfinalizationofpensionandnonpensionpostretirementplanvaluationbeforetax": 3000000,
        "othercomprehensiveincomelosspensionandotherpostretirementbenefitplansadjustmentbeforetax": 565000000,
        "othercomprehensiveincomelossbeforetaxportionattributabletoparent": -609000000,
        "othercomprehensiveincomelosstaxportionattributabletoparent1": -32000000,
        "comprehensiveincomenetoftax": -97000000,
        "revenues": 15426000000,
        "costofgoodsandservicessold": 3037000000,
        "financinginterestexpense": 75000000,
        "researchanddevelopmentexpense": 438000000,
        "sellinggeneralandadministrativeexpense": 1229000000,
        "amortizationofintangibleassets": 68000000,
        "restructuringcharges": 76000000,
        "transformationcosts": 151000000,
        "businesscombinationacquisitionrelatedcosts": 47000000,
        "costsandexpenses": 6755000000,
        "operatingincomeloss": 460000000,
        "nonoperatingincomeexpense": -38000000,
        "taxindemnificationadjustments": -288000000,
        "netperiodicdefinedbenefitsexpensereversalofexpenseexcludingservicecostcomponent": -14000000,
        "incomelossfromequitymethodinvestments": -1000000,
        "incomelossfromcontinuingoperationsbeforeincometaxesextraordinaryitemsnoncontrollinginterest": 723000000,
        "incometaxexpensebenefit": 243000000,
        "incomelossfromcontinuingoperations": 480000000,
        "incomelossfromcontinuingoperationsperbasicshare": 0.36000000000000004,
        "earningspersharebasic": 0.36000000000000004,
        "incomelossfromcontinuingoperationsperdilutedshare": 0.36000000000000004,
        "earningspersharediluted": 0.36000000000000004,
        "weightedaveragenumberofdilutedsharesoutstanding": -14000000
    },
    {
        "date": "2019-07-30",
        "symbol": "HPE",
        "period": "Q3",
        "netincomeloss": -27000000,
        "othercomprehensiveincomeunrealizedholdinggainlossonsecuritiesarisingduringperiodbeforetax": 3000000,
        "othercomprehensiveincomelossavailableforsalesecuritiesadjustmentbeforetax": 3000000,
        "othercomprehensiveincomeunrealizedgainlossonderivativesarisingduringperiodbeforetax": 230000000,
        "othercomprehensiveincomelossreclassificationadjustmentfromaocionderivativesbeforetax": 58000000,
        "othercomprehensiveincomederivativesqualifyingashedgesbeforetaxportionattributabletoparent": 5000000,
        "othercomprehensiveincomelosspensionandotherpostretirementbenefitplansnetunamortizedgainlossarisingduringperiodbeforetax": -31000000,
        "othercomprehensiveincomelossactuarialandpriorservicecostsnetperiodicbenefitcostbeforetax": -54000000,
        "othercomprehensiveincomelossfinalizationofpensionandnonpensionpostretirementplanvaluationbeforetax": 5000000,
        "othercomprehensiveincomelosspensionandotherpostretirementbenefitplansadjustmentbeforetax": -28000000,
        "othercomprehensiveincomeforeigncurrencytransactionandtranslationadjustmentbeforetaxportionattributabletoparent": -8000000,
        "othercomprehensiveincomelossbeforetaxportionattributabletoparent": 28000000,
        "othercomprehensiveincomelosstaxportionattributabletoparent1": -2000000,
        "othercomprehensiveincomelossnetoftax": 30000000,
        "comprehensiveincomenetoftax": 3000000,
        "capitalleasesincomestatementleaserevenue": 114000000,
        "revenues": 12360000000,
        "costofgoodsandservicessold": 6019000000,
        "financinginterestexpense": 74000000,
        "researchanddevelopmentexpense": 481000000,
        "sellinggeneralandadministrativeexpense": 1253000000,
        "amortizationofintangibleassets": 58000000,
        "restructuringcharges": 92000000,
        "transformationcosts": 164000000,
        "businesscombinationacquisitionrelatedcosts": 563000000,
        "costsandexpenses": 7293000000,
        "operatingincomeloss": 785000000,
        "nonoperatingincomeexpense": -214000000,
        "taxindemnificationadjustments": 134000000,
        "netperiodicdefinedbenefitsexpensereversalofexpenseexcludingservicecostcomponent": -12000000,
        "incomelossfromequitymethodinvestments": 3000000,
        "incomelossfromcontinuingoperationsbeforeincometaxesextraordinaryitemsnoncontrollinginterest": -265000000,
        "incometaxexpensebenefit": -238000000,
        "incomelossfromcontinuingoperations": 368000000,
        "incomelossfromcontinuingoperationsperbasicshare": -0.010000000000000009,
        "earningspersharebasic": -0.010000000000000009,
        "incomelossfromcontinuingoperationsperdilutedshare": -0.020000000000000018,
        "earningspersharediluted": -0.020000000000000018,
        "commonstockdividendspersharedeclared": 0.11250000000000003,
        "weightedaveragenumberofsharesoutstandingbasic": -17000000,
        "weightedaveragenumberofdilutedsharesoutstanding": -17000000
    },
    {
        "date": "2019-04-29",
        "symbol": "HPE",
        "period": "Q2",
        "netincomeloss": 419000000,
        "othercomprehensiveincomeunrealizedholdinggainlossonsecuritiesarisingduringperiodbeforetax": 3000000,
        "othercomprehensiveincomelossreclassificationadjustmentfromaociforsaleofsecuritiesbeforetax": 0,
        "othercomprehensiveincomelossavailableforsalesecuritiesadjustmentbeforetax": 3000000,
        "othercomprehensiveincomeunrealizedgainlossonderivativesarisingduringperiodbeforetax": -39000000,
        "othercomprehensiveincomelossreclassificationadjustmentfromaocionderivativesbeforetax": 68000000,
        "othercomprehensiveincomederivativesqualifyingashedgesbeforetaxportionattributabletoparent": 60000000,
        "othercomprehensiveincomelosspensionandotherpostretirementbenefitplansnetunamortizedgainlossarisingduringperiodbeforetax": 8000000,
        "othercomprehensiveincomelossactuarialandpriorservicecostsnetperiodicbenefitcostbeforetax": -55000000,
        "othercomprehensiveincomelossfinalizationofpensionandnonpensionpostretirementplanvaluationbeforetax": 2000000,
        "othercomprehensiveincomelosspensionandotherpostretirementbenefitplansadjustmentbeforetax": -65000000,
        "othercomprehensiveincomeforeigncurrencytransactionandtranslationadjustmentbeforetaxportionattributabletoparent": -6000000,
        "othercomprehensiveincomelossbeforetaxportionattributabletoparent": 122000000,
        "othercomprehensiveincomelosstaxportionattributabletoparent1": 8000000,
        "othercomprehensiveincomelossnetoftax": 114000000,
        "comprehensiveincomenetoftax": 533000000,
        "capitalleasesincomestatementleaserevenue": 116000000,
        "revenues": -6204000000,
        "costofgoodsandservicessold": 1712000000,
        "financinginterestexpense": 75000000,
        "researchanddevelopmentexpense": 457000000,
        "sellinggeneralandadministrativeexpense": 1214000000,
        "amortizationofintangibleassets": 69000000,
        "restructuringcharges": 23000000,
        "transformationcosts": 60000000,
        "businesscombinationacquisitionrelatedcosts": 84000000,
        "costsandexpenses": 6716000000,
        "operatingincomeloss": -427000000,
        "nonoperatingincomeexpense": 126000000,
        "taxindemnificationadjustments": -4000000,
        "netperiodicdefinedbenefitsexpensereversalofexpenseexcludingservicecostcomponent": -17000000,
        "incomelossfromequitymethodinvestments": 3000000,
        "incomelossfromcontinuingoperationsbeforeincometaxesextraordinaryitemsnoncontrollinginterest": 440000000,
        "incometaxexpensebenefit": 21000000,
        "incomelossfromcontinuingoperations": 24000000,
        "incomelossfromcontinuingoperationsperbasicshare": 0.3,
        "earningspersharebasic": 0.3,
        "incomelossfromcontinuingoperationsperdilutedshare": 0.3,
        "earningspersharediluted": 0.3,
        "commonstockdividendspersharedeclared": 0.1125,
        "weightedaveragenumberofsharesoutstandingbasic": -17000000,
        "weightedaveragenumberofdilutedsharesoutstanding": -15000000
    },
    {
        "date": "2019-01-30",
        "symbol": "HPE",
        "period": "Q1",
        "netincomeloss": 177000000,
        "othercomprehensiveincomeunrealizedholdinggainlossonsecuritiesarisingduringperiodbeforetax": 2000000,
        "othercomprehensiveincomelossreclassificationadjustmentfromaociforsaleofsecuritiesbeforetax": 3000000,
        "othercomprehensiveincomelossavailableforsalesecuritiesadjustmentbeforetax": -1000000,
        "othercomprehensiveincomeunrealizedgainlossonderivativesarisingduringperiodbeforetax": 34000000,
        "othercomprehensiveincomelossreclassificationadjustmentfromaocionderivativesbeforetax": 133000000,
        "othercomprehensiveincomederivativesqualifyingashedgesbeforetaxportionattributabletoparent": -99000000,
        "othercomprehensiveincomelosspensionandotherpostretirementbenefitplansnetunamortizedgainlossarisingduringperiodbeforetax": -55000000,
        "othercomprehensiveincomelossactuarialandpriorservicecostsnetperiodicbenefitcostbeforetax": -52000000,
        "othercomprehensiveincomelossfinalizationofpensionandnonpensionpostretirementplanvaluationbeforetax": 5000000,
        "othercomprehensiveincomelosspensionandotherpostretirementbenefitplansadjustmentbeforetax": -2000000,
        "othercomprehensiveincomeforeigncurrencytransactionandtranslationadjustmentbeforetaxportionattributabletoparent": 12000000,
        "othercomprehensiveincomelossbeforetaxportionattributabletoparent": -86000000,
        "othercomprehensiveincomelosstaxportionattributabletoparent1": -10000000,
        "othercomprehensiveincomelossnetoftax": -76000000,
        "comprehensiveincomenetoftax": 101000000,
        "capitalleasesincomestatementleaserevenue": 112000000,
        "revenues": 7553000000,
        "costofgoodsandservicessold": 1765000000,
        "financinginterestexpense": 73000000,
        "researchanddevelopmentexpense": 466000000,
        "sellinggeneralandadministrativeexpense": 1211000000,
        "amortizationofintangibleassets": 72000000,
        "restructuringcharges": 28000000,
        "transformationcosts": 78000000,
        "businesscombinationacquisitionrelatedcosts": 63000000,
        "costsandexpenses": 7097000000,
        "operatingincomeloss": 456000000,
        "nonoperatingincomeexpense": -51000000,
        "taxindemnificationadjustments": -219000000,
        "netperiodicdefinedbenefitsexpensereversalofexpenseexcludingservicecostcomponent": -16000000,
        "incomelossfromequitymethodinvestments": 15000000,
        "incomelossfromcontinuingoperationsbeforeincometaxesextraordinaryitemsnoncontrollinginterest": 655000000,
        "incometaxexpensebenefit": 478000000,
        "incomelossfromcontinuingoperations": 177000000,
        "incomelossfromcontinuingoperationsperbasicshare": 0.13,
        "earningspersharebasic": 0.13,
        "incomelossfromcontinuingoperationsperdilutedshare": 0.13,
        "earningspersharediluted": 0.13,
        "commonstockdividendspersharedeclared": 0.1125,
        "weightedaveragenumberofsharesoutstandingbasic": 1401000000,
        "weightedaveragenumberofdilutedsharesoutstanding": 1412000000
    },
    {
        "date": "2018-10-30",
        "symbol": "HPE",
        "period": "Q4",
        "othercomprehensiveincomelossavailableforsalesecuritiesadjustmentbeforetax": -2000000,
        "othercomprehensiveincomeunrealizedgainlossonderivativesarisingduringperiodbeforetax": 119000000,
        "othercomprehensiveincomelossreclassificationadjustmentfromaocionderivativesbeforetax": 70000000,
        "othercomprehensiveincomederivativesqualifyingashedgesbeforetaxportionattributabletoparent": 49000000,
        "othercomprehensiveincomelossactuarialandpriorservicecostsnetperiodicbenefitcostbeforetax": -48000000,
        "othercomprehensiveincomelosspensionandotherpostretirementbenefitplansadjustmentbeforetax": 341000000,
        "othercomprehensiveincomelossnetoftax": -100000000,
        "salesrevenuegoodsnet": 5090000000,
        "salesrevenueservicesnet": 2741000000,
        "capitalleasesincomestatementleaserevenue": 115000000,
        "revenues": 18560000000,
        "costofgoodssold": 3651000000,
        "costofservices": 1767000000,
        "financialservicescosts": 71000000,
        "researchanddevelopmentexpense": 439000000,
        "sellinggeneralandadministrativeexpense": 1219000000,
        "amortizationofintangibleassets": 72000000,
        "restructuringcharges": 5000000,
        "transformationcosts": -74000000,
        "businesscombinationacquisitionrelatedcosts": 12000000,
        "costsandexpenses": 7262000000,
        "operatingincomeloss": 82000000,
        "nonoperatingincomeexpense": 12000000,
        "taxindemnificationadjustments": 12000000,
        "incomelossfromequitymethodinvestments": 15000000,
        "incomelossfromcontinuingoperationsbeforeincometaxesextraordinaryitemsnoncontrollinginterest": 70000000,
        "incometaxexpensebenefit": 3258000000,
        "incomelossfromcontinuingoperations": -772000000,
        "incomelossfromdiscontinuedoperationsnetoftaxattributabletoreportingentity": 15000000,
        "incomelossfromcontinuingoperationsperbasicshare": -0.4700000000000002,
        "earningspersharebasic": -0.46999999999999986,
        "incomelossfromcontinuingoperationsperdilutedshare": -0.4600000000000001,
        "incomelossfromdiscontinuedoperationsnetoftaxperdilutedshare": 0,
        "earningspersharediluted": -0.4600000000000001,
        "commonstockdividendspersharedeclared": 0.11249999999999996,
        "weightedaveragenumberofdilutedsharesoutstanding": -25000000
    },
    {
        "date": "2018-07-30",
        "symbol": "HPE",
        "period": "Q3",
        "netincomeloss": 451000000,
        "othercomprehensiveincomelossreclassificationadjustmentfromaociforsaleofsecuritiesbeforetax": 0,
        "othercomprehensiveincomelossavailableforsalesecuritiesadjustmentbeforetax": -2000000,
        "othercomprehensiveincomeunrealizedgainlossonderivativesarisingduringperiodbeforetax": 149000000,
        "othercomprehensiveincomelossreclassificationadjustmentfromaocionderivativesbeforetax": 43000000,
        "othercomprehensiveincomederivativesqualifyingashedgesbeforetaxportionattributabletoparent": 106000000,
        "othercomprehensiveincomelossactuarialandpriorservicecostsnetperiodicbenefitcostbeforetax": -47000000,
        "othercomprehensiveincomelosspensionandotherpostretirementbenefitplansadjustmentbeforetax": -31000000,
        "othercomprehensiveincomelossbeforetaxportionattributabletoparent": 95000000,
        "othercomprehensiveincomelosstaxportionattributabletoparent1": 19000000,
        "othercomprehensiveincomelossnetoftax": -38000000,
        "comprehensiveincomenetoftax": 527000000,
        "salesrevenuegoodsnet": 4944000000,
        "salesrevenueservicesnet": 2711000000,
        "capitalleasesincomestatementleaserevenue": 109000000,
        "revenues": 784000000,
        "costofgoodssold": 3515000000,
        "costofservices": 1800000000,
        "financialservicescosts": 69000000,
        "researchanddevelopmentexpense": 434000000,
        "sellinggeneralandadministrativeexpense": 1203000000,
        "amortizationofintangibleassets": 72000000,
        "restructuringcharges": 2000000,
        "transformationcosts": 131000000,
        "businesscombinationacquisitionrelatedcosts": 24000000,
        "costsandexpenses": 7248000000,
        "operatingincomeloss": 91000000,
        "nonoperatingincomeexpense": 14000000,
        "taxindemnificationadjustments": -2000000,
        "incomelossfromequitymethodinvestments": 11000000,
        "incomelossfromcontinuingoperationsbeforeincometaxesextraordinaryitemsnoncontrollinginterest": 43000000,
        "incometaxexpensebenefit": 13000000,
        "incomelossfromcontinuingoperations": 452000000,
        "incomelossfromdiscontinuedoperationsnetoftaxattributabletoreportingentity": -1000000,
        "incomelossfromcontinuingoperationsperbasicshare": 0.31000000000000016,
        "incomelossfromdiscontinuedoperationsnetoftaxperbasicshare": 0,
        "earningspersharebasic": 0.30999999999999994,
        "incomelossfromcontinuingoperationsperdilutedshare": 0.30000000000000016,
        "incomelossfromdiscontinuedoperationsnetoftaxperdilutedshare": 0.009999999999999995,
        "earningspersharediluted": 0.31000000000000016,
        "commonstockdividendspersharedeclared": 0.11249999999999996,
        "weightedaveragenumberofsharesoutstandingbasic": -19000000,
        "weightedaveragenumberofdilutedsharesoutstanding": -23000000
    },
    {
        "date": "2018-04-29",
        "symbol": "HPE",
        "period": "Q2",
        "netincomeloss": 778000000,
        "othercomprehensiveincomeunrealizedholdinggainlossonsecuritiesarisingduringperiodbeforetax": 0,
        "othercomprehensiveincomelossreclassificationadjustmentfromaociforsaleofsecuritiesbeforetax": 17000000,
        "othercomprehensiveincomelossavailableforsalesecuritiesadjustmentbeforetax": -17000000,
        "othercomprehensiveincomeunrealizedgainlossonderivativesarisingduringperiodbeforetax": 82000000,
        "othercomprehensiveincomelossreclassificationadjustmentfromaocionderivativesbeforetax": -91000000,
        "othercomprehensiveincomederivativesqualifyingashedgesbeforetaxportionattributabletoparent": 173000000,
        "othercomprehensiveincomelosspensionandotherpostretirementbenefitplansnetunamortizedgainlossarisingduringperiodbeforetax": 0,
        "othercomprehensiveincomelossactuarialandpriorservicecostsnetperiodicbenefitcostbeforetax": -49000000,
        "othercomprehensiveincomelosspensionandotherpostretirementbenefitplansadjustmentbeforetax": -51000000,
        "othercomprehensiveincomelossbeforetaxportionattributabletoparent": 181000000,
        "othercomprehensiveincomelosstaxportionattributabletoparent1": 22000000,
        "othercomprehensiveincomelossnetoftax": 61000000,
        "comprehensiveincomenetoftax": 937000000,
        "salesrevenuegoodsnet": 4610000000,
        "salesrevenueservicesnet": 2746000000,
        "capitalleasesincomestatementleaserevenue": 112000000,
        "revenues": -6358000000,
        "costofgoodssold": 3320000000,
        "costofservices": 1806000000,
        "financialservicescosts": 70000000,
        "researchanddevelopmentexpense": 402000000,
        "sellinggeneralandadministrativeexpense": 1227000000,
        "amortizationofintangibleassets": 72000000,
        "restructuringcharges": 9000000,
        "transformationcosts": 123000000,
        "businesscombinationacquisitionrelatedcosts": 16000000,
        "separationcosts": 26000000,
        "costsandexpenses": 7071000000,
        "operatingincomeloss": -197000000,
        "nonoperatingincomeexpense": 11000000,
        "taxindemnificationadjustments": 425000000,
        "incomelossfromequitymethodinvestments": -10000000,
        "incomelossfromcontinuingoperationsbeforeincometaxesextraordinaryitemsnoncontrollinginterest": 536000000,
        "incometaxexpensebenefit": -966000000,
        "incomelossfromcontinuingoperations": 850000000,
        "incomelossfromdiscontinuedoperationsnetoftaxattributabletoreportingentity": -72000000,
        "incomelossfromcontinuingoperationsperbasicshare": 0.5499999999999999,
        "incomelossfromdiscontinuedoperationsnetoftaxperbasicshare": -0.04000000000000001,
        "earningspersharebasic": 0.5099999999999999,
        "incomelossfromcontinuingoperationsperdilutedshare": 0.5399999999999999,
        "incomelossfromdiscontinuedoperationsnetoftaxperdilutedshare": -0.05,
        "earningspersharediluted": 0.4899999999999999,
        "commonstockdividendspersharedeclared": 0.11250000000000002,
        "weightedaveragenumberofsharesoutstandingbasic": -20000000,
        "weightedaveragenumberofdilutedsharesoutstanding": -18000000
    },
    {
        "date": "2018-01-30",
        "symbol": "HPE",
        "period": "Q1",
        "netincomeloss": 1436000000,
        "othercomprehensiveincomeunrealizedholdinggainlossonsecuritiesarisingduringperiodbeforetax": 1000000,
        "othercomprehensiveincomelossreclassificationadjustmentfromaociforsaleofsecuritiesbeforetax": -8000000,
        "othercomprehensiveincomelossavailableforsalesecuritiesadjustmentbeforetax": 9000000,
        "othercomprehensiveincomeunrealizedgainlossonderivativesarisingduringperiodbeforetax": -181000000,
        "othercomprehensiveincomelossreclassificationadjustmentfromaocionderivativesbeforetax": -30000000,
        "othercomprehensiveincomederivativesqualifyingashedgesbeforetaxportionattributabletoparent": -151000000,
        "othercomprehensiveincomelosspensionandotherpostretirementbenefitplansnetunamortizedgainlossarisingduringperiodbeforetax": 2000000,
        "othercomprehensiveincomelossactuarialandpriorservicecostsnetperiodicbenefitcostbeforetax": -47000000,
        "othercomprehensiveincomelosspensionandotherpostretirementbenefitplansadjustmentbeforetax": -49000000,
        "othercomprehensiveincomeforeigncurrencytransactionandtranslationadjustmentbeforetaxportionattributabletoparent": 26000000,
        "othercomprehensiveincomelossbeforetaxportionattributabletoparent": -67000000,
        "othercomprehensiveincomelosstaxportionattributabletoparent1": -7000000,
        "othercomprehensiveincomelossnetoftax": -60000000,
        "comprehensiveincomenetoftax": 1376000000,
        "salesrevenuegoodsnet": 4860000000,
        "salesrevenueservicesnet": 2703000000,
        "capitalleasesincomestatementleaserevenue": 111000000,
        "revenues": 7674000000,
        "costofgoodssold": 3593000000,
        "costofservices": 1830000000,
        "financialservicescosts": 68000000,
        "researchanddevelopmentexpense": 388000000,
        "sellinggeneralandadministrativeexpense": 1202000000,
        "amortizationofintangibleassets": 78000000,
        "restructuringcharges": 3000000,
        "transformationcosts": 245000000,
        "businesscombinationacquisitionrelatedcosts": 30000000,
        "separationcosts": -24000000,
        "costsandexpenses": 7413000000,
        "operatingincomeloss": 261000000,
        "nonoperatingincomeexpense": -21000000,
        "taxindemnificationadjustments": 919000000,
        "incomelossfromequitymethodinvestments": 22000000,
        "incomelossfromcontinuingoperationsbeforeincometaxesextraordinaryitemsnoncontrollinginterest": -657000000,
        "incometaxexpensebenefit": -2139000000,
        "incomelossfromcontinuingoperations": 1482000000,
        "incomelossfromdiscontinuedoperationsnetoftaxattributabletoreportingentity": -46000000,
        "incomelossfromcontinuingoperationsperbasicshare": 0.93,
        "incomelossfromdiscontinuedoperationsnetoftaxperbasicshare": -0.03,
        "earningspersharebasic": 0.9,
        "incomelossfromcontinuingoperationsperdilutedshare": 0.92,
        "incomelossfromdiscontinuedoperationsnetoftaxperdilutedshare": -0.03,
        "earningspersharediluted": 0.89,
        "commonstockdividendspersharedeclared": 0.15,
        "weightedaveragenumberofsharesoutstandingbasic": 1591000000,
        "weightedaveragenumberofdilutedsharesoutstanding": 1619000000
    },
    {
        "date": "2017-10-30",
        "symbol": "HPE",
        "period": "Q4",
        "othercomprehensiveincomeunrealizedholdinggainlossonsecuritiesarisingduringperiodbeforetax": 2000000,
        "othercomprehensiveincomelossavailableforsalesecuritiesadjustmentbeforetax": -2000000,
        "othercomprehensiveincomeunrealizedgainlossonderivativesarisingduringperiodbeforetax": 39000000,
        "othercomprehensiveincomelossreclassificationadjustmentfromaocionderivativesbeforetax": -86000000,
        "othercomprehensiveincomederivativesqualifyingashedgesbeforetaxportionattributabletoparent": 125000000,
        "othercomprehensiveincomelosspensionandotherpostretirementbenefitplansnetunamortizedgainlossarisingduringperiodbeforetax": 244000000,
        "othercomprehensiveincomelossactuarialandpriorservicecostsnetperiodicbenefitcostbeforetax": -55000000,
        "othercomprehensiveincomelosspensionandotherpostretirementbenefitplansadjustmentbeforetax": -305000000,
        "othercomprehensiveincomelossnetoftax": 453000000,
        "salesrevenuegoodsnet": 4369000000,
        "salesrevenueservicesnet": -2664000000,
        "capitalleasesincomestatementleaserevenue": 105000000,
        "revenues": 6206000000,
        "costofgoodssold": 3488000000,
        "costofservices": -1910000000,
        "financialservicescosts": 68000000,
        "researchanddevelopmentexpense": 7000000,
        "sellinggeneralandadministrativeexpense": 286000000,
        "amortizationofintangibleassets": -19000000,
        "restructuringcharges": 57000000,
        "businesscombinationacquisitionrelatedcosts": 52000000,
        "separationcosts": 1000000,
        "costsandexpenses": 1977000000,
        "operatingincomeloss": -519000000,
        "nonoperatingincomeexpense": 153000000,
        "taxindemnificationadjustments": 2000000,
        "incomelossfromequitymethodinvestments": 1000000,
        "incomelossfromcontinuingoperationsbeforeincometaxesextraordinaryitemsnoncontrollinginterest": -296000000,
        "incometaxexpensebenefit": -1327000000,
        "earningspersharebasic": 0.31999999999999995,
        "earningspersharediluted": 0.31999999999999995,
        "commonstockdividendspersharedeclared": 0,
        "weightedaveragenumberofdilutedsharesoutstanding": -3351000000
    },
    {
        "date": "2017-07-30",
        "symbol": "HPE",
        "period": "Q3",
        "netincomeloss": -15000000,
        "othercomprehensiveincomeunrealizedholdinggainlossonsecuritiesarisingduringperiodbeforetax": 7000000,
        "othercomprehensiveincomelossavailableforsalesecuritiesadjustmentbeforetax": 7000000,
        "othercomprehensiveincomeunrealizedgainlossonderivativesarisingduringperiodbeforetax": -133000000,
        "othercomprehensiveincomelossreclassificationadjustmentfromaocionderivativesbeforetax": -15000000,
        "othercomprehensiveincomederivativesqualifyingashedgesbeforetaxportionattributabletoparent": -118000000,
        "othercomprehensiveincomelosspensionandotherpostretirementbenefitplansnetunamortizedgainlossarisingduringperiodbeforetax": 210000000,
        "othercomprehensiveincomelossactuarialandpriorservicecostsnetperiodicbenefitcostbeforetax": -56000000,
        "othercomprehensiveincomelossfinalizationofpensionandnonpensionpostretirementplanvaluationbeforetax": 6000000,
        "othercomprehensiveincomelosspensionandotherpostretirementbenefitplansadjustmentbeforetax": -272000000,
        "othercomprehensiveincomeforeigncurrencytransactionandtranslationadjustmentbeforetaxportionattributabletoparent": 49000000,
        "othercomprehensiveincomelossbeforetaxportionattributabletoparent": 210000000,
        "othercomprehensiveincomelosstaxportionattributabletoparent1": 26000000,
        "othercomprehensiveincomelossnetoftax": 45000000,
        "comprehensiveincomenetoftax": 349000000,
        "salesrevenuegoodsnet": 4854000000,
        "salesrevenueservicesnet": 3253000000,
        "capitalleasesincomestatementleaserevenue": 102000000,
        "revenues": 708000000,
        "costofgoodssold": 3472000000,
        "costofservices": 1958000000,
        "financialservicescosts": 66000000,
        "researchanddevelopmentexpense": 508000000,
        "sellinggeneralandadministrativeexpense": 1512000000,
        "amortizationofintangibleassets": 132000000,
        "restructuringcharges": 10000000,
        "transformationcosts": 31000000,
        "businesscombinationacquisitionrelatedcosts": 56000000,
        "separationcosts": 7000000,
        "definedbenefitplanplanamendments": -24000000,
        "costsandexpenses": 8062000000,
        "operatingincomeloss": 179000000,
        "nonoperatingincomeexpense": 29000000,
        "taxindemnificationadjustments": -10000000,
        "incomelossfromequitymethodinvestments": 1000000,
        "incomelossfromcontinuingoperationsbeforeincometaxesextraordinaryitemsnoncontrollinginterest": -15000000,
        "incometaxexpensebenefit": -187000000,
        "incomelossfromcontinuingoperations": 248000000,
        "incomelossfromdiscontinuedoperationsnetoftaxattributabletoreportingentity": -83000000,
        "incomelossfromcontinuingoperationsperbasicshare": 0.15,
        "incomelossfromdiscontinuedoperationsnetoftaxperbasicshare": -0.05,
        "earningspersharebasic": 0.1,
        "incomelossfromcontinuingoperationsperdilutedshare": 0.15,
        "incomelossfromdiscontinuedoperationsnetoftaxperdilutedshare": -0.05,
        "earningspersharediluted": 0.1,
        "commonstockdividendspersharedeclared": 0.065,
        "weightedaveragenumberofsharesoutstandingbasic": 1641000000,
        "weightedaveragenumberofdilutedsharesoutstanding": 1667000000
    },
    {
        "date": "2017-04-29",
        "symbol": "HPE",
        "period": "Q2",
        "netincomeloss": 83000000,
        "othercomprehensiveincomeunrealizedholdinggainlossonsecuritiesarisingduringperiodbeforetax": -4000000,
        "othercomprehensiveincomelossavailableforsalesecuritiesadjustmentbeforetax": -4000000,
        "othercomprehensiveincomeunrealizedgainlossonderivativesarisingduringperiodbeforetax": 4000000,
        "othercomprehensiveincomelossreclassificationadjustmentfromaocionderivativesbeforetax": 83000000,
        "othercomprehensiveincomederivativesqualifyingashedgesbeforetaxportionattributabletoparent": -79000000,
        "othercomprehensiveincomelosspensionandotherpostretirementbenefitplansnetunamortizedgainlossarisingduringperiodbeforetax": 11000000,
        "othercomprehensiveincomelossactuarialandpriorservicecostsnetperiodicbenefitcostbeforetax": -77000000,
        "othercomprehensiveincomelossfinalizationofpensionandnonpensionpostretirementplanvaluationbeforetax": 3000000,
        "othercomprehensiveincomelosspensionandotherpostretirementbenefitplansadjustmentbeforetax": -91000000,
        "othercomprehensiveincomeforeigncurrencytransactionandtranslationadjustmentbeforetaxportionattributabletoparent": -11000000,
        "othercomprehensiveincomelossbeforetaxportionattributabletoparent": -3000000,
        "othercomprehensiveincomelosstaxportionattributabletoparent1": -4000000,
        "othercomprehensiveincomelossnetoftax": 1000000,
        "comprehensiveincomenetoftaxincludingportionattributabletononcontrollinginterest": -611000000,
        "salesrevenuegoodsnet": 4128000000,
        "salesrevenueservicesnet": 3221000000,
        "capitalleasesincomestatementleaserevenue": 96000000,
        "revenues": 637000000,
        "costofgoodssold": 2917000000,
        "costofservices": 1945000000,
        "financialservicescosts": 65000000,
        "researchanddevelopmentexpense": 486000000,
        "sellinggeneralandadministrativeexpense": 1449000000,
        "amortizationofintangibleassets": 107000000,
        "restructuringcharges": 7000000,
        "businesscombinationacquisitionrelatedcosts": 51000000,
        "separationcosts": 21000000,
        "definedbenefitplanplanamendments": 16000000,
        "costsandexpenses": 7263000000,
        "operatingincomeloss": 181000000,
        "nonoperatingincomeexpense": 66000000,
        "taxindemnificationadjustments": -7000000,
        "incomelossfromequitymethodinvestments": -3000000,
        "incomelossfromcontinuingoperationsbeforeincometaxesextraordinaryitemsnoncontrollinginterest": 68000000,
        "incometaxexpensebenefit": 588000000,
        "incomelossfromcontinuingoperations": -487000000,
        "incomelossfromdiscontinuedoperationsnetoftaxattributabletoreportingentity": -125000000,
        "incomelossfromcontinuingoperationsperbasicshare": -0.29,
        "incomelossfromdiscontinuedoperationsnetoftaxperbasicshare": -0.08,
        "earningspersharebasic": -0.37,
        "incomelossfromcontinuingoperationsperdilutedshare": -0.29,
        "incomelossfromdiscontinuedoperationsnetoftaxperdilutedshare": -0.08,
        "earningspersharediluted": -0.37,
        "commonstockdividendspersharedeclared": 0.065,
        "weightedaveragenumberofsharesoutstandingbasic": 1658000000,
        "weightedaveragenumberofdilutedsharesoutstanding": 1658000000
    },
    {
        "date": "2017-01-30",
        "symbol": "HPE",
        "period": "Q1",
        "netincomeloss": 267000000,
        "othercomprehensiveincomeunrealizedholdinggainlossonsecuritiesarisingduringperiodbeforetax": -13000000,
        "othercomprehensiveincomelossavailableforsalesecuritiesadjustmentbeforetax": -13000000,
        "othercomprehensiveincomeunrealizedgainlossonderivativesarisingduringperiodbeforetax": 136000000,
        "othercomprehensiveincomelossreclassificationadjustmentfromaocionderivativesbeforetax": 163000000,
        "othercomprehensiveincomederivativesqualifyingashedgesbeforetaxportionattributabletoparent": -27000000,
        "othercomprehensiveincomelosspensionandotherpostretirementbenefitplansnetunamortizedgainlossarisingduringperiodbeforetax": 479000000,
        "othercomprehensiveincomelossactuarialandpriorservicecostsnetperiodicbenefitcostbeforetax": -97000000,
        "othercomprehensiveincomelosspensionandotherpostretirementbenefitplansadjustmentbeforetax": -576000000,
        "othercomprehensiveincomeforeigncurrencytransactionandtranslationadjustmentbeforetaxportionattributabletoparent": -25000000,
        "othercomprehensiveincomelossbeforetaxportionattributabletoparent": 511000000,
        "othercomprehensiveincomelosstaxportionattributabletoparent1": 36000000,
        "othercomprehensiveincomelossnetoftax": 475000000,
        "comprehensiveincomenetoftaxincludingportionattributabletononcontrollinginterest": 742000000,
        "salesrevenuegoodsnet": 4246000000,
        "salesrevenueservicesnet": 7068000000,
        "capitalleasesincomestatementleaserevenue": 93000000,
        "revenues": 11407000000,
        "costofgoodssold": 2838000000,
        "costofservices": 5204000000,
        "financialservicescosts": 66000000,
        "researchanddevelopmentexpense": 485000000,
        "sellinggeneralandadministrativeexpense": 1759000000,
        "amortizationofintangibleassets": 101000000,
        "restructuringcharges": 177000000,
        "businesscombinationacquisitionrelatedcosts": 44000000,
        "separationcosts": 12000000,
        "definedbenefitplanplanamendments": 6000000,
        "costsandexpenses": 10944000000,
        "operatingincomeloss": 463000000,
        "nonoperatingincomeexpense": -78000000,
        "taxindemnificationadjustments": 18000000,
        "incomelossfromequitymethodinvestments": -22000000,
        "incomelossfromcontinuingoperationsbeforeincometaxesextraordinaryitemsnoncontrollinginterest": 345000000,
        "incometaxexpensebenefit": 78000000,
        "earningspersharebasic": 0.16,
        "earningspersharediluted": 0.16,
        "commonstockdividendspersharedeclared": 0.13,
        "weightedaveragenumberofsharesoutstandingbasic": 1669000000,
        "weightedaveragenumberofdilutedsharesoutstanding": 1700000000
    },
    {
        "date": "2016-07-30",
        "symbol": "HPE",
        "period": "Q3",
        "netincomeloss": 2272000000,
        "othercomprehensiveincomeunrealizedholdinggainlossonsecuritiesarisingduringperiodbeforetax": 7000000,
        "othercomprehensiveincomelossreclassificationadjustmentfromaociforsaleofsecuritiesbeforetax": 1000000,
        "othercomprehensiveincomelossavailableforsalesecuritiesadjustmentbeforetax": 6000000,
        "othercomprehensiveincomeunrealizedgainlossonderivativesarisingduringperiodbeforetax": 172000000,
        "othercomprehensiveincomelossreclassificationadjustmentfromaocionderivativesbeforetax": 19000000,
        "othercomprehensiveincomederivativesqualifyingashedgesbeforetaxportionattributabletoparent": 153000000,
        "othercomprehensiveincomelosspensionandotherpostretirementbenefitplansnetunamortizedgainlossarisingduringperiodbeforetax": -13000000,
        "othercomprehensiveincomelossactuarialandpriorservicecostsnetperiodicbenefitcostbeforetax": -72000000,
        "othercomprehensiveincomelossfinalizationofpensionandnonpensionpostretirementplanvaluationbeforetax": 1000000,
        "othercomprehensiveincomelosspensionandotherpostretirementbenefitplansadjustmentbeforetax": -60000000,
        "othercomprehensiveincomeforeigncurrencytransactionandtranslationadjustmentbeforetaxportionattributabletoparent": -183000000,
        "othercomprehensiveincomelossbeforetaxportionattributabletoparent": 36000000,
        "othercomprehensiveincomelosstaxportionattributabletoparent1": 46000000,
        "othercomprehensiveincomelossnetoftax": -10000000,
        "comprehensiveincomenetoftaxincludingportionattributabletononcontrollinginterest": 2262000000,
        "salesrevenuegoodsnet": 4528000000,
        "salesrevenueservicesnet": 7588000000,
        "capitalleasesincomestatementleaserevenue": 94000000,
        "revenues": 666000000,
        "costofgoodssold": 2997000000,
        "costofservices": 5576000000,
        "financialservicescosts": 65000000,
        "researchanddevelopmentexpense": 555000000,
        "sellinggeneralandadministrativeexpense": 1938000000,
        "amortizationofintangibleassets": 210000000,
        "restructuringcharges": 5000000,
        "businesscombinationacquisitionrelatedcosts": 37000000,
        "separationcosts": 15000000,
        "disposalgroupnotdiscontinuedoperationgainlossondisposal": 2169000000,
        "costsandexpenses": 9713000000,
        "operatingincomeloss": 131000000,
        "nonoperatingincomeexpense": 62000000,
        "incomelossfromequitymethodinvestments": -72000000,
        "incomelossfromcontinuingoperationsbeforeincometaxesextraordinaryitemsnoncontrollinginterest": 19000000,
        "incometaxexpensebenefit": 135000000,
        "earningspersharebasic": 1.35,
        "earningspersharediluted": 1.32,
        "commonstockdividendspersharedeclared": 0.06,
        "weightedaveragenumberofsharesoutstandingbasic": 1681000000,
        "weightedaveragenumberofdilutedsharesoutstanding": 1715000000
    }
]