[
    {
        "date": "2024-09-29",
        "symbol": "SLB",
        "period": "Q3",
        "revenuefromcontractwithcustomerexcludingassessedtax": 9159000000,
        "interestincomeandother": 96000000,
        "costofgoodsandservicessold": 2772000000,
        "researchanddevelopmentexpense": 187000000,
        "generalandadministrativeexpense": 90000000,
        "restructuringcharges": 65000000,
        "businesscombinationintegrationrelatedcosts": 33000000,
        "interestexpense": 4000000,
        "incomelossfromcontinuingoperationsbeforeincometaxesextraordinaryitemsnoncontrollinginterest": 1507000000,
        "incometaxexpensebenefit": 289000000,
        "profitloss": 1218000000,
        "netincomelossattributabletononcontrollinginterest": 32000000,
        "netincomeloss": 1186000000,
        "earningspersharebasic": 0.84,
        "earningspersharediluted": 0.83,
        "weightedaveragenumberofsharesoutstandingbasic": 1417000000,
        "weightedaveragenumberofdilutedsharesoutstanding": 1432000000,
        "othercomprehensiveincomeforeigncurrencytransactionandtranslationadjustmentnetoftaxportionattributabletoparent": -42000000,
        "othercomprehensiveincomelossavailableforsalesecuritiesadjustmentnetoftax": 14000000,
        "othercomprehensiveincomelosscashflowhedgegainlossbeforereclassificationaftertax": -5000000,
        "othercomprehensiveincomelosscashflowhedgegainlossreclassificationaftertax": 2000000,
        "othercomprehensiveincomelossreclassificationadjustmentfromaocipensionandotherpostretirementbenefitplansfornetgainlossbeforetax": 1000000,
        "othercomprehensiveincomelossamortizationadjustmentfromaocipensionandotherpostretirementbenefitplansfornetpriorservicecostcreditbeforetax": -6000000,
        "othercomprehensiveincomelosspensionandotherpostretirementbenefitplanstax": 1000000,
        "othercomprehensiveincomelosstaxattributabletononcontrollinginterest": -2000000,
        "comprehensiveincomenetoftaxincludingportionattributabletononcontrollinginterest": 1175000000,
        "comprehensiveincomenetoftaxattributabletononcontrollinginterest": 32000000,
        "comprehensiveincomenetoftax": 1143000000
    },
    {
        "date": "2024-06-29",
        "symbol": "SLB",
        "period": "Q2",
        "revenuefromcontractwithcustomerexcludingassessedtax": 5902000000,
        "interestincomeandother": 85000000,
        "costofgoodsandservicessold": 4523000000,
        "researchanddevelopmentexpense": 188000000,
        "generalandadministrativeexpense": 94000000,
        "restructuringcharges": 111000000,
        "businesscombinationintegrationrelatedcosts": 16000000,
        "interestexpense": 132000000,
        "incomelossfromcontinuingoperationsbeforeincometaxesextraordinaryitemsnoncontrollinginterest": 1421000000,
        "incometaxexpensebenefit": 276000000,
        "profitloss": 1145000000,
        "netincomelossattributabletononcontrollinginterest": 33000000,
        "netincomeloss": 1112000000,
        "earningspersharebasic": 0.78,
        "earningspersharediluted": 0.77,
        "weightedaveragenumberofsharesoutstandingbasic": 1428000000,
        "weightedaveragenumberofdilutedsharesoutstanding": 1443000000,
        "othercomprehensiveincomeforeigncurrencytransactionandtranslationadjustmentnetoftaxportionattributabletoparent": 30000000,
        "othercomprehensiveincomelosscashflowhedgegainlossbeforereclassificationaftertax": -26000000,
        "othercomprehensiveincomelosscashflowhedgegainlossreclassificationaftertax": -6000000,
        "othercomprehensiveincomelossreclassificationadjustmentfromaocipensionandotherpostretirementbenefitplansfornetgainlossbeforetax": 1000000,
        "othercomprehensiveincomelossamortizationadjustmentfromaocipensionandotherpostretirementbenefitplansfornetpriorservicecostcreditbeforetax": -5000000,
        "othercomprehensiveincomelosspensionandotherpostretirementbenefitplanstax": 2000000,
        "othercomprehensiveincomelosstaxattributabletononcontrollinginterest": -4000000,
        "comprehensiveincomenetoftaxincludingportionattributabletononcontrollinginterest": 1147000000,
        "comprehensiveincomenetoftaxattributabletononcontrollinginterest": 33000000,
        "comprehensiveincomenetoftax": 1114000000
    },
    {
        "date": "2024-03-30",
        "symbol": "SLB",
        "period": "Q1",
        "revenuefromcontractwithcustomerexcludingassessedtax": 5676000000,
        "interestincomeandother": 84000000,
        "costofgoodsandservicessold": 4415000000,
        "researchanddevelopmentexpense": 182000000,
        "generalandadministrativeexpense": 121000000,
        "businesscombinationintegrationrelatedcosts": 11000000,
        "interestexpense": 113000000,
        "incomelossfromcontinuingoperationsbeforeincometaxesextraordinaryitemsnoncontrollinginterest": 1357000000,
        "incometaxexpensebenefit": 259000000,
        "profitloss": 1098000000,
        "netincomelossattributabletononcontrollinginterest": 30000000,
        "netincomeloss": 1068000000,
        "earningspersharebasic": 0.75,
        "earningspersharediluted": 0.74,
        "weightedaveragenumberofsharesoutstandingbasic": 1431000000,
        "weightedaveragenumberofdilutedsharesoutstanding": 1447000000,
        "othercomprehensiveincomeforeigncurrencytransactionandtranslationadjustmentnetoftaxportionattributabletoparent": 23000000,
        "othercomprehensiveincomelosscashflowhedgegainlossbeforereclassificationaftertax": -17000000,
        "othercomprehensiveincomelosscashflowhedgegainlossreclassificationaftertax": 1000000,
        "othercomprehensiveincomelossamortizationadjustmentfromaocipensionandotherpostretirementbenefitplansfornetpriorservicecostcreditbeforetax": -6000000,
        "othercomprehensiveincomelosspensionandotherpostretirementbenefitplanstax": 1000000,
        "othercomprehensiveincomelosstaxattributabletononcontrollinginterest": 5000000,
        "comprehensiveincomenetoftaxincludingportionattributabletononcontrollinginterest": 1103000000,
        "comprehensiveincomenetoftaxattributabletononcontrollinginterest": 30000000,
        "comprehensiveincomenetoftax": 1073000000
    },
    {
        "date": "2023-12-30",
        "symbol": "SLB",
        "period": "Q4",
        "revenuefromcontractwithcustomerexcludingassessedtax": 4438000000,
        "interestincomeandother": 95000000,
        "costofgoodsandservicessold": 8501000000,
        "researchanddevelopmentexpense": 188000000,
        "generalandadministrativeexpense": 96000000,
        "interestexpense": 368000000,
        "incomelossfromcontinuingoperationsbeforeincometaxesextraordinaryitemsnoncontrollinginterest": 1433000000,
        "incometaxexpensebenefit": 285000000,
        "profitloss": 3115000000,
        "netincomelossattributabletononcontrollinginterest": 35000000,
        "netincomeloss": 1113000000,
        "earningspersharebasic": 0.7800000000000001,
        "earningspersharediluted": 0.7599999999999999,
        "weightedaveragenumberofsharesoutstandingbasic": 1425000000,
        "weightedaveragenumberofdilutedsharesoutstanding": 1443000000,
        "othercomprehensiveincomeforeigncurrencytransactionandtranslationadjustmentnetoftaxportionattributabletoparent": 10000000,
        "othercomprehensiveincomelosscashflowhedgegainlossbeforereclassificationaftertax": 81000000,
        "othercomprehensiveincomelosscashflowhedgegainlossreclassificationaftertax": 3000000,
        "othercomprehensiveincomelossreclassificationadjustmentfromaocipensionandotherpostretirementbenefitplansfornetgainlossbeforetax": 6000000,
        "othercomprehensiveincomelossamortizationadjustmentfromaocipensionandotherpostretirementbenefitplansfornetpriorservicecostcreditbeforetax": -5000000,
        "othercomprehensiveincomelosspensionandotherpostretirementbenefitplanstax": 52000000,
        "comprehensiveincomenetoftaxincludingportionattributabletononcontrollinginterest": 810000000,
        "comprehensiveincomenetoftaxattributabletononcontrollinginterest": 35000000,
        "comprehensiveincomenetoftax": 775000000
    },
    {
        "date": "2023-09-29",
        "symbol": "SLB",
        "period": "Q3",
        "revenuefromcontractwithcustomerexcludingassessedtax": 5719000000,
        "interestincomeandother": 73000000,
        "costofgoodsandservicessold": 4360000000,
        "researchanddevelopmentexpense": 186000000,
        "generalandadministrativeexpense": 81000000,
        "interestexpense": 129000000,
        "incomelossfromcontinuingoperationsbeforeincometaxesextraordinaryitemsnoncontrollinginterest": 1395000000,
        "incometaxexpensebenefit": 259000000,
        "profitloss": 1136000000,
        "netincomelossattributabletononcontrollinginterest": 13000000,
        "netincomeloss": 1123000000,
        "earningspersharebasic": 0.79,
        "earningspersharediluted": 0.78,
        "weightedaveragenumberofsharesoutstandingbasic": 1424000000,
        "weightedaveragenumberofdilutedsharesoutstanding": 1442000000,
        "othercomprehensiveincomeforeigncurrencytransactionandtranslationadjustmentnetoftaxportionattributabletoparent": -46000000,
        "othercomprehensiveincomelosscashflowhedgegainlossbeforereclassificationaftertax": 24000000,
        "othercomprehensiveincomelosscashflowhedgegainlossreclassificationaftertax": 2000000,
        "othercomprehensiveincomelossreclassificationadjustmentfromaocipensionandotherpostretirementbenefitplansfornetgainlossbeforetax": 2000000,
        "othercomprehensiveincomelossamortizationadjustmentfromaocipensionandotherpostretirementbenefitplansfornetpriorservicecostcreditbeforetax": -6000000,
        "othercomprehensiveincomelosspensionandotherpostretirementbenefitplanstax": 2000000,
        "comprehensiveincomenetoftaxincludingportionattributabletononcontrollinginterest": 1106000000,
        "comprehensiveincomenetoftaxattributabletononcontrollinginterest": 13000000,
        "comprehensiveincomenetoftax": 1093000000
    },
    {
        "date": "2023-06-29",
        "symbol": "SLB",
        "period": "Q2",
        "revenuefromcontractwithcustomerexcludingassessedtax": 6297000000,
        "interestincomeandother": 82000000,
        "costofgoodsandservicessold": 2214000000,
        "researchanddevelopmentexpense": 163000000,
        "generalandadministrativeexpense": 96000000,
        "interestexpense": 3000000,
        "incomelossfromcontinuingoperationsbeforeincometaxesextraordinaryitemsnoncontrollinginterest": 1293000000,
        "incometaxexpensebenefit": 246000000,
        "profitloss": 14000000,
        "netincomelossattributabletononcontrollinginterest": 14000000,
        "netincomeloss": 1033000000,
        "earningspersharebasic": 0.73,
        "earningspersharediluted": 0.72,
        "weightedaveragenumberofsharesoutstandingbasic": 1423000000,
        "weightedaveragenumberofdilutedsharesoutstanding": 1442000000,
        "othercomprehensiveincomeforeigncurrencytransactionandtranslationadjustmentnetoftaxportionattributabletoparent": -43000000,
        "othercomprehensiveincomelosscashflowhedgegainlossbeforereclassificationaftertax": 105000000,
        "othercomprehensiveincomelosscashflowhedgegainlossreclassificationaftertax": 9000000,
        "othercomprehensiveincomelossreclassificationadjustmentfromaocipensionandotherpostretirementbenefitplansfornetgainlossbeforetax": 2000000,
        "othercomprehensiveincomelossamortizationadjustmentfromaocipensionandotherpostretirementbenefitplansfornetpriorservicecostcreditbeforetax": -6000000,
        "othercomprehensiveincomelosspensionandotherpostretirementbenefitplanstax": 2000000,
        "comprehensiveincomenetoftaxincludingportionattributabletononcontrollinginterest": 1094000000,
        "comprehensiveincomenetoftaxattributabletononcontrollinginterest": 14000000,
        "comprehensiveincomenetoftax": 1080000000
    },
    {
        "date": "2023-03-30",
        "symbol": "SLB",
        "period": "Q1",
        "revenuefromcontractwithcustomerexcludingassessedtax": 5985000000,
        "interestincomeandother": 92000000,
        "costofgoodsandservicessold": 2156000000,
        "researchanddevelopmentexpense": 174000000,
        "generalandadministrativeexpense": 91000000,
        "interestexpense": 3000000,
        "incomelossfromcontinuingoperationsbeforeincometaxesextraordinaryitemsnoncontrollinginterest": 1161000000,
        "incometaxexpensebenefit": 217000000,
        "profitloss": 10000000,
        "netincomelossattributabletononcontrollinginterest": 10000000,
        "netincomeloss": 934000000,
        "earningspersharebasic": 0.65,
        "earningspersharediluted": 0.65,
        "weightedaveragenumberofsharesoutstandingbasic": 1426000000,
        "weightedaveragenumberofdilutedsharesoutstanding": 1446000000,
        "othercomprehensiveincomeforeigncurrencytransactionandtranslationadjustmentnetoftaxportionattributabletoparent": -34000000,
        "othercomprehensiveincomelosscashflowhedgegainlossbeforereclassificationaftertax": -33000000,
        "othercomprehensiveincomelosscashflowhedgegainlossreclassificationaftertax": 5000000,
        "othercomprehensiveincomelossreclassificationadjustmentfromaocipensionandotherpostretirementbenefitplansfornetgainlossbeforetax": 2000000,
        "othercomprehensiveincomelossamortizationadjustmentfromaocipensionandotherpostretirementbenefitplansfornetpriorservicecostcreditbeforetax": -6000000,
        "othercomprehensiveincomelosspensionandotherpostretirementbenefitplanstax": 2000000,
        "comprehensiveincomenetoftaxincludingportionattributabletononcontrollinginterest": 866000000,
        "comprehensiveincomenetoftaxattributabletononcontrollinginterest": 10000000,
        "comprehensiveincomenetoftax": 856000000
    },
    {
        "date": "2022-12-30",
        "symbol": "SLB",
        "period": "Q4",
        "revenuefromcontractwithcustomerexcludingassessedtax": -15500000000,
        "interestincomeandother": 174000000,
        "costofgoodsandservicessold": 2156000000,
        "researchanddevelopmentexpense": 179000000,
        "generalandadministrativeexpense": 99000000,
        "interestexpense": 4000000,
        "incomelossfromcontinuingoperationsbeforeincometaxesextraordinaryitemsnoncontrollinginterest": -2403000000,
        "incometaxexpensebenefit": 264000000,
        "profitloss": 18000000,
        "netincomelossattributabletononcontrollinginterest": 18000000,
        "netincomeloss": 1065000000,
        "earningspersharebasic": 0.7499999999999999,
        "earningspersharediluted": 0.7300000000000003,
        "weightedaveragenumberofsharesoutstandingbasic": -2828000000,
        "weightedaveragenumberofdilutedsharesoutstanding": -2872000000,
        "othercomprehensiveincomeforeigncurrencytransactionandtranslationadjustmentnetoftaxportionattributabletoparent": -118000000,
        "othercomprehensiveincomelosscashflowhedgegainlossbeforereclassificationaftertax": -265000000,
        "othercomprehensiveincomelosscashflowhedgegainlossreclassificationaftertax": -184000000,
        "othercomprehensiveincomelossreclassificationadjustmentfromaocipensionandotherpostretirementbenefitplansfornetgainlossbeforetax": -29000000,
        "othercomprehensiveincomelossamortizationadjustmentfromaocipensionandotherpostretirementbenefitplansfornetpriorservicecostcreditbeforetax": -6000000,
        "comprehensiveincomenetoftaxincludingportionattributabletononcontrollinginterest": 624000000,
        "comprehensiveincomenetoftaxattributabletononcontrollinginterest": 18000000,
        "comprehensiveincomenetoftax": 606000000
    },
    {
        "date": "2022-09-29",
        "symbol": "SLB",
        "period": "Q3",
        "revenuefromcontractwithcustomerexcludingassessedtax": 5881000000,
        "interestincomeandother": 75000000,
        "costofgoodsandservicessold": 2067000000,
        "researchanddevelopmentexpense": 160000000,
        "generalandadministrativeexpense": 94000000,
        "interestexpense": 3000000,
        "incomelossfromcontinuingoperationsbeforeincometaxesextraordinaryitemsnoncontrollinginterest": 1134000000,
        "incometaxexpensebenefit": 215000000,
        "profitloss": 12000000,
        "netincomelossattributabletononcontrollinginterest": 12000000,
        "netincomeloss": 907000000,
        "earningspersharebasic": 0.64,
        "earningspersharediluted": 0.63,
        "weightedaveragenumberofsharesoutstandingbasic": 1418000000,
        "weightedaveragenumberofdilutedsharesoutstanding": 1439000000,
        "othercomprehensiveincomeforeigncurrencytransactionandtranslationadjustmentnetoftaxportionattributabletoparent": -18000000,
        "othercomprehensiveincomelosscashflowhedgegainlossbeforereclassificationaftertax": 45000000,
        "othercomprehensiveincomelosscashflowhedgegainlossreclassificationaftertax": -30000000,
        "othercomprehensiveincomelossreclassificationadjustmentfromaocipensionandotherpostretirementbenefitplansfornetgainlossbeforetax": -16000000,
        "othercomprehensiveincomelossamortizationadjustmentfromaocipensionandotherpostretirementbenefitplansfornetpriorservicecostcreditbeforetax": -6000000,
        "othercomprehensiveincomelosspensionandotherpostretirementbenefitplanstax": 1000000,
        "comprehensiveincomenetoftaxincludingportionattributabletononcontrollinginterest": 987000000,
        "comprehensiveincomenetoftaxattributabletononcontrollinginterest": 12000000,
        "comprehensiveincomenetoftax": 975000000
    },
    {
        "date": "2022-06-29",
        "symbol": "SLB",
        "period": "Q2",
        "revenuefromcontractwithcustomerexcludingassessedtax": 5188000000,
        "interestincomeandother": 311000000,
        "costofgoodsandservicessold": 1848000000,
        "researchanddevelopmentexpense": 154000000,
        "generalandadministrativeexpense": 86000000,
        "interestexpense": 3000000,
        "incomelossfromcontinuingoperationsbeforeincometaxesextraordinaryitemsnoncontrollinginterest": 1152000000,
        "incometaxexpensebenefit": 182000000,
        "profitloss": 11000000,
        "netincomelossattributabletononcontrollinginterest": 11000000,
        "netincomeloss": 959000000,
        "earningspersharebasic": 0.68,
        "earningspersharediluted": 0.67,
        "weightedaveragenumberofsharesoutstandingbasic": 1414000000,
        "weightedaveragenumberofdilutedsharesoutstanding": 1436000000,
        "othercomprehensiveincomeforeigncurrencytransactionandtranslationadjustmentnetoftaxportionattributabletoparent": 216000000,
        "othercomprehensiveincomelosscashflowhedgegainlossbeforereclassificationaftertax": 63000000,
        "othercomprehensiveincomelosscashflowhedgegainlossreclassificationaftertax": 114000000,
        "othercomprehensiveincomelossreclassificationadjustmentfromaocipensionandotherpostretirementbenefitplansfornetgainlossbeforetax": -14000000,
        "othercomprehensiveincomelossamortizationadjustmentfromaocipensionandotherpostretirementbenefitplansfornetpriorservicecostcreditbeforetax": -6000000,
        "othercomprehensiveincomelosspensionandotherpostretirementbenefitplanstax": 2000000,
        "comprehensiveincomenetoftaxincludingportionattributabletononcontrollinginterest": 1145000000,
        "comprehensiveincomenetoftaxattributabletononcontrollinginterest": 11000000,
        "comprehensiveincomenetoftax": 1134000000
    },
    {
        "date": "2022-03-30",
        "symbol": "SLB",
        "period": "Q1",
        "revenuefromcontractwithcustomerexcludingassessedtax": 4632000000,
        "interestincomeandother": 50000000,
        "costofgoodsandservicessold": 1626000000,
        "researchanddevelopmentexpense": 141000000,
        "generalandadministrativeexpense": 97000000,
        "interestexpense": 3000000,
        "incomelossfromcontinuingoperationsbeforeincometaxesextraordinaryitemsnoncontrollinginterest": -60000000,
        "incometaxexpensebenefit": 118000000,
        "profitloss": 10000000,
        "netincomelossattributabletononcontrollinginterest": 10000000,
        "netincomeloss": 510000000,
        "earningspersharebasic": 0.36,
        "earningspersharediluted": 0.36,
        "weightedaveragenumberofsharesoutstandingbasic": 1412000000,
        "weightedaveragenumberofdilutedsharesoutstanding": 1434000000,
        "othercomprehensiveincomeforeigncurrencytransactionandtranslationadjustmentnetoftaxportionattributabletoparent": -106000000,
        "othercomprehensiveincomelosscashflowhedgegainlossbeforereclassificationaftertax": 9000000,
        "othercomprehensiveincomelosscashflowhedgegainlossreclassificationaftertax": -17000000,
        "othercomprehensiveincomelossreclassificationadjustmentfromaocipensionandotherpostretirementbenefitplansfornetgainlossbeforetax": -16000000,
        "othercomprehensiveincomelossamortizationadjustmentfromaocipensionandotherpostretirementbenefitplansfornetpriorservicecostcreditbeforetax": -5000000,
        "comprehensiveincomenetoftaxincludingportionattributabletononcontrollinginterest": 451000000,
        "comprehensiveincomenetoftaxattributabletononcontrollinginterest": 10000000,
        "comprehensiveincomenetoftax": 441000000
    },
    {
        "date": "2021-12-30",
        "symbol": "SLB",
        "period": "Q4",
        "revenuefromcontractwithcustomerexcludingassessedtax": 4899000000,
        "interestincomeandother": 57000000,
        "costofgoodsandservicessold": 1595000000,
        "researchanddevelopmentexpense": 145000000,
        "generalandadministrativeexpense": 108000000,
        "interestexpense": 4000000,
        "incomelossfromcontinuingoperationsbeforeincometaxesextraordinaryitemsnoncontrollinginterest": -77000000,
        "incometaxexpensebenefit": 145000000,
        "profitloss": 10000000,
        "netincomelossattributabletononcontrollinginterest": 10000000,
        "netincomeloss": 601000000,
        "earningspersharebasic": 0.41999999999999993,
        "earningspersharediluted": 0.41999999999999993,
        "weightedaveragenumberofsharesoutstandingbasic": 1000000,
        "weightedaveragenumberofdilutedsharesoutstanding": 5000000,
        "othercomprehensiveincomeforeigncurrencytransactionandtranslationadjustmentnetoftaxportionattributabletoparent": 77000000,
        "othercomprehensiveincomeunrealizedgainlossonderivativesarisingduringperiodnetoftax": -25000000,
        "othercomprehensiveincomelossreclassificationadjustmentfromaocionderivativesnetoftax": -4000000,
        "othercomprehensiveincomelossreclassificationadjustmentfromaocipensionandotherpostretirementbenefitplansfornetgainlossbeforetax": -69000000,
        "othercomprehensiveincomelossamortizationadjustmentfromaocipensionandotherpostretirementbenefitplansfornetpriorservicecostcreditbeforetax": -6000000,
        "comprehensiveincomenetoftaxincludingportionattributabletononcontrollinginterest": 1738000000,
        "comprehensiveincomenetoftaxattributabletononcontrollinginterest": 10000000,
        "comprehensiveincomenetoftax": 1728000000
    },
    {
        "date": "2021-09-29",
        "symbol": "SLB",
        "period": "Q3",
        "revenuefromcontractwithcustomerexcludingassessedtax": 4675000000,
        "interestincomeandother": 56000000,
        "costofgoodsandservicessold": 1529000000,
        "researchanddevelopmentexpense": 140000000,
        "generalandadministrativeexpense": 80000000,
        "interestexpense": 3000000,
        "incomelossfromcontinuingoperationsbeforeincometaxesextraordinaryitemsnoncontrollinginterest": -78000000,
        "incometaxexpensebenefit": 128000000,
        "profitloss": 12000000,
        "netincomelossattributabletononcontrollinginterest": 12000000,
        "netincomeloss": 550000000,
        "earningspersharebasic": 0.40000000000000013,
        "earningspersharediluted": 0.3900000000000001,
        "weightedaveragenumberofsharesoutstandingbasic": -1397000000,
        "weightedaveragenumberofdilutedsharesoutstanding": -1418000000,
        "othercomprehensiveincomeforeigncurrencytransactionandtranslationadjustmentnetoftaxportionattributabletoparent": 30000000,
        "othercomprehensiveincomeunrealizedgainlossonderivativesarisingduringperiodnetoftax": -9000000,
        "othercomprehensiveincomelossreclassificationadjustmentfromaocionderivativesnetoftax": 2000000,
        "othercomprehensiveincomelossreclassificationadjustmentfromaocipensionandotherpostretirementbenefitplansfornetgainlossbeforetax": -69000000,
        "othercomprehensiveincomelossamortizationadjustmentfromaocipensionandotherpostretirementbenefitplansfornetpriorservicecostcreditbeforetax": -6000000,
        "comprehensiveincomenetoftaxincludingportionattributabletononcontrollinginterest": 641000000,
        "comprehensiveincomenetoftaxattributabletononcontrollinginterest": 12000000,
        "comprehensiveincomenetoftax": 629000000
    },
    {
        "date": "2021-06-29",
        "symbol": "SLB",
        "period": "Q2",
        "revenuefromcontractwithcustomerexcludingassessedtax": 4511000000,
        "interestincomeandother": 16000000,
        "costofgoodsandservicessold": 1545000000,
        "researchanddevelopmentexpense": 134000000,
        "generalandadministrativeexpense": 70000000,
        "interestexpense": 4000000,
        "incomelossfromcontinuingoperationsbeforeincometaxesextraordinaryitemsnoncontrollinginterest": -66000000,
        "incometaxexpensebenefit": 99000000,
        "profitloss": 12000000,
        "netincomelossattributabletononcontrollinginterest": 12000000,
        "netincomeloss": 431000000,
        "earningspersharebasic": 0.31,
        "earningspersharediluted": 0.3,
        "weightedaveragenumberofsharesoutstandingbasic": 1398000000,
        "weightedaveragenumberofdilutedsharesoutstanding": 1421000000,
        "othercomprehensiveincomeforeigncurrencytransactionandtranslationadjustmentnetoftaxportionattributabletoparent": -38000000,
        "othercomprehensiveincomeunrealizedgainlossonderivativesarisingduringperiodnetoftax": -128000000,
        "othercomprehensiveincomelossreclassificationadjustmentfromaocionderivativesnetoftax": 3000000,
        "othercomprehensiveincomelossreclassificationadjustmentfromaocipensionandotherpostretirementbenefitplansfornetgainlossbeforetax": -70000000,
        "othercomprehensiveincomelossamortizationadjustmentfromaocipensionandotherpostretirementbenefitplansfornetpriorservicecostcreditbeforetax": -6000000,
        "othercomprehensiveincomelosspensionandotherpostretirementbenefitplanstax": -3000000,
        "othercomprehensiveincomelosstaxattributabletononcontrollinginterest": -4000000,
        "comprehensiveincomenetoftaxincludingportionattributabletononcontrollinginterest": 331000000,
        "comprehensiveincomenetoftaxattributabletononcontrollinginterest": 12000000,
        "comprehensiveincomenetoftax": 319000000
    },
    {
        "date": "2021-03-30",
        "symbol": "SLB",
        "period": "Q1",
        "revenuefromcontractwithcustomerexcludingassessedtax": 4211000000,
        "interestincomeandother": 19000000,
        "costofgoodsandservicessold": 1473000000,
        "researchanddevelopmentexpense": 135000000,
        "generalandadministrativeexpense": 81000000,
        "interestexpense": 4000000,
        "incomelossfromcontinuingoperationsbeforeincometaxesextraordinaryitemsnoncontrollinginterest": -32000000,
        "incometaxexpensebenefit": 74000000,
        "profitloss": 13000000,
        "netincomelossattributabletononcontrollinginterest": 13000000,
        "netincomeloss": 299000000,
        "earningspersharebasic": 0.21,
        "earningspersharediluted": 0.21,
        "weightedaveragenumberofsharesoutstandingbasic": 1398000000,
        "weightedaveragenumberofdilutedsharesoutstanding": 1419000000,
        "othercomprehensiveincomeforeigncurrencytransactionandtranslationadjustmentnetoftaxportionattributabletoparent": 14000000,
        "othercomprehensiveincomeunrealizedgainlossonderivativesarisingduringperiodnetoftax": 150000000,
        "othercomprehensiveincomelossreclassificationadjustmentfromaocionderivativesnetoftax": 2000000,
        "othercomprehensiveincomelossreclassificationadjustmentfromaocipensionandotherpostretirementbenefitplansfornetgainlossbeforetax": -63000000,
        "othercomprehensiveincomelossamortizationadjustmentfromaocipensionandotherpostretirementbenefitplansfornetpriorservicecostcreditbeforetax": -5000000,
        "comprehensiveincomenetoftaxincludingportionattributabletononcontrollinginterest": 532000000,
        "comprehensiveincomenetoftaxattributabletononcontrollinginterest": 13000000,
        "comprehensiveincomenetoftax": 519000000
    },
    {
        "date": "2020-12-30",
        "symbol": "SLB",
        "period": "Q4",
        "revenuefromcontractwithcustomerexcludingassessedtax": 4651000000,
        "interestincomeandother": 69000000,
        "costofgoodsandservicessold": 1389000000,
        "researchanddevelopmentexpense": 128000000,
        "generalandadministrativeexpense": 72000000,
        "equitymethodinvestmentotherthantemporaryimpairmentandforeigncurrencydevaluationloss": 62000000,
        "interestexpense": 6000000,
        "incomelossfromcontinuingoperationsbeforeincometaxesextraordinaryitemsnoncontrollinginterest": -61000000,
        "incometaxexpensebenefit": 89000000,
        "profitloss": 8000000,
        "netincomelossattributabletononcontrollinginterest": 8000000,
        "netincomeloss": 374000000,
        "earningspersharebasic": 0.2699999999999996,
        "earningspersharediluted": 0.2699999999999996,
        "weightedaveragenumberofsharesoutstandingbasic": 1000000,
        "weightedaveragenumberofdilutedsharesoutstanding": 1000000,
        "othercomprehensiveincomeforeigncurrencytransactionandtranslationadjustmentnetoftaxportionattributabletoparent": -39000000,
        "othercomprehensiveincomeunrealizedgainlossonderivativesarisingduringperiodnetoftax": 105000000,
        "othercomprehensiveincomelossreclassificationadjustmentfromaocionderivativesnetoftax": -42000000,
        "othercomprehensiveincomelossreclassificationadjustmentfromaocipensionandotherpostretirementbenefitplansfornetgainlossbeforetax": -50000000,
        "othercomprehensiveincomelossamortizationadjustmentfromaocipensionandotherpostretirementbenefitplansfornetpriorservicecostcreditbeforetax": -4000000,
        "comprehensiveincomenetoftaxincludingportionattributabletononcontrollinginterest": 241000000,
        "comprehensiveincomenetoftaxattributabletononcontrollinginterest": 8000000,
        "comprehensiveincomenetoftax": 233000000
    },
    {
        "date": "2020-09-29",
        "symbol": "SLB",
        "period": "Q3",
        "revenuefromcontractwithcustomerexcludingassessedtax": 4092000000,
        "interestincomeandother": 22000000,
        "costofgoodsandservicessold": 1497000000,
        "researchanddevelopmentexpense": 137000000,
        "generalandadministrativeexpense": 85000000,
        "equitymethodinvestmentotherthantemporaryimpairmentandforeigncurrencydevaluationloss": 349000000,
        "interestexpense": 8000000,
        "incomelossfromcontinuingoperationsbeforeincometaxesextraordinaryitemsnoncontrollinginterest": -26000000,
        "incometaxexpensebenefit": 19000000,
        "profitloss": 10000000,
        "netincomelossattributabletononcontrollinginterest": 10000000,
        "netincomeloss": -82000000,
        "earningspersharebasic": -0.049999999999998934,
        "earningspersharediluted": -0.049999999999998934,
        "weightedaveragenumberofsharesoutstandingbasic": -1386000000,
        "weightedaveragenumberofdilutedsharesoutstanding": -1386000000,
        "othercomprehensiveincomeforeigncurrencytransactionandtranslationadjustmentnetoftaxportionattributabletoparent": -94000000,
        "othercomprehensiveincomeunrealizedgainlossonderivativesarisingduringperiodnetoftax": 36000000,
        "othercomprehensiveincomelossreclassificationadjustmentfromaocionderivativesnetoftax": -7000000,
        "othercomprehensiveincomelossreclassificationadjustmentfromaocipensionandotherpostretirementbenefitplansfornetgainlossbeforetax": -62000000,
        "othercomprehensiveincomelossamortizationadjustmentfromaocipensionandotherpostretirementbenefitplansfornetpriorservicecostcreditbeforetax": -16000000,
        "othercomprehensiveincomelosspensionandotherpostretirementbenefitplanstax": 0,
        "comprehensiveincomenetoftaxincludingportionattributabletononcontrollinginterest": -77000000,
        "comprehensiveincomenetoftaxattributabletononcontrollinginterest": 10000000,
        "comprehensiveincomenetoftax": -87000000
    },
    {
        "date": "2020-06-29",
        "symbol": "SLB",
        "period": "Q2",
        "revenuefromcontractwithcustomerexcludingassessedtax": 4138000000,
        "interestincomeandother": 33000000,
        "costofgoodsandservicessold": 1542000000,
        "researchanddevelopmentexpense": 142000000,
        "generalandadministrativeexpense": 81000000,
        "equitymethodinvestmentotherthantemporaryimpairmentandforeigncurrencydevaluationloss": 3724000000,
        "interestexpense": 7000000,
        "incomelossfromcontinuingoperationsbeforeincometaxesextraordinaryitemsnoncontrollinginterest": -59000000,
        "incometaxexpensebenefit": -199000000,
        "profitloss": 6000000,
        "netincomelossattributabletononcontrollinginterest": 6000000,
        "netincomeloss": -3434000000,
        "earningspersharebasic": -2.47,
        "earningspersharediluted": -2.47,
        "weightedaveragenumberofsharesoutstandingbasic": 1388000000,
        "weightedaveragenumberofdilutedsharesoutstanding": 1388000000,
        "othercomprehensiveincomeforeigncurrencytransactionandtranslationadjustmentnetoftaxportionattributabletoparent": 19000000,
        "othercomprehensiveincomeunrealizedgainlossonderivativesarisingduringperiodnetoftax": -28000000,
        "othercomprehensiveincomelossreclassificationadjustmentfromaocionderivativesnetoftax": -4000000,
        "othercomprehensiveincomelossreclassificationadjustmentfromaocipensionandotherpostretirementbenefitplansfornetgainlossbeforetax": -37000000,
        "othercomprehensiveincomelossamortizationadjustmentfromaocipensionandotherpostretirementbenefitplansfornetpriorservicecostcreditbeforetax": 8000000,
        "definedbenefitplanrecognizednetgainlossduetosettlementsandcurtailments1": 69000000,
        "othercomprehensiveincomelosspensionandotherpostretirementbenefitplanstax": 14000000,
        "comprehensiveincomenetoftaxincludingportionattributabletononcontrollinginterest": -3443000000,
        "comprehensiveincomenetoftaxattributabletononcontrollinginterest": 6000000,
        "comprehensiveincomenetoftax": -3449000000
    },
    {
        "date": "2020-03-30",
        "symbol": "SLB",
        "period": "Q1",
        "revenuefromcontractwithcustomerexcludingassessedtax": 5121000000,
        "interestincomeandother": 39000000,
        "costofgoodsandservicessold": 1897000000,
        "researchanddevelopmentexpense": 173000000,
        "generalandadministrativeexpense": 127000000,
        "equitymethodinvestmentotherthantemporaryimpairmentandforeigncurrencydevaluationloss": 8523000000,
        "interestexpense": 7000000,
        "incomelossfromcontinuingoperationsbeforeincometaxesextraordinaryitemsnoncontrollinginterest": -26000000,
        "incometaxexpensebenefit": -721000000,
        "profitloss": 8000000,
        "netincomelossattributabletononcontrollinginterest": 8000000,
        "netincomeloss": -7376000000,
        "earningspersharebasic": -5.32,
        "earningspersharediluted": -5.32,
        "weightedaveragenumberofsharesoutstandingbasic": 1387000000,
        "weightedaveragenumberofdilutedsharesoutstanding": 1387000000,
        "othercomprehensiveincomeforeigncurrencytransactionandtranslationadjustmentnetoftaxportionattributabletoparent": -125000000,
        "othercomprehensiveincomeunrealizedgainlossonderivativesarisingduringperiodnetoftax": -203000000,
        "othercomprehensiveincomelossreclassificationadjustmentfromaocionderivativesnetoftax": -1000000,
        "othercomprehensiveincomelossreclassificationadjustmentfromaocipensionandotherpostretirementbenefitplansfornetgainlossbeforetax": -51000000,
        "othercomprehensiveincomelossamortizationadjustmentfromaocipensionandotherpostretirementbenefitplansfornetpriorservicecostcreditbeforetax": -5000000,
        "othercomprehensiveincomelosspensionandotherpostretirementbenefitplanstax": -4000000,
        "comprehensiveincomenetoftaxincludingportionattributabletononcontrollinginterest": -7653000000,
        "comprehensiveincomenetoftaxattributabletononcontrollinginterest": 8000000,
        "comprehensiveincomenetoftax": -7661000000
    },
    {
        "date": "2019-12-30",
        "symbol": "SLB",
        "period": "Q4",
        "revenuefromcontractwithcustomerexcludingassessedtax": 5720000000,
        "interestincomeandother": 26000000,
        "costofgoodsandservicessold": 2093000000,
        "researchanddevelopmentexpense": 189000000,
        "generalandadministrativeexpense": 128000000,
        "interestexpense": 8000000,
        "incomelossfromcontinuingoperationsbeforeincometaxesextraordinaryitemsnoncontrollinginterest": -46000000,
        "incometaxexpensebenefit": 109000000,
        "profitloss": 9000000,
        "netincomelossattributabletononcontrollinginterest": 9000000,
        "netincomeloss": 333000000,
        "earningspersharebasic": 0.24000000000000038,
        "earningspersharediluted": 0.2500000000000004,
        "weightedaveragenumberofsharesoutstandingbasic": -2769000000,
        "weightedaveragenumberofdilutedsharesoutstanding": -2792000000,
        "othercomprehensiveincomeforeigncurrencytransactionandtranslationadjustmentnetoftaxportionattributabletoparent": 48000000,
        "othercomprehensiveincomeunrealizedgainlossonderivativesarisingduringperiodnetoftax": -1000000,
        "othercomprehensiveincomelossreclassificationadjustmentfromaocionderivativesnetoftax": -4000000,
        "othercomprehensiveincomelossreclassificationadjustmentfromaocipensionandotherpostretirementbenefitplansfornetgainlossbeforetax": -24000000,
        "othercomprehensiveincomelossamortizationadjustmentfromaocipensionandotherpostretirementbenefitplansfornetpriorservicecostcreditbeforetax": -3000000,
        "comprehensiveincomenetoftaxincludingportionattributabletononcontrollinginterest": 473000000,
        "comprehensiveincomenetoftaxattributabletononcontrollinginterest": 9000000,
        "comprehensiveincomenetoftax": 464000000
    },
    {
        "date": "2019-09-29",
        "symbol": "SLB",
        "period": "Q3",
        "revenuefromcontractwithcustomerexcludingassessedtax": 5629000000,
        "interestincomeandother": 21000000,
        "costofgoodsandservicessold": 2014000000,
        "researchanddevelopmentexpense": 176000000,
        "generalandadministrativeexpense": 120000000,
        "equitymethodinvestmentotherthantemporaryimpairmentandforeigncurrencydevaluationloss": 12692000000,
        "interestexpense": 9000000,
        "incomelossfromcontinuingoperationsbeforeincometaxesextraordinaryitemsnoncontrollinginterest": -30000000,
        "incometaxexpensebenefit": -598000000,
        "profitloss": 10000000,
        "netincomelossattributabletononcontrollinginterest": 10000000,
        "netincomeloss": -11383000000,
        "earningspersharebasic": -8.22,
        "earningspersharediluted": -8.22,
        "weightedaveragenumberofsharesoutstandingbasic": 1385000000,
        "weightedaveragenumberofdilutedsharesoutstanding": 1385000000,
        "othercomprehensiveincomeforeigncurrencytransactionandtranslationadjustmentnetoftaxportionattributabletoparent": -21000000,
        "othercomprehensiveincomeunrealizedgainlossonderivativesarisingduringperiodnetoftax": -27000000,
        "othercomprehensiveincomelossreclassificationadjustmentfromaocionderivativesnetoftax": -3000000,
        "othercomprehensiveincomelossreclassificationadjustmentfromaocipensionandotherpostretirementbenefitplansfornetgainlossbeforetax": -23000000,
        "othercomprehensiveincomelossamortizationadjustmentfromaocipensionandotherpostretirementbenefitplansfornetpriorservicecostcreditbeforetax": -2000000,
        "othercomprehensiveincomelosspensionandotherpostretirementbenefitplanstax": -1000000,
        "comprehensiveincomenetoftaxincludingportionattributabletononcontrollinginterest": -11398000000,
        "comprehensiveincomenetoftaxattributabletononcontrollinginterest": 10000000,
        "comprehensiveincomenetoftax": -11408000000
    },
    {
        "date": "2019-06-29",
        "symbol": "SLB",
        "period": "Q2",
        "revenuefromcontractwithcustomerexcludingassessedtax": 5463000000,
        "interestincomeandother": 25000000,
        "costofgoodsandservicessold": 1944000000,
        "researchanddevelopmentexpense": 179000000,
        "generalandadministrativeexpense": 114000000,
        "interestexpense": 10000000,
        "incomelossfromcontinuingoperationsbeforeincometaxesextraordinaryitemsnoncontrollinginterest": -49000000,
        "incometaxexpensebenefit": 99000000,
        "profitloss": 2000000,
        "netincomelossattributabletononcontrollinginterest": 2000000,
        "netincomeloss": 492000000,
        "earningspersharebasic": 0.36,
        "earningspersharediluted": 0.35,
        "weightedaveragenumberofsharesoutstandingbasic": 1384000000,
        "weightedaveragenumberofdilutedsharesoutstanding": 1395000000,
        "othercomprehensiveincomeforeigncurrencytransactionandtranslationadjustmentnetoftaxportionattributabletoparent": -37000000,
        "othercomprehensiveincomeunrealizedgainlossonderivativesarisingduringperiodnetoftax": 1000000,
        "othercomprehensiveincomelossreclassificationadjustmentfromaocionderivativesnetoftax": -1000000,
        "othercomprehensiveincomelossreclassificationadjustmentfromaocipensionandotherpostretirementbenefitplansfornetgainlossbeforetax": -23000000,
        "othercomprehensiveincomelossamortizationadjustmentfromaocipensionandotherpostretirementbenefitplansfornetpriorservicecostcreditbeforetax": -3000000,
        "othercomprehensiveincomelosspensionandotherpostretirementbenefitplanstax": -2000000,
        "comprehensiveincomenetoftaxincludingportionattributabletononcontrollinginterest": 477000000,
        "comprehensiveincomenetoftaxattributabletononcontrollinginterest": 2000000,
        "comprehensiveincomenetoftax": 475000000
    },
    {
        "date": "2019-03-30",
        "symbol": "SLB",
        "period": "Q1",
        "revenuefromcontractwithcustomerexcludingassessedtax": 5037000000,
        "interestincomeandother": 14000000,
        "costofgoodsandservicessold": 1841000000,
        "researchanddevelopmentexpense": 173000000,
        "generalandadministrativeexpense": 112000000,
        "interestexpense": 11000000,
        "incomelossfromcontinuingoperationsbeforeincometaxesextraordinaryitemsnoncontrollinginterest": -46000000,
        "incometaxexpensebenefit": 79000000,
        "profitloss": 9000000,
        "netincomelossattributabletononcontrollinginterest": 9000000,
        "netincomeloss": 421000000,
        "earningspersharebasic": 0.3,
        "earningspersharediluted": 0.3,
        "weightedaveragenumberofsharesoutstandingbasic": 1385000000,
        "weightedaveragenumberofdilutedsharesoutstanding": 1397000000,
        "othercomprehensiveincomeforeigncurrencytransactionandtranslationadjustmentnetoftaxportionattributabletoparent": 77000000,
        "othercomprehensiveincomeunrealizedgainlossonderivativesarisingduringperiodnetoftax": -5000000,
        "othercomprehensiveincomelossreclassificationadjustmentfromaocionderivativesnetoftax": -2000000,
        "othercomprehensiveincomelossreclassificationadjustmentfromaocipensionandotherpostretirementbenefitplansfornetgainlossbeforetax": -24000000,
        "othercomprehensiveincomelossamortizationadjustmentfromaocipensionandotherpostretirementbenefitplansfornetpriorservicecostcreditbeforetax": -3000000,
        "comprehensiveincomenetoftaxincludingportionattributabletononcontrollinginterest": 525000000,
        "comprehensiveincomenetoftaxattributabletononcontrollinginterest": 9000000,
        "comprehensiveincomenetoftax": 516000000
    },
    {
        "date": "2018-12-30",
        "symbol": "SLB",
        "period": "Q4",
        "interestincomeandother": 31000000,
        "researchanddevelopmentexpense": 178000000,
        "generalandadministrativeexpense": 114000000,
        "interestexpense": 9000000,
        "incomelossfromcontinuingoperationsbeforeincometaxesextraordinaryitemsnoncontrollinginterest": -41000000,
        "incometaxexpensebenefit": 99000000,
        "profitloss": 10000000,
        "netincomelossattributabletononcontrollinginterest": 10000000,
        "netincomeloss": 539000000,
        "earningspersharebasic": 0.39,
        "earningspersharediluted": 0.3800000000000002,
        "weightedaveragenumberofsharesoutstandingbasic": 0,
        "weightedaveragenumberofdilutedsharesoutstanding": 0,
        "othercomprehensiveincomeforeigncurrencytransactionandtranslationadjustmentnetoftaxportionattributabletoparent": -63000000,
        "othercomprehensiveincomeunrealizedholdinggainlossonsecuritiesarisingduringperiodnetoftax": 22000000,
        "othercomprehensiveincomeunrealizedgainlossonderivativesarisingduringperiodnetoftax": -10000000,
        "othercomprehensiveincomelossreclassificationadjustmentfromaocionderivativesnetoftax": -3000000,
        "othercomprehensiveincomelossreclassificationadjustmentfromaocipensionandotherpostretirementbenefitplansfornetgainlossbeforetax": -46000000,
        "othercomprehensiveincomelossamortizationadjustmentfromaocipensionandotherpostretirementbenefitplansfornetpriorservicecostcreditbeforetax": -1000000,
        "comprehensiveincomenetoftaxincludingportionattributabletononcontrollinginterest": 349000000,
        "comprehensiveincomenetoftaxattributabletononcontrollinginterest": 10000000,
        "comprehensiveincomenetoftax": 339000000
    },
    {
        "date": "2018-09-29",
        "symbol": "SLB",
        "period": "Q3",
        "interestincomeandother": 36000000,
        "researchanddevelopmentexpense": 177000000,
        "generalandadministrativeexpense": 105000000,
        "interestexpense": 8000000,
        "incomelossfromcontinuingoperationsbeforeincometaxesextraordinaryitemsnoncontrollinginterest": -28000000,
        "incometaxexpensebenefit": 129000000,
        "profitloss": -417000000,
        "netincomelossattributabletononcontrollinginterest": 13000000,
        "netincomeloss": 644000000,
        "earningspersharebasic": 0.45999999999999985,
        "earningspersharediluted": 0.45999999999999985,
        "weightedaveragenumberofsharesoutstandingbasic": -1384000000,
        "weightedaveragenumberofdilutedsharesoutstanding": -1393000000,
        "othercomprehensiveincomeforeigncurrencytransactionandtranslationadjustmentnetoftaxportionattributabletoparent": -46000000,
        "othercomprehensiveincomeunrealizedholdinggainlossonsecuritiesarisingduringperiodnetoftax": -12000000,
        "othercomprehensiveincomeunrealizedgainlossonderivativesarisingduringperiodnetoftax": 4000000,
        "othercomprehensiveincomelossreclassificationadjustmentfromaocionderivativesnetoftax": -2000000,
        "othercomprehensiveincomelossreclassificationadjustmentfromaocipensionandotherpostretirementbenefitplansfornetgainlossbeforetax": -48000000,
        "othercomprehensiveincomelossamortizationadjustmentfromaocipensionandotherpostretirementbenefitplansfornetpriorservicecostcreditbeforetax": -2000000,
        "comprehensiveincomenetoftaxincludingportionattributabletononcontrollinginterest": 649000000,
        "comprehensiveincomenetoftaxattributabletononcontrollinginterest": 13000000,
        "comprehensiveincomenetoftax": 636000000
    },
    {
        "date": "2018-06-29",
        "symbol": "SLB",
        "period": "Q2",
        "revenuefromcontractwithcustomerexcludingassessedtax": 5064000000,
        "interestincomeandother": 40000000,
        "costofgoodsandservicessold": 1983000000,
        "researchanddevelopmentexpense": 175000000,
        "generalandadministrativeexpense": 114000000,
        "equitymethodinvestmentotherthantemporaryimpairmentandforeigncurrencydevaluationloss": 184000000,
        "interestexpense": 9000000,
        "incomelossfromcontinuingoperationsbeforeincometaxesextraordinaryitemsnoncontrollinginterest": -27000000,
        "incometaxexpensebenefit": 106000000,
        "profitloss": 441000000,
        "netincomelossattributabletononcontrollinginterest": 11000000,
        "netincomeloss": 430000000,
        "earningspersharebasic": 0.31,
        "earningspersharediluted": 0.31,
        "weightedaveragenumberofsharesoutstandingbasic": 1384000000,
        "weightedaveragenumberofdilutedsharesoutstanding": 1392000000,
        "othercomprehensiveincomeforeigncurrencytransactionandtranslationadjustmentnetoftaxportionattributabletoparent": -121000000,
        "othercomprehensiveincomeunrealizedholdinggainlossonsecuritiesarisingduringperiodnetoftax": -40000000,
        "othercomprehensiveincomeunrealizedgainlossonderivativesarisingduringperiodnetoftax": -15000000,
        "othercomprehensiveincomelossreclassificationadjustmentfromaocionderivativesnetoftax": 1000000,
        "othercomprehensiveincomelossreclassificationadjustmentfromaocipensionandotherpostretirementbenefitplansfornetgainlossbeforetax": -37000000,
        "othercomprehensiveincomelossamortizationadjustmentfromaocipensionandotherpostretirementbenefitplansfornetpriorservicecostcreditbeforetax": -1000000,
        "othercomprehensiveincomelosspensionandotherpostretirementbenefitplanstax": -5000000,
        "comprehensiveincomenetoftaxincludingportionattributabletononcontrollinginterest": 295000000,
        "comprehensiveincomenetoftaxattributabletononcontrollinginterest": 11000000,
        "comprehensiveincomenetoftax": 284000000
    },
    {
        "date": "2018-03-30",
        "symbol": "SLB",
        "period": "Q1",
        "salesrevenueservicesnet": 5736000000,
        "salesrevenuegoodsnet": 2093000000,
        "revenues": 4883000000,
        "interestincomeandother": 42000000,
        "costofservices": 4880000000,
        "costofgoodssold": 1922000000,
        "researchanddevelopmentexpense": 172000000,
        "generalandadministrativeexpense": 111000000,
        "interestexpense": 12000000,
        "incomelossfromcontinuingoperationsbeforeincometaxesextraordinaryitemsnoncontrollinginterest": -8000000,
        "incometaxexpensebenefit": 113000000,
        "profitloss": 5000000,
        "netincomelossattributabletononcontrollinginterest": 5000000,
        "netincomeloss": 525000000,
        "earningspersharebasic": 0.38,
        "earningspersharediluted": 0.38,
        "weightedaveragenumberofsharesoutstandingbasic": 1385000000,
        "weightedaveragenumberofdilutedsharesoutstanding": 1394000000,
        "othercomprehensiveincomeforeigncurrencytransactionandtranslationadjustmentnetoftaxportionattributabletoparent": 39000000,
        "othercomprehensiveincomeunrealizedholdinggainlossonsecuritiesarisingduringperiodnetoftax": 19000000,
        "othercomprehensiveincomeunrealizedgainlossonderivativesarisingduringperiodnetoftax": 5000000,
        "othercomprehensiveincomelossreclassificationadjustmentfromaocionderivativesnetoftax": 3000000,
        "othercomprehensiveincomelossreclassificationadjustmentfromaocipensionandotherpostretirementbenefitplansfornetgainlossbeforetax": -56000000,
        "othercomprehensiveincomelossamortizationadjustmentfromaocipensionandotherpostretirementbenefitplansfornetpriorservicecostcreditbeforetax": -1000000,
        "comprehensiveincomenetoftaxincludingportionattributabletononcontrollinginterest": 645000000,
        "comprehensiveincomenetoftaxattributabletononcontrollinginterest": 5000000,
        "comprehensiveincomenetoftax": 640000000
    },
    {
        "date": "2017-12-30",
        "symbol": "SLB",
        "period": "Q4",
        "salesrevenueservicesnet": 5619000000,
        "salesrevenuegoodsnet": 2560000000,
        "revenues": 8549000000,
        "interestincomeandother": 52000000,
        "costofservices": 4390000000,
        "costofgoodssold": 2810000000,
        "researchanddevelopmentexpense": 192000000,
        "generalandadministrativeexpense": 109000000,
        "businesscombinationintegrationrelatedcosts": 95000000,
        "interestexpense": 14000000,
        "incomelossfromcontinuingoperationsbeforeincometaxesextraordinaryitemsnoncontrollinginterest": -41000000,
        "incometaxexpensebenefit": 61000000,
        "profitloss": -17000000,
        "netincomelossattributabletononcontrollinginterest": -17000000,
        "netincomeloss": -2254000000,
        "earningspersharebasic": -1.62,
        "earningspersharediluted": -1.62,
        "weightedaveragenumberofsharesoutstandingbasic": 0,
        "weightedaveragenumberofdilutedsharesoutstanding": -7000000,
        "othercomprehensiveincomelossforeigncurrencytransactionandtranslationadjustmentnetoftax": -52000000,
        "othercomprehensiveincomeunrealizedholdinggainlossonsecuritiesarisingduringperiodnetoftax": 58000000,
        "othercomprehensiveincomelossreclassificationadjustmentfromaocipensionandotherpostretirementbenefitplansfornetgainlossbeforetax": -40000000,
        "othercomprehensiveincomelossamortizationadjustmentfromaocipensionandotherpostretirementbenefitplansfornetpriorservicecostcreditbeforetax": 20000000,
        "comprehensiveincomenetoftaxincludingportionattributabletononcontrollinginterest": -2085000000,
        "comprehensiveincomenetoftaxattributabletononcontrollinginterest": -17000000,
        "comprehensiveincomenetoftax": -2068000000
    },
    {
        "date": "2017-09-29",
        "symbol": "SLB",
        "period": "Q3",
        "salesrevenueservicesnet": 5894000000,
        "salesrevenuegoodsnet": 2011000000,
        "revenues": -159000000,
        "interestincomeandother": 64000000,
        "costofservices": 4941000000,
        "costofgoodssold": 1858000000,
        "researchanddevelopmentexpense": 189000000,
        "generalandadministrativeexpense": 115000000,
        "businesscombinationintegrationrelatedcosts": 49000000,
        "interestexpense": 12000000,
        "incomelossfromcontinuingoperationsbeforeincometaxesextraordinaryitemsnoncontrollinginterest": -30000000,
        "incometaxexpensebenefit": 121000000,
        "profitloss": 11000000,
        "netincomelossattributabletononcontrollinginterest": 11000000,
        "netincomeloss": 544000000,
        "earningspersharebasic": 0.39000000000000007,
        "earningspersharediluted": 0.39000000000000007,
        "weightedaveragenumberofsharesoutstandingbasic": -2000000,
        "weightedaveragenumberofdilutedsharesoutstanding": -2000000,
        "othercomprehensiveincomelossforeigncurrencytransactionandtranslationadjustmentnetoftax": 75000000,
        "othercomprehensiveincomeunrealizedholdinggainlossonsecuritiesarisingduringperiodnetoftax": -41000000,
        "othercomprehensiveincomelossreclassificationadjustmentfromaocipensionandotherpostretirementbenefitplansfornetgainlossbeforetax": -40000000,
        "othercomprehensiveincomelossamortizationadjustmentfromaocipensionandotherpostretirementbenefitplansfornetpriorservicecostcreditbeforetax": 20000000,
        "othercomprehensiveincomelosspensionandotherpostretirementbenefitplanstax": 0,
        "comprehensiveincomenetoftaxincludingportionattributabletononcontrollinginterest": 653000000,
        "comprehensiveincomenetoftaxattributabletononcontrollinginterest": 11000000,
        "comprehensiveincomenetoftax": 642000000
    },
    {
        "date": "2017-06-29",
        "symbol": "SLB",
        "period": "Q2",
        "salesrevenueservicesnet": 5477000000,
        "salesrevenuegoodsnet": 1985000000,
        "revenues": -165000000,
        "interestincomeandother": 62000000,
        "costofservices": 4624000000,
        "costofgoodssold": 1844000000,
        "researchanddevelopmentexpense": 195000000,
        "generalandadministrativeexpense": 110000000,
        "businesscombinationintegrationrelatedcosts": 82000000,
        "interestexpense": 14000000,
        "incomelossfromcontinuingoperationsbeforeincometaxesextraordinaryitemsnoncontrollinginterest": -46000000,
        "incometaxexpensebenefit": 98000000,
        "profitloss": -7000000,
        "netincomelossattributabletononcontrollinginterest": -7000000,
        "netincomeloss": -74000000,
        "earningspersharebasic": -0.05000000000000002,
        "earningspersharediluted": -0.05000000000000002,
        "weightedaveragenumberofsharesoutstandingbasic": -3000000,
        "weightedaveragenumberofdilutedsharesoutstanding": -5000000,
        "othercomprehensiveincomelossforeigncurrencytransactionandtranslationadjustmentnetoftax": -71000000,
        "othercomprehensiveincomeunrealizedholdinggainlossonsecuritiesarisingduringperiodnetoftax": -21000000,
        "othercomprehensiveincomeunrealizedgainlossonderivativesarisingduringperiodnetoftax": 0,
        "othercomprehensiveincomelossreclassificationadjustmentfromaocipensionandotherpostretirementbenefitplansfornetgainlossbeforetax": -36000000,
        "othercomprehensiveincomelossamortizationadjustmentfromaocipensionandotherpostretirementbenefitplansfornetpriorservicecostcreditbeforetax": 20000000,
        "othercomprehensiveincomelosspensionandotherpostretirementbenefitplanstax": -1000000,
        "comprehensiveincomenetoftaxincludingportionattributabletononcontrollinginterest": -110000000,
        "comprehensiveincomenetoftaxattributabletononcontrollinginterest": -7000000,
        "comprehensiveincomenetoftax": -103000000
    },
    {
        "date": "2017-03-30",
        "symbol": "SLB",
        "period": "Q1",
        "salesrevenueservicesnet": 4937000000,
        "salesrevenuegoodsnet": 1957000000,
        "revenues": -125000000,
        "interestincomeandother": 46000000,
        "costofservices": 4251000000,
        "costofgoodssold": 1825000000,
        "researchanddevelopmentexpense": 211000000,
        "generalandadministrativeexpense": 98000000,
        "businesscombinationintegrationrelatedcosts": 82000000,
        "interestexpense": 13000000,
        "incomelossfromcontinuingoperationsbeforeincometaxesextraordinaryitemsnoncontrollinginterest": -25000000,
        "incometaxexpensebenefit": 50000000,
        "profitloss": 5000000,
        "netincomelossattributabletononcontrollinginterest": 5000000,
        "netincomeloss": 279000000,
        "earningspersharebasic": 0.2,
        "earningspersharediluted": 0.2,
        "weightedaveragenumberofsharesoutstandingbasic": 1393000000,
        "weightedaveragenumberofdilutedsharesoutstanding": 1402000000,
        "othercomprehensiveincomelossforeigncurrencytransactionandtranslationadjustmentnetoftax": 45000000,
        "othercomprehensiveincomeunrealizedholdinggainlossonsecuritiesarisingduringperiodnetoftax": -4000000,
        "othercomprehensiveincomeunrealizedgainlossonderivativesarisingduringperiodnetoftax": 11000000,
        "othercomprehensiveincomelossreclassificationadjustmentfromaocipensionandotherpostretirementbenefitplansfornetgainlossbeforetax": -43000000,
        "othercomprehensiveincomelossamortizationadjustmentfromaocipensionandotherpostretirementbenefitplansfornetpriorservicecostcreditbeforetax": 20000000,
        "othercomprehensiveincomelosspensionandotherpostretirementbenefitplanstax": -1000000,
        "comprehensiveincomenetoftaxincludingportionattributabletononcontrollinginterest": 398000000,
        "comprehensiveincomenetoftaxattributabletononcontrollinginterest": 5000000,
        "comprehensiveincomenetoftax": 393000000
    },
    {
        "date": "2016-12-30",
        "symbol": "SLB",
        "period": "Q4",
        "revenues": 5683000000,
        "interestincomeandother": 47000000,
        "researchanddevelopmentexpense": 262000000,
        "generalandadministrativeexpense": 98000000,
        "interestexpense": 13000000,
        "incomelossfromcontinuingoperationsbeforeincometaxesextraordinaryitemsnoncontrollinginterest": 1561000000,
        "incometaxexpensebenefit": -19000000,
        "profitloss": 10000000,
        "netincomelossattributabletononcontrollinginterest": 10000000,
        "netincomeloss": -205000000,
        "earningspersharebasic": -0.1399999999999998,
        "earningspersharediluted": -0.1399999999999998,
        "weightedaveragenumberofsharesoutstandingbasic": 12000000,
        "weightedaveragenumberofdilutedsharesoutstanding": 12000000,
        "othercomprehensiveincomelossforeigncurrencytransactionandtranslationadjustmentnetoftax": -57000000,
        "othercomprehensiveincomeunrealizedgainlossonderivativesarisingduringperiodnetoftax": -15000000,
        "othercomprehensiveincomelossreclassificationadjustmentfromaocionderivativesnetoftax": -12000000,
        "othercomprehensiveincomelossreclassificationadjustmentfromaocipensionandotherpostretirementbenefitplansfornetgainlossbeforetax": -38000000,
        "othercomprehensiveincomelossamortizationadjustmentfromaocipensionandotherpostretirementbenefitplansfornetpriorservicecostcreditbeforetax": 26000000,
        "othercomprehensiveincomelosspensionandotherpostretirementbenefitplanstax": 7000000,
        "comprehensiveincomenetoftaxincludingportionattributabletononcontrollinginterest": -450000000,
        "comprehensiveincomenetoftaxattributabletononcontrollinginterest": 10000000,
        "comprehensiveincomenetoftax": -460000000
    },
    {
        "date": "2016-09-29",
        "symbol": "SLB",
        "period": "Q3",
        "revenues": -118000000,
        "interestincomeandother": 55000000,
        "researchanddevelopmentexpense": 253000000,
        "generalandadministrativeexpense": 92000000,
        "interestexpense": 14000000,
        "incomelossfromcontinuingoperationsbeforeincometaxesextraordinaryitemsnoncontrollinginterest": 201000000,
        "incometaxexpensebenefit": 10000000,
        "profitloss": 14000000,
        "netincomelossattributabletononcontrollinginterest": 14000000,
        "netincomeloss": 177000000,
        "earningspersharebasic": 0.16000000000000003,
        "earningspersharediluted": 0.16000000000000003,
        "weightedaveragenumberofsharesoutstandingbasic": 24000000,
        "weightedaveragenumberofdilutedsharesoutstanding": 24000000,
        "othercomprehensiveincomelossforeigncurrencytransactionandtranslationadjustmentnetoftax": 25000000,
        "othercomprehensiveincomeunrealizedgainlossonderivativesarisingduringperiodnetoftax": -18000000,
        "othercomprehensiveincomelossreclassificationadjustmentfromaocionderivativesnetoftax": -29000000,
        "othercomprehensiveincomelossreclassificationadjustmentfromaocipensionandotherpostretirementbenefitplansfornetgainlossbeforetax": -40000000,
        "othercomprehensiveincomelossamortizationadjustmentfromaocipensionandotherpostretirementbenefitplansfornetpriorservicecostcreditbeforetax": 25000000,
        "othercomprehensiveincomelosspensionandotherpostretirementbenefitplanstax": -6000000,
        "comprehensiveincomenetoftaxincludingportionattributabletononcontrollinginterest": 281000000,
        "comprehensiveincomenetoftaxattributabletononcontrollinginterest": 14000000,
        "comprehensiveincomenetoftax": 267000000
    },
    {
        "date": "2016-06-29",
        "symbol": "SLB",
        "period": "Q2",
        "revenues": -97000000,
        "interestincomeandother": 53000000,
        "researchanddevelopmentexpense": 257000000,
        "generalandadministrativeexpense": 103000000,
        "interestexpense": 13000000,
        "incomelossfromcontinuingoperationsbeforeincometaxesextraordinaryitemsnoncontrollinginterest": -2514000000,
        "incometaxexpensebenefit": -368000000,
        "profitloss": 14000000,
        "netincomelossattributabletononcontrollinginterest": 14000000,
        "netincomeloss": -2160000000,
        "earningspersharebasic": -1.6600000000000001,
        "earningspersharediluted": -1.6600000000000001,
        "weightedaveragenumberofsharesoutstandingbasic": 67000000,
        "weightedaveragenumberofdilutedsharesoutstanding": 62000000,
        "othercomprehensiveincomelossforeigncurrencytransactionandtranslationadjustmentnetoftax": -68000000,
        "othercomprehensiveincomeunrealizedholdinggainlossonsecuritiesarisingduringperiodnetoftax": 0,
        "othercomprehensiveincomeunrealizedgainlossonderivativesarisingduringperiodnetoftax": 17000000,
        "othercomprehensiveincomelossreclassificationadjustmentfromaocionderivativesnetoftax": 14000000,
        "othercomprehensiveincomelossreclassificationadjustmentfromaocipensionandotherpostretirementbenefitplansfornetgainlossbeforetax": -34000000,
        "othercomprehensiveincomelossamortizationadjustmentfromaocipensionandotherpostretirementbenefitplansfornetpriorservicecostcreditbeforetax": 26000000,
        "othercomprehensiveincomelosspensionandotherpostretirementbenefitplanstax": -7000000,
        "comprehensiveincomenetoftaxincludingportionattributabletononcontrollinginterest": -2158000000,
        "comprehensiveincomenetoftaxattributabletononcontrollinginterest": 14000000,
        "comprehensiveincomenetoftax": -2172000000
    },
    {
        "date": "2016-03-30",
        "symbol": "SLB",
        "period": "Q1",
        "revenues": -68000000,
        "interestincomeandother": 45000000,
        "costofgoodsandservicessold": 5460000000,
        "researchanddevelopmentexpense": 240000000,
        "generalandadministrativeexpense": 110000000,
        "interestexpense": 13000000,
        "incomelossfromcontinuingoperationsbeforeincometaxesextraordinaryitemsnoncontrollinginterest": 622000000,
        "incometaxexpensebenefit": 99000000,
        "profitloss": 22000000,
        "netincomelossattributabletononcontrollinginterest": 22000000,
        "netincomeloss": 501000000,
        "earningspersharebasic": 0.4,
        "earningspersharediluted": 0.4,
        "weightedaveragenumberofsharesoutstandingbasic": 1254000000,
        "weightedaveragenumberofdilutedsharesoutstanding": 1259000000,
        "othercomprehensiveincomelossforeigncurrencytransactionandtranslationadjustmentnetoftax": 17000000,
        "othercomprehensiveincomeunrealizedholdinggainlossonsecuritiesarisingduringperiodnetoftax": 3000000,
        "othercomprehensiveincomeunrealizedgainlossonderivativesarisingduringperiodnetoftax": -85000000,
        "othercomprehensiveincomelossreclassificationadjustmentfromaocionderivativesnetoftax": -94000000,
        "othercomprehensiveincomelossreclassificationadjustmentfromaocipensionandotherpostretirementbenefitplansfornetgainlossbeforetax": -45000000,
        "othercomprehensiveincomelossamortizationadjustmentfromaocipensionandotherpostretirementbenefitplansfornetpriorservicecostcreditbeforetax": 25000000,
        "othercomprehensiveincomelosspensionandotherpostretirementbenefitplanstax": -7000000,
        "comprehensiveincomenetoftaxincludingportionattributabletononcontrollinginterest": 615000000,
        "comprehensiveincomenetoftaxattributabletononcontrollinginterest": 22000000,
        "comprehensiveincomenetoftax": 593000000
    },
    {
        "date": "2015-12-30",
        "symbol": "SLB",
        "period": "Q4",
        "revenues": 8603000000,
        "interestincomeandother": 81000000,
        "costofgoodsandservicessold": 6293000000,
        "researchanddevelopmentexpense": 275000000,
        "generalandadministrativeexpense": 132000000,
        "interestexpense": 9000000,
        "incometaxexpensebenefit": -113000000,
        "profitloss": 26000000,
        "netincomelossattributabletononcontrollinginterest": 26000000,
        "netincomeloss": -1016000000,
        "earningspersharebasic": -0.8000000000000003,
        "earningspersharediluted": -0.79,
        "weightedaveragenumberofsharesoutstandingbasic": -3000000,
        "weightedaveragenumberofdilutedsharesoutstanding": -3000000,
        "othercomprehensiveincomelossforeigncurrencytransactionandtranslationadjustmentnetoftax": -262000000,
        "othercomprehensiveincomeunrealizedgainlossonderivativesarisingduringperiodnetoftax": -55000000,
        "othercomprehensiveincomelossreclassificationadjustmentfromaocionderivativesnetoftax": -74000000,
        "othercomprehensiveincomelossreclassificationadjustmentfromaocipensionandotherpostretirementbenefitplansfornetgainlossbeforetax": -76000000,
        "othercomprehensiveincomelossamortizationadjustmentfromaocipensionandotherpostretirementbenefitplansfornetpriorservicecostcreditbeforetax": 25000000,
        "othercomprehensiveincomelosspensionandotherpostretirementbenefitplanstax": -39000000,
        "comprehensiveincomenetoftaxincludingportionattributabletononcontrollinginterest": -1355000000,
        "comprehensiveincomenetoftaxattributabletononcontrollinginterest": 26000000,
        "comprehensiveincomenetoftax": -1381000000
    },
    {
        "date": "2015-09-29",
        "symbol": "SLB",
        "period": "Q3",
        "revenues": -40000000,
        "interestincomeandother": 59000000,
        "costofgoodsandservicessold": 6797000000,
        "researchanddevelopmentexpense": 273000000,
        "generalandadministrativeexpense": 123000000,
        "interestexpense": 8000000,
        "incometaxexpensebenefit": 251000000,
        "profitloss": 14000000,
        "netincomelossattributabletononcontrollinginterest": 14000000,
        "netincomeloss": 989000000,
        "earningspersharebasic": 0.7800000000000002,
        "earningspersharediluted": 0.78,
        "weightedaveragenumberofsharesoutstandingbasic": -3000000,
        "weightedaveragenumberofdilutedsharesoutstanding": -4000000,
        "othercomprehensiveincomelossforeigncurrencytransactionandtranslationadjustmentnetoftax": -166000000,
        "othercomprehensiveincomelossavailableforsalesecuritiesadjustmentnetoftax": -26000000,
        "othercomprehensiveincomeunrealizedgainlossonderivativesarisingduringperiodnetoftax": -13000000,
        "othercomprehensiveincomelossreclassificationadjustmentfromaocionderivativesnetoftax": -21000000,
        "othercomprehensiveincomelossreclassificationadjustmentfromaocipensionandotherpostretirementbenefitplansfornetgainlossbeforetax": -87000000,
        "othercomprehensiveincomelossamortizationadjustmentfromaocipensionandotherpostretirementbenefitplansfornetpriorservicecostcreditbeforetax": 25000000,
        "othercomprehensiveincomelosspensionandotherpostretirementbenefitplanstax": -13000000,
        "comprehensiveincomenetoftaxincludingportionattributabletononcontrollinginterest": 918000000,
        "comprehensiveincomenetoftaxattributabletononcontrollinginterest": 14000000,
        "comprehensiveincomenetoftax": 904000000
    },
    {
        "date": "2015-06-29",
        "symbol": "SLB",
        "period": "Q2",
        "revenues": -29000000,
        "interestincomeandother": 47000000,
        "costofgoodsandservicessold": 7135000000,
        "researchanddevelopmentexpense": 279000000,
        "generalandadministrativeexpense": 120000000,
        "restructuringandothercharges": 0,
        "interestexpense": 7000000,
        "incomelossfromcontinuingoperationsbeforeincometaxesextraordinaryitemsnoncontrollinginterest": 0,
        "incometaxexpensebenefit": 302000000,
        "profitloss": 10000000,
        "netincomelossattributabletononcontrollinginterest": 10000000,
        "netincomeloss": 1124000000,
        "earningspersharebasic": 0.8899999999999999,
        "earningspersharediluted": 0.8799999999999999,
        "weightedaveragenumberofsharesoutstandingbasic": -3000000,
        "weightedaveragenumberofdilutedsharesoutstanding": -3000000,
        "othercomprehensiveincomelossforeigncurrencytransactionandtranslationadjustmentnetoftax": 19000000,
        "othercomprehensiveincomelossavailableforsalesecuritiesadjustmentnetoftax": 8000000,
        "othercomprehensiveincomeunrealizedgainlossonderivativesarisingduringperiodnetoftax": 42000000,
        "othercomprehensiveincomelossreclassificationadjustmentfromaocionderivativesnetoftax": -22000000,
        "othercomprehensiveincomelossreclassificationadjustmentfromaocipensionandotherpostretirementbenefitplansfornetgainlossbeforetax": -69000000,
        "othercomprehensiveincomelossamortizationadjustmentfromaocipensionandotherpostretirementbenefitplansfornetpriorservicecostcreditbeforetax": 24000000,
        "othercomprehensiveincomelosspensionandotherpostretirementbenefitplanstax": -7000000,
        "comprehensiveincomenetoftaxincludingportionattributabletononcontrollinginterest": 1311000000,
        "comprehensiveincomenetoftaxattributabletononcontrollinginterest": 10000000,
        "comprehensiveincomenetoftax": 1301000000
    },
    {
        "date": "2015-03-30",
        "symbol": "SLB",
        "period": "Q1",
        "revenues": -34000000,
        "interestincomeandother": 49000000,
        "costofgoodsandservicessold": 8096000000,
        "researchanddevelopmentexpense": 267000000,
        "generalandadministrativeexpense": 119000000,
        "restructuringandothercharges": 346000000,
        "interestexpense": 6000000,
        "incomelossfromcontinuingoperationsbeforeincometaxesextraordinaryitemsnoncontrollinginterest": -439000000,
        "incometaxexpensebenefit": 306000000,
        "profitloss": 13000000,
        "netincomelossattributabletononcontrollinginterest": 13000000,
        "netincomeloss": 975000000,
        "earningspersharebasic": 0.76,
        "earningspersharediluted": 0.76,
        "weightedaveragenumberofsharesoutstandingbasic": 1276000000,
        "weightedaveragenumberofdilutedsharesoutstanding": 1285000000,
        "othercomprehensiveincomelossforeigncurrencytransactionandtranslationadjustmentnetoftax": -113000000,
        "othercomprehensiveincomelossavailableforsalesecuritiesadjustmentnetoftax": -18000000,
        "othercomprehensiveincomeunrealizedgainlossonderivativesarisingduringperiodnetoftax": -152000000,
        "othercomprehensiveincomelossreclassificationadjustmentfromaocionderivativesnetoftax": -118000000,
        "othercomprehensiveincomelossreclassificationadjustmentfromaocipensionandotherpostretirementbenefitplansfornetgainlossbeforetax": -74000000,
        "othercomprehensiveincomelossamortizationadjustmentfromaocipensionandotherpostretirementbenefitplansfornetpriorservicecostcreditbeforetax": 27000000,
        "othercomprehensiveincomelosspensionandotherpostretirementbenefitplanstax": -15000000,
        "comprehensiveincomenetoftaxincludingportionattributabletononcontrollinginterest": 909000000,
        "comprehensiveincomenetoftaxattributabletononcontrollinginterest": 13000000,
        "comprehensiveincomenetoftax": 896000000
    },
    {
        "date": "2014-12-30",
        "symbol": "SLB",
        "period": "Q4",
        "revenues": 14153000000,
        "interestincomeandother": 71000000,
        "costofgoodsandservicessold": 9690000000,
        "researchanddevelopmentexpense": 324000000,
        "generalandadministrativeexpense": 122000000,
        "interestexpense": 7000000,
        "incometaxexpensebenefit": 398000000,
        "incomelossfromcontinuingoperationsincludingportionattributabletononcontrollinginterest": 318000000,
        "netincomelossattributabletononcontrollinginterest": 16000000,
        "netincomeloss": 302000000,
        "incomelossfromcontinuingoperations": 302000000,
        "incomelossfromcontinuingoperationsperbasicshare": 0.24999999999999956,
        "earningspersharebasic": 0.25,
        "incomelossfromcontinuingoperationsperdilutedshare": 0.23999999999999932,
        "earningspersharediluted": 0.25,
        "weightedaveragenumberofsharesoutstandingbasic": -5000000,
        "weightedaveragenumberofdilutedsharesoutstanding": -7000000,
        "othercomprehensiveincomeunrealizedgainlossonderivativesarisingduringperiodnetoftax": -100000000,
        "othercomprehensiveincomelossreclassificationadjustmentfromaocionderivativesnetoftax": -54000000,
        "othercomprehensiveincomelossreclassificationadjustmentfromaocipensionandotherpostretirementbenefitplansfornetgainlossbeforetax": -45000000,
        "othercomprehensiveincomelossamortizationadjustmentfromaocipensionandotherpostretirementbenefitplansfornetpriorservicecostcreditbeforetax": 32000000,
        "comprehensiveincomenetoftaxincludingportionattributabletononcontrollinginterest": -1147000000,
        "comprehensiveincomenetoftaxattributabletononcontrollinginterest": 16000000,
        "comprehensiveincomenetoftax": -1163000000
    },
    {
        "date": "2014-09-29",
        "symbol": "SLB",
        "period": "Q3",
        "revenues": -56000000,
        "interestincomeandother": 79000000,
        "costofgoodsandservicessold": 9690000000,
        "researchanddevelopmentexpense": 300000000,
        "generalandadministrativeexpense": 125000000,
        "interestexpense": 5000000,
        "incomelossfromcontinuingoperationsbeforeincometaxesminorityinterestandincomelossfromequitymethodinvestments": 2520000000,
        "incometaxexpensebenefit": 556000000,
        "incomelossfromcontinuingoperationsincludingportionattributabletononcontrollinginterest": 1964000000,
        "profitlossexcludingnoncontrollinginterestsassociatedwithdiscontinuedoperations": 1964000000,
        "netincomelossattributabletononcontrollinginterest": 15000000,
        "netincomeloss": 1949000000,
        "incomelossfromcontinuingoperations": 1949000000,
        "incomelossfromcontinuingoperationsperbasicshare": 1.5100000000000005,
        "earningspersharebasic": 1.4999999999999998,
        "incomelossfromcontinuingoperationsperdilutedshare": 1.4900000000000002,
        "earningspersharediluted": 1.4900000000000002,
        "weightedaveragenumberofsharesoutstandingbasic": -3000000,
        "weightedaveragenumberofdilutedsharesoutstanding": -1000000,
        "othercomprehensiveincomeforeigncurrencytransactionandtranslationgainlossarisingduringperiodnetoftax": -146000000,
        "marketablesecuritiesunrealizedgainloss": -162000000,
        "othercomprehensiveincomeunrealizedgainlossonderivativesarisingduringperiodnetoftax": -151000000,
        "othercomprehensiveincomelossreclassificationadjustmentfromaocionderivativesnetoftax": -53000000,
        "othercomprehensiveincomelossreclassificationadjustmentfromaocipensionandotherpostretirementbenefitplansfornetgainlossbeforetax": -32000000,
        "othercomprehensiveincomelossamortizationadjustmentfromaocipensionandotherpostretirementbenefitplansfornetpriorservicecostcreditbeforetax": 40000000,
        "othercomprehensiveincomelosspensionandotherpostretirementbenefitplansplanamendmentstaxeffect": -8000000,
        "comprehensiveincomenetoftaxincludingportionattributabletononcontrollinginterest": 1622000000,
        "comprehensiveincomenetoftaxattributabletononcontrollinginterest": 15000000,
        "comprehensiveincomenetoftax": 1607000000
    },
    {
        "date": "2014-06-29",
        "symbol": "SLB",
        "period": "Q2",
        "revenues": -11336000000,
        "interestincomeandother": 65000000,
        "costofgoodsandservicessold": 9273000000,
        "researchanddevelopmentexpense": 309000000,
        "generalandadministrativeexpense": 122000000,
        "interestexpense": 4000000,
        "incomelossfromcontinuingoperationsbeforeincometaxesminorityinterestandincomelossfromequitymethodinvestments": 2326000000,
        "incometaxexpensebenefit": 505000000,
        "incomelossfromcontinuingoperationsincludingportionattributabletononcontrollinginterest": 1821000000,
        "profitlossexcludingnoncontrollinginterestsassociatedwithdiscontinuedoperations": 1616000000,
        "netincomelossattributabletononcontrollinginterest": 21000000,
        "netincomeloss": 1595000000,
        "incomelossfromcontinuingoperations": 1800000000,
        "incomelossfromcontinuingoperationsperbasicshare": 1.3800000000000001,
        "earningspersharebasic": 1.2300000000000002,
        "incomelossfromcontinuingoperationsperdilutedshare": 1.37,
        "earningspersharediluted": 1.21,
        "weightedaveragenumberofsharesoutstandingbasic": -3000000,
        "weightedaveragenumberofdilutedsharesoutstanding": -2000000,
        "othercomprehensiveincomeforeigncurrencytransactionandtranslationgainlossarisingduringperiodnetoftax": 58000000,
        "marketablesecuritiesunrealizedgainloss": 19000000,
        "othercomprehensiveincomeunrealizedgainlossonderivativesarisingduringperiodnetoftax": -3000000,
        "othercomprehensiveincomelossreclassificationadjustmentfromaocionderivativesnetoftax": -9000000,
        "othercomprehensiveincomelossreclassificationadjustmentfromaocipensionandotherpostretirementbenefitplansfornetgainlossbeforetax": -59000000,
        "othercomprehensiveincomelossamortizationadjustmentfromaocipensionandotherpostretirementbenefitplansfornetpriorservicecostcreditbeforetax": 24000000,
        "othercomprehensiveincomelosspensionandotherpostretirementbenefitplansplanamendmentstaxeffect": -10000000,
        "comprehensiveincomenetoftaxincludingportionattributabletononcontrollinginterest": 1772000000,
        "comprehensiveincomenetoftaxattributabletononcontrollinginterest": 21000000,
        "comprehensiveincomenetoftax": 1751000000
    },
    {
        "date": "2014-03-30",
        "symbol": "SLB",
        "period": "Q1",
        "revenues": 11239000000,
        "interestincomeandother": 76000000,
        "costofgoodsandservicessold": 8745000000,
        "researchanddevelopmentexpense": 284000000,
        "generalandadministrativeexpense": 106000000,
        "interestexpense": 6000000,
        "incomelossfromcontinuingoperationsbeforeincometaxesminorityinterestandincomelossfromequitymethodinvestments": 2077000000,
        "incometaxexpensebenefit": 469000000,
        "incomelossfromcontinuingoperationsincludingportionattributabletononcontrollinginterest": 1608000000,
        "profitlossexcludingnoncontrollinginterestsassociatedwithdiscontinuedoperations": 1608000000,
        "netincomelossattributabletononcontrollinginterest": 16000000,
        "netincomeloss": 1592000000,
        "incomelossfromcontinuingoperations": 1592000000,
        "incomelossfromcontinuingoperationsperbasicshare": 1.22,
        "earningspersharebasic": 1.22,
        "incomelossfromcontinuingoperationsperdilutedshare": 1.21,
        "earningspersharediluted": 1.21,
        "weightedaveragenumberofsharesoutstandingbasic": 1306000000,
        "weightedaveragenumberofdilutedsharesoutstanding": 1318000000,
        "othercomprehensiveincomeforeigncurrencytransactionandtranslationgainlossarisingduringperiodnetoftax": -88000000,
        "marketablesecuritiesunrealizedgainloss": 11000000,
        "othercomprehensiveincomeunrealizedgainlossonderivativesarisingduringperiodnetoftax": 16000000,
        "othercomprehensiveincomelossreclassificationadjustmentfromaocionderivativesnetoftax": 3000000,
        "othercomprehensiveincomelossreclassificationadjustmentfromaocipensionandotherpostretirementbenefitplansfornetgainlossbeforetax": -41000000,
        "othercomprehensiveincomelossamortizationadjustmentfromaocipensionandotherpostretirementbenefitplansfornetpriorservicecostcreditbeforetax": 32000000,
        "othercomprehensiveincomelosspensionandotherpostretirementbenefitplansplanamendmentstaxeffect": -10000000,
        "comprehensiveincomenetoftaxincludingportionattributabletononcontrollinginterest": 1607000000,
        "comprehensiveincomenetoftaxattributabletononcontrollinginterest": 16000000,
        "comprehensiveincomenetoftax": 1591000000
    },
    {
        "date": "2013-12-30",
        "symbol": "SLB",
        "period": "Q4",
        "revenues": -32918000000,
        "interestincomeandother": 60000000,
        "costofgoodsandservicessold": 9284000000,
        "researchanddevelopmentexpense": 304000000,
        "generalandadministrativeexpense": 111000000,
        "interestexpense": 6000000,
        "incomelossfromcontinuingoperationsbeforeincometaxesminorityinterestandincomelossfromequitymethodinvestments": 2170000000,
        "incometaxexpensebenefit": 487000000,
        "incomelossfromcontinuingoperationsincludingportionattributabletononcontrollinginterest": 1683000000,
        "profitlossexcludingnoncontrollinginterestsassociatedwithdiscontinuedoperations": 1683000000,
        "netincomelossattributabletononcontrollinginterest": 19000000,
        "netincomeloss": 1664000000,
        "incomelossfromcontinuingoperations": 1664000000,
        "incomelossfromcontinuingoperationsperbasicshare": 1.2699999999999998,
        "earningspersharebasic": 1.2699999999999998,
        "incomelossfromcontinuingoperationsperdilutedshare": 1.2600000000000002,
        "earningspersharediluted": 1.2600000000000002,
        "weightedaveragenumberofsharesoutstandingbasic": -3000000,
        "weightedaveragenumberofdilutedsharesoutstanding": -3000000,
        "othercomprehensiveincomeforeigncurrencytransactionandtranslationgainlossarisingduringperiodnetoftax": -12000000,
        "marketablesecuritiesunrealizedgainloss": -23000000,
        "othercomprehensiveincomeunrealizedgainlossonderivativesarisingduringperiodnetoftax": 76000000,
        "othercomprehensiveincomelosspensionandotherpostretirementbenefitplansplanamendmentstaxeffect": -262000000,
        "comprehensiveincomenetoftaxincludingportionattributabletononcontrollinginterest": 2855000000,
        "comprehensiveincomenetoftaxattributabletononcontrollinginterest": 19000000,
        "comprehensiveincomenetoftax": 2836000000
    },
    {
        "date": "2013-09-29",
        "symbol": "SLB",
        "period": "Q3",
        "revenues": 18400000000,
        "interestincomeandother": 42000000,
        "costofgoodsandservicessold": 8893000000,
        "researchanddevelopmentexpense": 282000000,
        "generalandadministrativeexpense": 110000000,
        "interestexpense": 6000000,
        "incomelossfromcontinuingoperationsbeforeincometaxesminorityinterestandincomelossfromequitymethodinvestments": 2169000000,
        "incometaxexpensebenefit": 500000000,
        "incomelossfromcontinuingoperationsincludingportionattributabletononcontrollinginterest": 1669000000,
        "profitlossexcludingnoncontrollinginterestsassociatedwithdiscontinuedoperations": 1724000000,
        "netincomelossattributabletononcontrollinginterest": 10000000,
        "netincomeloss": 1714000000,
        "incomelossfromcontinuingoperations": 1659000000,
        "incomelossfromcontinuingoperationsperbasicshare": 1.2500000000000002,
        "earningspersharebasic": 1.2899999999999998,
        "incomelossfromcontinuingoperationsperdilutedshare": 1.2399999999999998,
        "earningspersharediluted": 1.2799999999999998,
        "weightedaveragenumberofsharesoutstandingbasic": -1331000000,
        "weightedaveragenumberofdilutedsharesoutstanding": -1340000000,
        "othercomprehensiveincomeforeigncurrencytransactionandtranslationgainlossarisingduringperiodnetoftax": 95000000,
        "marketablesecuritiesunrealizedgainloss": -25000000,
        "othercomprehensiveincomeunrealizedgainlossonderivativesarisingduringperiodnetoftax": 78000000,
        "othercomprehensiveincomelosspensionandotherpostretirementbenefitplansplanamendmentstaxeffect": -11000000,
        "comprehensiveincomenetoftaxincludingportionattributabletononcontrollinginterest": 1919000000,
        "comprehensiveincomenetoftaxattributabletononcontrollinginterest": 10000000,
        "comprehensiveincomenetoftax": 1909000000
    },
    {
        "date": "2013-06-29",
        "symbol": "SLB",
        "period": "Q2",
        "revenues": 4292000000,
        "interestincomeandother": 30000000,
        "businesscombinationbargainpurchasegainrecognizedamount": 1028000000,
        "costofgoodsandservicessold": 8712000000,
        "researchanddevelopmentexpense": 293000000,
        "generalandadministrativeexpense": 100000000,
        "otherassetimpairmentcharges": 364000000,
        "interestexpense": 6000000,
        "incomelossfromcontinuingoperationsbeforeincometaxesminorityinterestandincomelossfromequitymethodinvestments": 2673000000,
        "incometaxexpensebenefit": 449000000,
        "incomelossfromcontinuingoperationsincludingportionattributabletononcontrollinginterest": 2224000000,
        "incomelossfromdiscontinuedoperationsnetoftaxattributabletoreportingentity": -124000000,
        "profitlossexcludingnoncontrollinginterestsassociatedwithdiscontinuedoperations": 2100000000,
        "netincomelossattributabletononcontrollinginterest": 5000000,
        "netincomeloss": 2095000000,
        "incomelossfromcontinuingoperations": 2219000000,
        "incomelossfromcontinuingoperationsperbasicshare": 1.67,
        "incomelossfromdiscontinuedoperationsnetoftaxperbasicshare": -0.09,
        "earningspersharebasic": 1.58,
        "incomelossfromcontinuingoperationsperdilutedshare": 1.66,
        "incomelossfromdiscontinuedoperationsnetoftaxperdilutedshare": -0.09,
        "earningspersharediluted": 1.57,
        "weightedaveragenumberofsharesoutstandingbasic": 1327000000,
        "weightedaveragenumberofdilutedsharesoutstanding": 1336000000,
        "othercomprehensiveincomeforeigncurrencytransactionandtranslationgainlossarisingduringperiodnetoftax": -157000000,
        "marketablesecuritiesunrealizedgainloss": 11000000,
        "othercomprehensiveincomeunrealizedgainlossonderivativesarisingduringperiodnetoftax": 49000000,
        "othercomprehensiveincomelossreclassificationadjustmentfromaocionderivativesnetoftax": 34000000,
        "othercomprehensiveincomelosspensionandotherpostretirementbenefitplansnetunamortizedgainlossarisingduringperiodbeforetax": -6000000,
        "othercomprehensiveincomelossreclassificationadjustmentfromaocipensionandotherpostretirementbenefitplansfornetgainlossbeforetax": -76000000,
        "othercomprehensiveincomelossamortizationadjustmentfromaocipensionandotherpostretirementbenefitplansfornetpriorservicecostcreditbeforetax": 31000000,
        "othercomprehensiveincomelosspensionandotherpostretirementbenefitplansplanamendmentstaxeffect": -15000000,
        "comprehensiveincomenetoftaxincludingportionattributabletononcontrollinginterest": 2055000000,
        "comprehensiveincomenetoftaxattributabletononcontrollinginterest": 5000000,
        "comprehensiveincomenetoftax": 2050000000
    },
    {
        "date": "2013-03-30",
        "symbol": "SLB",
        "period": "Q1",
        "revenues": 10668000000,
        "interestincomeandother": 33000000,
        "costofgoodsandservicessold": 8442000000,
        "researchanddevelopmentexpense": 295000000,
        "generalandadministrativeexpense": 95000000,
        "restructuringcharges": 92000000,
        "interestexpense": 5000000,
        "incomelossfromcontinuingoperationsbeforeincometaxesminorityinterestandincomelossfromequitymethodinvestments": 1679000000,
        "incometaxexpensebenefit": 412000000,
        "incomelossfromcontinuingoperationsincludingportionattributabletononcontrollinginterest": 1267000000,
        "profitlossexcludingnoncontrollinginterestsassociatedwithdiscontinuedoperations": 1267000000,
        "netincomelossattributabletononcontrollinginterest": 8000000,
        "netincomeloss": 1259000000,
        "incomelossfromcontinuingoperations": 1259000000,
        "incomelossfromcontinuingoperationsperbasicshare": 0.95,
        "earningspersharebasic": 0.95,
        "incomelossfromcontinuingoperationsperdilutedshare": 0.94,
        "earningspersharediluted": 0.94,
        "weightedaveragenumberofsharesoutstandingbasic": 1330000000,
        "weightedaveragenumberofdilutedsharesoutstanding": 1340000000,
        "othercomprehensiveincomeforeigncurrencytransactionandtranslationgainlossarisingduringperiodnetoftax": -77000000,
        "marketablesecuritiesunrealizedgainloss": 72000000,
        "othercomprehensiveincomeunrealizedgainlossonderivativesarisingduringperiodnetoftax": -154000000,
        "othercomprehensiveincomelossreclassificationadjustmentonderivativesincludedinnetincomenetoftax": 80000000,
        "othercomprehensiveincomereclassificationofdefinedbenefitplansnetgainlossrecognizedinnetperiodicbenefitcostbeforetax": 74000000,
        "othercomprehensiveincomelossamortizationpensionandotherpostretirementbenefitplansnetpriorservicecostrecognizedinnetperiodicbenefitcostbeforetax": -31000000,
        "othercomprehensiveincomelosspensionandotherpostretirementbenefitplansplanamendmentstaxeffect": -14000000,
        "comprehensiveincomenetoftaxincludingportionattributabletononcontrollinginterest": 1279000000,
        "comprehensiveincomenetoftaxattributabletononcontrollinginterest": 8000000,
        "comprehensiveincomenetoftax": 1271000000
    },
    {
        "date": "2012-12-30",
        "symbol": "SLB",
        "period": "Q4",
        "revenues": 11175000000,
        "interestincomeandother": 36000000,
        "costofgoodsandservicessold": 8788000000,
        "researchanddevelopmentexpense": 313000000,
        "generalandadministrativeexpense": 116000000,
        "mergerandacquisitioncosts": 59000000,
        "interestexpense": -153000000,
        "incomelossfromcontinuingoperationsbeforeincometaxesminorityinterestandincomelossfromequitymethodinvestments": 1774000000,
        "incometaxexpensebenefit": 425000000,
        "profitloss": -4114000000,
        "netincomelossattributabletononcontrollinginterest": 5000000,
        "netincomeloss": 1362000000,
        "earningspersharebasic": 1.0299999999999998,
        "earningspersharediluted": 1.0099999999999993,
        "weightedaveragenumberofsharesoutstandingbasic": -2663000000,
        "weightedaveragenumberofdilutedsharesoutstanding": -2680000000,
        "othercomprehensiveincomeforeigncurrencytransactionandtranslationgainlossarisingduringperiodnetoftax": 31000000,
        "othercomprehensiveincomeunrealizedgainlossonderivativesarisingduringperiodnetoftax": 126000000,
        "othercomprehensiveincomereclassificationofdefinedbenefitplansnetgainlossrecognizedinnetperiodicbenefitcostbeforetax": 50000000,
        "othercomprehensiveincomelosspensionandotherpostretirementbenefitplansplanamendmentstaxeffect": 131000000,
        "comprehensiveincomenetoftaxincludingportionattributabletononcontrollinginterest": 804000000,
        "comprehensiveincomenetoftaxattributabletononcontrollinginterest": 5000000,
        "comprehensiveincomenetoftax": 799000000
    },
    {
        "date": "2012-09-29",
        "symbol": "SLB",
        "period": "Q3",
        "revenues": 10608000000,
        "interestincomeandother": 44000000,
        "costofgoodsandservicessold": 8290000000,
        "researchanddevelopmentexpense": 289000000,
        "generalandadministrativeexpense": 95000000,
        "mergerandacquisitioncosts": 32000000,
        "interestexpense": 3000000,
        "incomelossfromcontinuingoperationsbeforeincometaxesminorityinterestandincomelossfromequitymethodinvestments": 1857000000,
        "incometaxexpensebenefit": 442000000,
        "incomelossfromcontinuingoperationsincludingportionattributabletononcontrollinginterest": 1415000000,
        "incomelossfromdiscontinuedoperationsnetoftaxattributabletoreportingentity": 12000000,
        "profitloss": 1427000000,
        "netincomelossattributabletononcontrollinginterest": 3000000,
        "netincomeloss": 1424000000,
        "incomelossfromcontinuingoperations": 1412000000,
        "incomelossfromcontinuingoperationsperbasicshare": 1.06,
        "incomelossfromdiscontinuedoperationsnetoftaxperbasicshare": 0.01,
        "earningspersharebasic": 1.07,
        "incomelossfromcontinuingoperationsperdilutedshare": 1.06,
        "incomelossfromdiscontinuedoperationsnetoftaxperdilutedshare": 0.01,
        "earningspersharediluted": 1.07,
        "weightedaveragenumberofsharesoutstandingbasic": 1328000000,
        "weightedaveragenumberofdilutedsharesoutstanding": 1336000000,
        "othercomprehensiveincomeforeigncurrencytransactionandtranslationgainlossarisingduringperiodnetoftax": 138000000,
        "othercomprehensiveincomeunrealizedgainlossonderivativesarisingduringperiodnetoftax": 142000000,
        "othercomprehensiveincomelossreclassificationadjustmentonderivativesincludedinnetincomenetoftax": -92000000,
        "othercomprehensiveincomelosspensionandotherpostretirementbenefitplansnetunamortizedgainlossarisingduringperiodbeforetax": -14000000,
        "othercomprehensiveincomereclassificationofdefinedbenefitplansnetgainlossrecognizedinnetperiodicbenefitcostbeforetax": 51000000,
        "othercomprehensiveincomelossamortizationpensionandotherpostretirementbenefitplansnetpriorservicecostrecognizedinnetperiodicbenefitcostbeforetax": -31000000,
        "othercomprehensiveincomelosspensionandotherpostretirementbenefitplansplanamendmentstaxeffect": -8000000,
        "comprehensiveincomenetoftaxincludingportionattributabletononcontrollinginterest": 1675000000,
        "comprehensiveincomenetoftaxattributabletononcontrollinginterest": 3000000,
        "comprehensiveincomenetoftax": 1672000000
    },
    {
        "date": "2012-06-29",
        "symbol": "SLB",
        "period": "Q2",
        "revenues": 10448000000,
        "interestincomeandother": 45000000,
        "costofgoodsandservicessold": 8162000000,
        "researchanddevelopmentexpense": 291000000,
        "generalandadministrativeexpense": 101000000,
        "mergerandacquisitioncosts": 22000000,
        "interestexpense": 78000000,
        "incomelossfromcontinuingoperationsbeforeincometaxesminorityinterestandincomelossfromequitymethodinvestments": 1839000000,
        "incometaxexpensebenefit": 445000000,
        "incomelossfromcontinuingoperationsincludingportionattributabletononcontrollinginterest": 1394000000,
        "incomelossfromdiscontinuedoperationsnetoftaxattributabletoreportingentity": 21000000,
        "profitloss": 1415000000,
        "netincomelossattributabletononcontrollinginterest": 12000000,
        "netincomeloss": 1403000000,
        "incomelossfromcontinuingoperations": 1382000000,
        "incomelossfromcontinuingoperationsperbasicshare": 1.04,
        "incomelossfromdiscontinuedoperationsnetoftaxperbasicshare": 0.02,
        "earningspersharebasic": 1.05,
        "incomelossfromcontinuingoperationsperdilutedshare": 1.03,
        "incomelossfromdiscontinuedoperationsnetoftaxperdilutedshare": 0.02,
        "earningspersharediluted": 1.05,
        "weightedaveragenumberofsharesoutstandingbasic": 1331000000,
        "weightedaveragenumberofdilutedsharesoutstanding": 1339000000,
        "othercomprehensiveincomeforeigncurrencytransactionandtranslationgainlossarisingduringperiodnetoftax": -204000000,
        "othercomprehensiveincomeunrealizedgainlossonderivativesarisingduringperiodnetoftax": -331000000,
        "othercomprehensiveincomereclassificationadjustmentonderivativesincludedinnetincomenetoftax": -260000000,
        "othercomprehensiveincomedefinedbenefitplansnetunamortizedgainlossarisingduringperiodbeforetax": -6000000,
        "othercomprehensiveincomereclassificationofdefinedbenefitplansnetgainlossrecognizedinnetperiodicbenefitcostbeforetax": 43000000,
        "othercomprehensiveincomeamortizationofdefinedbenefitplannetpriorservicecostcreditrecognizedinnetperiodicbenefitcostbeforetax": 31000000,
        "othercomprehensiveincomelosspensionandotherpostretirementbenefitplansplanamendmentstaxeffect": -13000000,
        "comprehensiveincomenetoftaxincludingportionattributabletononcontrollinginterest": 1207000000,
        "comprehensiveincomenetoftaxattributabletononcontrollinginterest": 12000000,
        "comprehensiveincomenetoftax": 1195000000
    },
    {
        "date": "2012-03-30",
        "symbol": "SLB",
        "period": "Q1",
        "revenues": 9918000000,
        "interestincomeandother": 47000000,
        "costofgoodsandservicessold": 7816000000,
        "researchanddevelopmentexpense": 275000000,
        "generalandadministrativeexpense": 93000000,
        "mergerandacquisitioncosts": 15000000,
        "interestexpense": 80000000,
        "incomelossfromcontinuingoperationsbeforeincometaxesminorityinterestandincomelossfromequitymethodinvestments": 1721000000,
        "incometaxexpensebenefit": 411000000,
        "profitloss": 1301000000,
        "netincomelossattributabletononcontrollinginterest": 9000000,
        "netincomeloss": 1301000000,
        "earningspersharebasic": 0.98,
        "earningspersharediluted": 0.97,
        "weightedaveragenumberofsharesoutstandingbasic": 1334000000,
        "weightedaveragenumberofdilutedsharesoutstanding": 1344000000,
        "othercomprehensiveincomeforeigncurrencytransactionandtranslationgainlossarisingduringperiodnetoftax": 111000000,
        "othercomprehensiveincomeunrealizedgainlossonderivativesarisingduringperiodnetoftax": 155000000,
        "othercomprehensiveincomereclassificationadjustmentonderivativesincludedinnetincomenetoftax": 110000000,
        "othercomprehensiveincomedefinedbenefitplansnetunamortizedgainlossarisingduringperiodbeforetax": 28000000,
        "othercomprehensiveincomereclassificationofdefinedbenefitplansnetgainlossrecognizedinnetperiodicbenefitcostbeforetax": 43000000,
        "othercomprehensiveincomeamortizationofdefinedbenefitplannetpriorservicecostcreditrecognizedinnetperiodicbenefitcostbeforetax": 31000000,
        "othercomprehensiveincomelosspensionandotherpostretirementbenefitplansplanamendmentstaxeffect": -10000000,
        "comprehensiveincomenetoftaxincludingportionattributabletononcontrollinginterest": 1502000000,
        "comprehensiveincomenetoftaxattributabletononcontrollinginterest": 9000000,
        "comprehensiveincomenetoftax": 1493000000
    },
    {
        "date": "2011-09-29",
        "symbol": "SLB",
        "period": "Q3",
        "revenues": 17905000000,
        "interestincomeandother": 34000000,
        "costofgoodsandservicessold": 7423000000,
        "researchanddevelopmentexpense": 277000000,
        "generalandadministrativeexpense": 94000000,
        "mergerandacquisitioncosts": 27000000,
        "interestexpense": 70000000,
        "incomelossfromcontinuingoperationsbeforeincometaxesminorityinterestandincomelossfromequitymethodinvestments": 1717000000,
        "incometaxexpensebenefit": 410000000,
        "profitloss": 2241000000,
        "netincomelossattributabletononcontrollinginterest": 6000000,
        "netincomeloss": 1301000000,
        "earningspersharebasic": 0.97,
        "earningspersharediluted": 0.9500000000000002,
        "weightedaveragenumberofsharesoutstandingbasic": -1360000000,
        "weightedaveragenumberofdilutedsharesoutstanding": -1376000000
    },
    {
        "date": "2011-06-29",
        "symbol": "SLB",
        "period": "Q2",
        "revenues": 631000000,
        "interestincomeandother": 29000000,
        "costofgoodsandservicessold": 7032000000,
        "researchanddevelopmentexpense": 274000000,
        "generalandadministrativeexpense": 139000000,
        "mergerandacquisitioncosts": 32000000,
        "interestexpense": 69000000,
        "incomelossfromcontinuingoperationsbeforeincometaxesminorityinterestandincomelossfromequitymethodinvestments": 1498000000,
        "incometaxexpensebenefit": 374000000,
        "incomelossfromcontinuingoperationsincludingportionattributabletononcontrollinginterest": 1124000000,
        "incomelossfromdiscontinuedoperationsnetoftaxattributabletoreportingentity": 220000000,
        "profitloss": 1344000000,
        "netincomelossattributabletononcontrollinginterest": 5000000,
        "netincomeloss": 1339000000,
        "incomelossfromcontinuingoperations": 1119000000,
        "incomelossfromcontinuingoperationsperbasicshare": 0.83,
        "incomelossfromdiscontinuedoperationsnetoftaxperbasicshare": 0.16,
        "earningspersharebasic": 0.99,
        "incomelossfromcontinuingoperationsperdilutedshare": 0.82,
        "incomelossfromdiscontinuedoperationsnetoftaxperdilutedshare": 0.16,
        "earningspersharediluted": 0.98,
        "weightedaveragenumberofsharesoutstandingbasic": 1352000000,
        "weightedaveragenumberofdilutedsharesoutstanding": 1366000000
    },
    {
        "date": "2011-03-30",
        "symbol": "SLB",
        "period": "Q1",
        "revenues": 8122000000,
        "interestincomeandother": 31000000,
        "costofgoodsandservicessold": 6490000000,
        "researchanddevelopmentexpense": 249000000,
        "generalandadministrativeexpense": 93000000,
        "mergerandacquisitioncosts": 34000000,
        "interestexpense": 73000000,
        "incomelossfromcontinuingoperationsbeforeincometaxesminorityinterestandincomelossfromequitymethodinvestments": 1238000000,
        "incometaxexpensebenefit": 295000000,
        "profitloss": -1000000,
        "netincomelossattributabletononcontrollinginterest": -1000000,
        "netincomeloss": 944000000,
        "earningspersharebasic": 0.69,
        "earningspersharediluted": 0.69,
        "weightedaveragenumberofsharesoutstandingbasic": 1360000000,
        "weightedaveragenumberofdilutedsharesoutstanding": 1375000000
    },
    {
        "date": "2010-09-29",
        "symbol": "SLB",
        "period": "Q3",
        "revenues": 6845000000,
        "interestincomeandother": 54000000,
        "gainlossoninvestments": 1270000000,
        "costofgoodsandservicessold": 5379000000,
        "researchanddevelopmentexpense": 240000000,
        "generalandadministrativeexpense": 167000000,
        "mergerandacquisitioncosts": 97000000,
        "restructuringcharges": 299000000,
        "interestexpense": 47000000,
        "incomelossfromcontinuingoperationsbeforeincometaxesminorityinterestandincomelossfromequitymethodinvestments": 1940000000,
        "incometaxexpensebenefit": 209000000,
        "profitloss": 1731000000,
        "netincomelossattributabletononcontrollinginterest": -3000000,
        "netincomeloss": 1734000000,
        "earningspersharebasic": 1.39,
        "earningspersharediluted": 1.38,
        "weightedaveragenumberofsharesoutstandingbasic": 1249000000,
        "weightedaveragenumberofdilutedsharesoutstanding": 1258000000
    },
    {
        "date": "2010-06-29",
        "symbol": "SLB",
        "period": "Q2",
        "revenues": 5937000000,
        "interestincomeandother": 51000000,
        "costofgoodsandservicessold": 4576000000,
        "researchanddevelopmentexpense": 216000000,
        "generalandadministrativeexpense": 145000000,
        "mergerandacquisitioncosts": 4000000,
        "interestexpense": 53000000,
        "incomelossfromcontinuingoperationsbeforeincometaxesminorityinterestandincomelossfromequitymethodinvestments": 994000000,
        "incometaxexpensebenefit": 177000000,
        "profitloss": 817000000,
        "netincomelossattributabletononcontrollinginterest": -1000000,
        "netincomeloss": 818000000,
        "earningspersharebasic": 0.69,
        "earningspersharediluted": 0.68,
        "weightedaveragenumberofsharesoutstandingbasic": 1192000000,
        "weightedaveragenumberofdilutedsharesoutstanding": 1208000000
    },
    {
        "date": "2010-03-30",
        "symbol": "SLB",
        "period": "Q1",
        "revenues": 5598000000,
        "interestincomeandother": 64000000,
        "costofgoodsandservicessold": 4343000000,
        "researchanddevelopmentexpense": 207000000,
        "generalandadministrativeexpense": 144000000,
        "mergerandacquisitioncosts": 35000000,
        "interestexpense": 45000000,
        "incomelossfromcontinuingoperationsbeforeincometaxesminorityinterestandincomelossfromequitymethodinvestments": 888000000,
        "incometaxexpensebenefit": 214000000,
        "profitloss": 672000000,
        "netincomelossattributabletononcontrollinginterest": 2000000,
        "netincomeloss": 672000000,
        "earningspersharebasic": 0.56,
        "earningspersharediluted": 0.56,
        "weightedaveragenumberofsharesoutstandingbasic": 1195000000,
        "weightedaveragenumberofdilutedsharesoutstanding": 1215000000
    }
]