[
    {
        "date": "2024-09-29",
        "symbol": "ABNB",
        "period": "Q3",
        "revenuefromcontractwithcustomerexcludingassessedtax": 3732000000,
        "costofrevenue": 465000000,
        "operationsandsupportexpense": 369000000,
        "researchanddevelopmentexpense": 524000000,
        "sellingandmarketingexpense": 514000000,
        "generalandadministrativeexpense": 335000000,
        "costsandexpenses": 2207000000,
        "operatingincomeloss": 1525000000,
        "investmentincomenonoperating": 207000000,
        "othernonoperatingincomeexpense": 3000000,
        "incomelossfromcontinuingoperationsbeforeincometaxesextraordinaryitemsnoncontrollinginterest": 1735000000,
        "incometaxexpensebenefit": 367000000,
        "netincomeloss": 1368000000,
        "incomelossfromcontinuingoperationsperbasicshare": 2.17,
        "incomelossfromcontinuingoperationsperdilutedshare": 2.13,
        "weightedaveragenumberofsharesoutstandingbasic": 631000000,
        "weightedaveragenumberofdilutedsharesoutstanding": 642000000,
        "othercomprehensiveincomelossavailableforsalesecuritiesadjustmentnetoftax": 13000000,
        "othercomprehensiveincomelosscashflowhedgegainlossafterreclassificationandtaxparent": -68000000,
        "othercomprehensiveincomeforeigncurrencytransactionandtranslationadjustmentnetoftaxportionattributabletoparent": 13000000,
        "othercomprehensiveincomelossnetoftaxportionattributabletoparent": -42000000,
        "comprehensiveincomenetoftax": 1326000000
    },
    {
        "date": "2024-03-30",
        "symbol": "ABNB",
        "period": "Q1",
        "revenuefromcontractwithcustomerexcludingassessedtax": 2142000000,
        "costofrevenue": 480000000,
        "operationsandsupportexpense": 285000000,
        "researchanddevelopmentexpense": 475000000,
        "sellingandmarketingexpense": 514000000,
        "generalandadministrativeexpense": 287000000,
        "costsandexpenses": 2041000000,
        "operatingincomeloss": 101000000,
        "investmentincomenonoperating": 202000000,
        "othernonoperatingincomeexpense": -10000000,
        "incomelossfromcontinuingoperationsbeforeincometaxesextraordinaryitemsnoncontrollinginterest": 293000000,
        "incometaxexpensebenefit": 29000000,
        "netincomeloss": 264000000,
        "incomelossfromcontinuingoperationsperbasicshare": 0.41,
        "incomelossfromcontinuingoperationsperdilutedshare": 0.41,
        "weightedaveragenumberofsharesoutstandingbasic": 638000000,
        "weightedaveragenumberofdilutedsharesoutstanding": 654000000,
        "othercomprehensiveincomelossavailableforsalesecuritiesadjustmentnetoftax": -3000000,
        "othercomprehensiveincomelosscashflowhedgegainlossafterreclassificationandtaxparent": 48000000,
        "othercomprehensiveincomeforeigncurrencytransactionandtranslationadjustmentnetoftaxportionattributabletoparent": -5000000,
        "othercomprehensiveincomelossnetoftaxportionattributabletoparent": 40000000,
        "comprehensiveincomenetoftax": 304000000
    },
    {
        "date": "2023-12-30",
        "symbol": "ABNB",
        "period": "Q4",
        "revenuefromcontractwithcustomerexcludingassessedtax": 3836000000,
        "costofrevenue": 384000000,
        "operationsandsupportexpense": 271000000,
        "researchanddevelopmentexpense": 432000000,
        "sellingandmarketingexpense": 424000000,
        "generalandadministrativeexpense": 1203000000,
        "costsandexpenses": 2714000000,
        "operatingincomeloss": -496000000,
        "investmentincomenonoperating": 192000000,
        "interestincomeexpensenonoperatingnet": -71000000,
        "othernonoperatingincomeexpense": -8000000,
        "incomelossfromcontinuingoperationsbeforeincometaxesextraordinaryitemsnoncontrollinginterest": -383000000,
        "incometaxexpensebenefit": -34000000,
        "netincomeloss": -349000000,
        "incomelossfromcontinuingoperationsperbasicshare": -0.5100000000000005,
        "incomelossfromcontinuingoperationsperdilutedshare": -0.5499999999999996,
        "weightedaveragenumberofsharesoutstandingbasic": 637000000,
        "weightedaveragenumberofdilutedsharesoutstanding": 662000000,
        "othercomprehensiveincomelossavailableforsalesecuritiesadjustmentnetoftax": 10000000,
        "othercomprehensiveincomelosscashflowhedgegainlossafterreclassificationandtaxparent": -66000000,
        "othercomprehensiveincomeforeigncurrencytransactionandtranslationadjustmentnetoftaxportionattributabletoparent": 12000000,
        "othercomprehensiveincomelossnetoftaxportionattributabletoparent": -44000000,
        "comprehensiveincomenetoftax": -393000000
    },
    {
        "date": "2023-09-29",
        "symbol": "ABNB",
        "period": "Q3",
        "revenuefromcontractwithcustomerexcludingassessedtax": 3397000000,
        "costofrevenue": 459000000,
        "operationsandsupportexpense": 316000000,
        "researchanddevelopmentexpense": 419000000,
        "sellingandmarketingexpense": 403000000,
        "generalandadministrativeexpense": 304000000,
        "costsandexpenses": 1901000000,
        "operatingincomeloss": 1496000000,
        "investmentincomenonoperating": 192000000,
        "interestincomeexpensenonoperatingnet": -6000000,
        "othernonoperatingincomeexpense": -3000000,
        "incomelossfromcontinuingoperationsbeforeincometaxesextraordinaryitemsnoncontrollinginterest": 1679000000,
        "incometaxexpensebenefit": -2695000000,
        "netincomeloss": 4374000000,
        "incomelossfromcontinuingoperationsperbasicshare": 6.83,
        "incomelossfromcontinuingoperationsperdilutedshare": 6.63,
        "weightedaveragenumberofsharesoutstandingbasic": 640000000,
        "weightedaveragenumberofdilutedsharesoutstanding": 660000000,
        "othercomprehensiveincomelossavailableforsalesecuritiesadjustmentnetoftax": -1000000,
        "othercomprehensiveincomelosscashflowhedgegainlossafterreclassificationandtaxparent": 37000000,
        "othercomprehensiveincomeforeigncurrencytransactionandtranslationadjustmentnetoftaxportionattributabletoparent": -8000000,
        "othercomprehensiveincomelossnetoftaxportionattributabletoparent": 28000000,
        "comprehensiveincomenetoftax": 4402000000
    },
    {
        "date": "2023-06-29",
        "symbol": "ABNB",
        "period": "Q2",
        "revenuefromcontractwithcustomerexcludingassessedtax": 2484000000,
        "costofrevenue": 432000000,
        "operationsandsupportexpense": 317000000,
        "researchanddevelopmentexpense": 451000000,
        "sellingandmarketingexpense": 486000000,
        "generalandadministrativeexpense": 275000000,
        "costsandexpenses": 1961000000,
        "operatingincomeloss": 523000000,
        "investmentincomenonoperating": 191000000,
        "interestincomeexpensenonoperatingnet": -2000000,
        "othernonoperatingincomeexpense": -36000000,
        "incomelossfromcontinuingoperationsbeforeincometaxesextraordinaryitemsnoncontrollinginterest": 676000000,
        "incometaxexpensebenefit": 26000000,
        "netincomelossavailabletocommonstockholdersbasic": 650000000,
        "incomelossfromcontinuingoperationsperbasicshare": 1.02,
        "incomelossfromcontinuingoperationsperdilutedshare": 0.98,
        "weightedaveragenumberofsharesoutstandingbasic": 635000000,
        "weightedaveragenumberofdilutedsharesoutstanding": 665000000,
        "netincomeloss": 650000000,
        "othercomprehensiveincomelossavailableforsalesecuritiesadjustmentnetoftax": -6000000,
        "othercomprehensiveincomelosscashflowhedgegainlossafterreclassificationandtaxparent": 2000000,
        "othercomprehensiveincomeforeigncurrencytransactionandtranslationadjustmentnetoftaxportionattributabletoparent": 1000000,
        "othercomprehensiveincomelossnetoftaxportionattributabletoparent": -3000000,
        "comprehensiveincomenetoftax": 647000000
    },
    {
        "date": "2023-03-30",
        "symbol": "ABNB",
        "period": "Q1",
        "revenuefromcontractwithcustomerexcludingassessedtax": 200000000,
        "costofrevenue": 428000000,
        "operationsandsupportexpense": 282000000,
        "researchanddevelopmentexpense": 420000000,
        "sellingandmarketingexpense": 450000000,
        "generalandadministrativeexpense": 243000000,
        "costsandexpenses": 1823000000,
        "operatingincomeloss": -5000000,
        "investmentincomenonoperating": 146000000,
        "interestincomeexpensenonoperatingnet": -4000000,
        "othernonoperatingincomeexpense": -7000000,
        "incomelossfromcontinuingoperationsbeforeincometaxesextraordinaryitemsnoncontrollinginterest": 130000000,
        "incometaxexpensebenefit": 13000000,
        "netincomelossavailabletocommonstockholdersbasic": 117000000,
        "incomelossfromcontinuingoperationsperbasicshare": 0.18,
        "incomelossfromcontinuingoperationsperdilutedshare": 0.18,
        "weightedaveragenumberofsharesoutstandingbasic": 634000000,
        "weightedaveragenumberofdilutedsharesoutstanding": 670000000,
        "netincomeloss": 117000000,
        "othercomprehensiveincomelossavailableforsalesecuritiesadjustmentnetoftax": 3000000,
        "othercomprehensiveincomelosscashflowhedgegainlossafterreclassificationandtaxparent": -4000000,
        "othercomprehensiveincomeforeigncurrencytransactionandtranslationadjustmentnetoftaxportionattributabletoparent": 3000000,
        "othercomprehensiveincomelossnetoftaxportionattributabletoparent": 2000000,
        "comprehensiveincomenetoftax": 119000000
    },
    {
        "date": "2022-12-30",
        "symbol": "ABNB",
        "period": "Q4",
        "revenuefromcontractwithcustomerexcludingassessedtax": 1306382000,
        "costofrevenue": 345121000,
        "operationsandsupportexpense": 259787000,
        "researchanddevelopmentexpense": 397841000,
        "sellingandmarketingexpense": 408344000,
        "generalandadministrativeexpense": 255738000,
        "restructuringcharges": -264669000,
        "costsandexpenses": 1666719000,
        "operatingincomeloss": 234827000,
        "investmentincomenonoperating": 102552000,
        "interestincomeexpensenonoperatingnet": -5071000,
        "othernonoperatingincomeexpense": 11768000,
        "incomelossfromcontinuingoperationsbeforeincometaxesextraordinaryitemsnoncontrollinginterest": 344076000,
        "incometaxexpensebenefit": -60287000,
        "netincomeloss": 318663000,
        "incomelossfromcontinuingoperationsperbasicshare": 0.5100000000000003,
        "incomelossfromcontinuingoperationsperdilutedshare": 0.47,
        "weightedaveragenumberofsharesoutstandingbasic": -1275417000,
        "weightedaveragenumberofdilutedsharesoutstanding": -1318909000,
        "othercomprehensiveincomelossavailableforsalesecuritiesadjustmentnetoftax": -3616000,
        "othercomprehensiveincomeforeigncurrencytransactionandtranslationadjustmentnetoftaxportionattributabletoparent": 13594000,
        "othercomprehensiveincomelossnetoftaxportionattributabletoparent": 9978000,
        "comprehensiveincomenetoftax": 328641000
    },
    {
        "date": "2022-09-29",
        "symbol": "ABNB",
        "period": "Q3",
        "revenuefromcontractwithcustomerexcludingassessedtax": 1385370000,
        "costofrevenue": 401149000,
        "operationsandsupportexpense": 289946000,
        "researchanddevelopmentexpense": 366182000,
        "sellingandmarketingexpense": 383165000,
        "generalandadministrativeexpense": 240435000,
        "restructuringcharges": 52000,
        "costsandexpenses": 1680929000,
        "operatingincomeloss": 1203481000,
        "investmentincomenonoperating": 58457000,
        "interestincomeexpensenonoperatingnet": -5682000,
        "othernonoperatingincomeexpense": 13643000,
        "incomelossfromcontinuingoperationsbeforeincometaxesextraordinaryitemsnoncontrollinginterest": 1269899000,
        "incometaxexpensebenefit": 55611000,
        "netincomeloss": 1214288000,
        "incomelossfromcontinuingoperationsperbasicshare": 1.9,
        "incomelossfromcontinuingoperationsperdilutedshare": 1.79,
        "weightedaveragenumberofsharesoutstandingbasic": 638696000,
        "weightedaveragenumberofdilutedsharesoutstanding": 680059000,
        "othercomprehensiveincomelossavailableforsalesecuritiesadjustmentnetoftax": -4722000,
        "othercomprehensiveincomeforeigncurrencytransactionandtranslationadjustmentnetoftaxportionattributabletoparent": -13119000,
        "othercomprehensiveincomelossnetoftaxportionattributabletoparent": -17841000,
        "comprehensiveincomenetoftax": 1196447000
    },
    {
        "date": "2022-06-29",
        "symbol": "ABNB",
        "period": "Q2",
        "revenuefromcontractwithcustomerexcludingassessedtax": 1080450000,
        "costofrevenue": 390107000,
        "operationsandsupportexpense": 258255000,
        "researchanddevelopmentexpense": 375050000,
        "sellingandmarketingexpense": 379875000,
        "generalandadministrativeexpense": 243254000,
        "restructuringcharges": 353200000,
        "costsandexpenses": 1735284000,
        "operatingincomeloss": 368823000,
        "investmentincomenonoperating": 20247000,
        "interestincomeexpensenonoperatingnet": -7483000,
        "othernonoperatingincomeexpense": 1524000,
        "incomelossfromcontinuingoperationsbeforeincometaxesextraordinaryitemsnoncontrollinginterest": 383111000,
        "incometaxexpensebenefit": 4270000,
        "netincomeloss": 378841000,
        "incomelossfromcontinuingoperationsperbasicshare": 0.59,
        "incomelossfromcontinuingoperationsperdilutedshare": 0.56,
        "weightedaveragenumberofsharesoutstandingbasic": 638407000,
        "weightedaveragenumberofdilutedsharesoutstanding": 683536000,
        "othercomprehensiveincomelossavailableforsalesecuritiesadjustmentnetoftax": -2108000,
        "othercomprehensiveincomeforeigncurrencytransactionandtranslationadjustmentnetoftaxportionattributabletoparent": -9507000,
        "othercomprehensiveincomelossnetoftaxportionattributabletoparent": -11615000,
        "comprehensiveincomenetoftax": 367226000
    },
    {
        "date": "2022-03-30",
        "symbol": "ABNB",
        "period": "Q1",
        "revenuefromcontractwithcustomerexcludingassessedtax": 736798000,
        "costofrevenue": 362623000,
        "operationsandsupportexpense": 233012000,
        "researchanddevelopmentexpense": 362927000,
        "sellingandmarketingexpense": 344616000,
        "generalandadministrativeexpense": 210573000,
        "restructuringcharges": 317000,
        "costsandexpenses": 1514068000,
        "operatingincomeloss": -5131000,
        "investmentincomenonoperating": 4744000,
        "interestincomeexpensenonoperatingnet": -5764000,
        "othernonoperatingincomeexpense": -1935000,
        "incomelossfromcontinuingoperationsbeforeincometaxesextraordinaryitemsnoncontrollinginterest": -8086000,
        "incometaxexpensebenefit": 10706000,
        "netincomeloss": -18792000,
        "incomelossfromcontinuingoperationsperbasicshare": -0.03,
        "incomelossfromcontinuingoperationsperdilutedshare": -0.03,
        "weightedaveragenumberofsharesoutstandingbasic": 635314000,
        "weightedaveragenumberofdilutedsharesoutstanding": 635314000,
        "othercomprehensiveincomelossavailableforsalesecuritiesadjustmentnetoftax": -4554000,
        "othercomprehensiveincomeforeigncurrencytransactionandtranslationadjustmentnetoftaxportionattributabletoparent": -968000,
        "othercomprehensiveincomelossnetoftaxportionattributabletoparent": -5522000,
        "comprehensiveincomenetoftax": -24314000
    },
    {
        "date": "2021-09-29",
        "symbol": "ABNB",
        "period": "Q3",
        "revenuefromcontractwithcustomerexcludingassessedtax": 2237432000,
        "costofrevenue": 311580000,
        "operationsandsupportexpense": 228330000,
        "researchanddevelopmentexpense": 344410000,
        "sellingandmarketingexpense": 290856000,
        "generalandadministrativeexpense": 210748000,
        "restructuringcharges": -465000,
        "costsandexpenses": 1385459000,
        "operatingincomeloss": 851973000,
        "investmentincomenonoperating": 2962000,
        "interestincomeexpensenonoperatingnet": -6649000,
        "othernonoperatingincomeexpense": 2172000,
        "incomelossfromcontinuingoperationsbeforeincometaxesextraordinaryitemsnoncontrollinginterest": 850458000,
        "incometaxexpensebenefit": 16565000,
        "netincomeloss": 833893000,
        "incomelossfromcontinuingoperationsperbasicshare": 1.34,
        "incomelossfromcontinuingoperationsperdilutedshare": 1.22,
        "weightedaveragenumberofsharesoutstandingbasic": 621012000,
        "weightedaveragenumberofdilutedsharesoutstanding": 681916000,
        "othercomprehensiveincomelossavailableforsalesecuritiesadjustmentnetoftax": -468000,
        "othercomprehensiveincomeforeigncurrencytransactionandtranslationadjustmentnetoftaxportionattributabletoparent": -2691000,
        "othercomprehensiveincomelossnetoftaxportionattributabletoparent": -3159000,
        "comprehensiveincomenetoftax": 830734000
    },
    {
        "date": "2021-06-29",
        "symbol": "ABNB",
        "period": "Q2",
        "revenuefromcontractwithcustomerexcludingassessedtax": 1335196000,
        "costofrevenue": 294427000,
        "operationsandsupportexpense": 208125000,
        "researchanddevelopmentexpense": 349734000,
        "sellingandmarketingexpense": 315323000,
        "generalandadministrativeexpense": 218303000,
        "restructuringcharges": 562000,
        "costsandexpenses": 1386474000,
        "operatingincomeloss": -51278000,
        "investmentincomenonoperating": 2942000,
        "interestincomeexpensenonoperatingnet": -6520000,
        "othernonoperatingincomeexpense": -2128000,
        "incomelossfromcontinuingoperationsbeforeincometaxesextraordinaryitemsnoncontrollinginterest": -56984000,
        "incometaxexpensebenefit": 11233000,
        "netincomeloss": -68217000,
        "incomelossfromcontinuingoperationsperbasicshare": -0.11,
        "incomelossfromcontinuingoperationsperdilutedshare": -0.11,
        "weightedaveragenumberofsharesoutstandingbasic": 611739000,
        "weightedaveragenumberofdilutedsharesoutstanding": 611739000,
        "othercomprehensiveincomelossavailableforsalesecuritiesadjustmentnetoftax": -165000,
        "othercomprehensiveincomeforeigncurrencytransactionandtranslationadjustmentnetoftaxportionattributabletoparent": 2372000,
        "othercomprehensiveincomelossnetoftaxportionattributabletoparent": 2207000,
        "comprehensiveincomenetoftax": -66010000
    },
    {
        "date": "2021-03-30",
        "symbol": "ABNB",
        "period": "Q1",
        "revenuefromcontractwithcustomerexcludingassessedtax": 886936000,
        "costofrevenue": 254515000,
        "operationsandsupportexpense": 185436000,
        "researchanddevelopmentexpense": 363061000,
        "sellingandmarketingexpense": 229125000,
        "generalandadministrativeexpense": 189762000,
        "restructuringcharges": 111982000,
        "costsandexpenses": 1333881000,
        "operatingincomeloss": -446945000,
        "investmentincomenonoperating": 3052000,
        "interestincomeexpensenonoperatingnet": -421911000,
        "othernonoperatingincomeexpense": -300098000,
        "incomelossfromcontinuingoperationsbeforeincometaxesextraordinaryitemsnoncontrollinginterest": -1165902000,
        "incometaxexpensebenefit": 6309000,
        "netincomeloss": -1172211000,
        "incomelossfromcontinuingoperationsperbasicshare": -1.95,
        "incomelossfromcontinuingoperationsperdilutedshare": -1.95,
        "weightedaveragenumberofsharesoutstandingbasic": 600960000,
        "weightedaveragenumberofdilutedsharesoutstanding": 600960000,
        "othercomprehensiveincomelossavailableforsalesecuritiesadjustmentnetoftax": -956000,
        "othercomprehensiveincomeforeigncurrencytransactionandtranslationadjustmentnetoftaxportionattributabletoparent": -3883000,
        "othercomprehensiveincomelossnetoftaxportionattributabletoparent": -4839000,
        "comprehensiveincomenetoftax": -1177050000
    }
]