[
    {
        "date": "2024-09-29",
        "symbol": "OKE",
        "period": "Q3",
        "revenuefromcontractwithcustomerexcludingassessedtax": 5023000000,
        "costofrevenue": 3027000000,
        "othercostandexpenseoperating": 512000000,
        "depreciationdepletionandamortization": 274000000,
        "taxesother": 70000000,
        "businesscombinationacquisitionrelatedcosts": 10000000,
        "otheroperatingincomeexpensenet": -2000000,
        "operatingincomeloss": 1128000000,
        "incomelossfromequitymethodinvestments": 92000000,
        "othernonoperatingincomeexpense": 17000000,
        "interestexpensenonoperating": 325000000,
        "incomelossfromcontinuingoperationsbeforeincometaxesextraordinaryitemsnoncontrollinginterest": 912000000,
        "incometaxexpensebenefit": 219000000,
        "profitloss": 693000000,
        "preferredstockdividendsincomestatementimpact": 1000000,
        "netincomelossavailabletocommonstockholdersbasic": 692000000,
        "earningspersharebasic": 1.18,
        "earningspersharediluted": 1.18,
        "weightedaveragenumberofsharesoutstandingbasic": 584800000,
        "weightedaveragenumberofdilutedsharesoutstanding": 586700000,
        "interestcostscapitalized": 19000000,
        "othercomprehensiveincomelosscashflowhedgegainlossbeforereclassificationaftertax": 35000000,
        "othercomprehensiveincomelosscashflowhedgegainlossreclassificationaftertax": -4000000,
        "othercomprehensiveincomelosspensionandotherpostretirementbenefitplansadjustmentnetoftax": -1000000,
        "othercomprehensiveincomelossnetoftax": 40000000,
        "comprehensiveincomenetoftax": 733000000,
        "othercomprehensiveincomelosscashflowhedgegainlossbeforereclassificationtax": -10000000,
        "othercomprehensiveincomelosscashflowhedgegainlossreclassificationtax": -2000000
    },
    {
        "date": "2024-03-30",
        "symbol": "OKE",
        "period": "Q1",
        "revenuefromcontractwithcustomerexcludingassessedtax": 3928000000,
        "costofrevenue": 2897000000,
        "othercostandexpenseoperating": 486000000,
        "depreciationdepletionandamortization": 254000000,
        "taxesother": 86000000,
        "otheroperatingincomeexpensenet": 6000000,
        "operatingincomeloss": 1064000000,
        "incomelossfromequitymethodinvestments": 76000000,
        "othernonoperatingincomeexpense": 7000000,
        "interestexpense": 300000000,
        "incomelossfromcontinuingoperationsbeforeincometaxesextraordinaryitemsnoncontrollinginterest": 847000000,
        "incometaxexpensebenefit": 208000000,
        "profitloss": 639000000,
        "netincomelossavailabletocommonstockholdersbasic": 639000000,
        "earningspersharebasic": 1.09,
        "earningspersharediluted": 1.09,
        "weightedaveragenumberofsharesoutstandingbasic": 584200000,
        "weightedaveragenumberofdilutedsharesoutstanding": 585700000,
        "interestcostscapitalized": 12000000,
        "othercomprehensiveincomelosscashflowhedgegainlossbeforereclassificationaftertax": -75000000,
        "othercomprehensiveincomelosscashflowhedgegainlossreclassificationaftertax": 21000000,
        "othercomprehensiveincomelosspensionandotherpostretirementbenefitplansadjustmentnetoftax": -1000000,
        "othercomprehensiveincomelossnetoftax": -95000000,
        "comprehensiveincomenetoftax": 544000000,
        "othercomprehensiveincomelosscashflowhedgegainlossbeforereclassificationtax": 22000000,
        "othercomprehensiveincomelosscashflowhedgegainlossreclassificationtax": 6000000
    },
    {
        "date": "2023-12-30",
        "symbol": "OKE",
        "period": "Q4",
        "costofrevenue": 3301000000,
        "othercostandexpenseoperating": 486000000,
        "depreciationdepletionandamortization": 260000000,
        "taxesother": 68000000,
        "otheroperatingincomeexpensenet": 4000000,
        "operatingincomeloss": 1099000000,
        "incomelossfromequitymethodinvestments": 70000000,
        "othernonoperatingincomeexpense": 46000000,
        "interestexpense": 305000000,
        "incomelossfromcontinuingoperationsbeforeincometaxesextraordinaryitemsnoncontrollinginterest": 910000000,
        "incometaxexpensebenefit": 222000000,
        "profitloss": 688000000,
        "netincomelossavailabletocommonstockholdersbasic": 688000000,
        "earningspersharebasic": 1.12,
        "earningspersharediluted": 1.12,
        "weightedaveragenumberofsharesoutstandingbasic": 484300000,
        "interestcostscapitalized": 11000000,
        "othercomprehensiveincomelosscashflowhedgegainlossbeforereclassificationaftertax": 69000000,
        "othercomprehensiveincomelosscashflowhedgegainlossreclassificationaftertax": 22000000,
        "othercomprehensiveincomelossnetoftax": 35000000,
        "comprehensiveincomenetoftax": 723000000,
        "othercomprehensiveincomelosscashflowhedgegainlossbeforereclassificationtax": -21000000,
        "othercomprehensiveincomelosscashflowhedgegainlossreclassificationtax": 7000000
    },
    {
        "date": "2023-09-29",
        "symbol": "OKE",
        "period": "Q3",
        "costofrevenue": 9796000000,
        "othercostandexpenseoperating": 298000000,
        "depreciationdepletionandamortization": 507000000,
        "taxesother": 44000000,
        "otheroperatingincomeexpensenet": 5000000,
        "operatingincomeloss": 739000000,
        "incomelossfromequitymethodinvestments": 49000000,
        "othernonoperatingincomeexpense": 22000000,
        "interestexpense": 215000000,
        "incomelossfromcontinuingoperationsbeforeincometaxesextraordinaryitemsnoncontrollinginterest": 595000000,
        "incometaxexpensebenefit": 141000000,
        "profitloss": 454000000,
        "netincomelossavailabletocommonstockholdersbasic": 453000000,
        "earningspersharebasic": 0.9900000000000002,
        "earningspersharediluted": 0.9800000000000004,
        "weightedaveragenumberofsharesoutstandingbasic": 3000000,
        "interestcostscapitalized": 8000000,
        "othercomprehensiveincomelosscashflowhedgegainlossbeforereclassificationaftertax": 12000000,
        "othercomprehensiveincomelosscashflowhedgegainlossreclassificationaftertax": 7000000,
        "othercomprehensiveincomelossportionattributabletoequitymethodinvestmentsnetoftax": 0,
        "othercomprehensiveincomelossnetoftax": 7000000,
        "comprehensiveincomenetoftax": 461000000,
        "othercomprehensiveincomelosscashflowhedgegainlossbeforereclassificationtax": -47000000,
        "othercomprehensiveincomelosscashflowhedgegainlossreclassificationtax": 4000000
    },
    {
        "date": "2023-06-29",
        "symbol": "OKE",
        "period": "Q2",
        "revenues": 102000000,
        "costofrevenue": -531000000,
        "othercostandexpenseoperating": 296000000,
        "depreciationdepletionandamortization": -160000000,
        "taxesother": 47000000,
        "otheroperatingincomeexpensenet": -2000000,
        "operatingincomeloss": 737000000,
        "incomelossfromequitymethodinvestments": 43000000,
        "othernonoperatingincomeexpense": 13000000,
        "interestexpense": 180000000,
        "incomelossfromcontinuingoperationsbeforeincometaxesextraordinaryitemsnoncontrollinginterest": 613000000,
        "incometaxexpensebenefit": 145000000,
        "profitloss": 468000000,
        "netincomelossavailabletocommonstockholdersbasic": 468000000,
        "earningspersharebasic": 1.04,
        "earningspersharediluted": 1.04,
        "weightedaveragenumberofsharesoutstandingbasic": 200000,
        "weightedaveragenumberofdilutedsharesoutstanding": 0,
        "interestcostscapitalized": 6000000,
        "othercomprehensiveincomelosscashflowhedgegainlossbeforereclassificationaftertax": 51000000,
        "othercomprehensiveincomelosscashflowhedgegainlossreclassificationaftertax": 25000000,
        "othercomprehensiveincomelossportionattributabletoequitymethodinvestmentsnetoftax": -3000000,
        "othercomprehensiveincomelossnetoftax": 24000000,
        "comprehensiveincomenetoftax": 492000000,
        "othercomprehensiveincomelosscashflowhedgegainlossbeforereclassificationtax": 15000000,
        "othercomprehensiveincomelosscashflowhedgegainlossreclassificationtax": 7000000,
        "othercomprehensiveincomelossportionattributabletoequitymethodinvestmentstax": 0
    },
    {
        "date": "2023-03-30",
        "symbol": "OKE",
        "period": "Q1",
        "revenues": 40000000,
        "costofrevenue": -637000000,
        "othercostandexpenseoperating": 239000000,
        "depreciationdepletionandamortization": 162000000,
        "taxesother": 57000000,
        "otheroperatingincomeexpensenet": 779000000,
        "operatingincomeloss": 1497000000,
        "incomelossfromequitymethodinvestments": 40000000,
        "othernonoperatingincomeexpense": 8000000,
        "interestexpense": 166000000,
        "incomelossfromcontinuingoperationsbeforeincometaxesextraordinaryitemsnoncontrollinginterest": 1379000000,
        "incometaxexpensebenefit": 330000000,
        "profitloss": 1049000000,
        "netincomelossavailabletocommonstockholdersbasic": 1049000000,
        "earningspersharebasic": 2.34,
        "earningspersharediluted": 2.34,
        "weightedaveragenumberofsharesoutstandingbasic": 448000000,
        "weightedaveragenumberofdilutedsharesoutstanding": 449000000,
        "interestcostscapitalized": 18000000,
        "othercomprehensiveincomelosscashflowhedgegainlossbeforereclassificationaftertax": 23000000,
        "othercomprehensiveincomelosscashflowhedgegainlossreclassificationaftertax": 12000000,
        "othercomprehensiveincomelossportionattributabletoequitymethodinvestmentsnetoftax": -2000000,
        "othercomprehensiveincomelossnetoftax": 9000000,
        "comprehensiveincomenetoftax": 1058000000,
        "othercomprehensiveincomelosscashflowhedgegainlossbeforereclassificationtax": 7000000,
        "othercomprehensiveincomelosscashflowhedgegainlossreclassificationtax": 3000000,
        "othercomprehensiveincomelossportionattributabletoequitymethodinvestmentstax": -1000000
    },
    {
        "date": "2022-12-30",
        "symbol": "OKE",
        "period": "Q4",
        "revenues": 77999999.99999999,
        "costofrevenue": -676014000,
        "othercostandexpenseoperating": 274739000,
        "depreciationdepletionandamortization": 1102000,
        "operatingincomeloss": 756812000,
        "incomelossfromequitymethodinvestments": 36570000,
        "publicutilitiesallowanceforfundsusedduringconstructioncapitalizedcostofequity": 852000,
        "othernonoperatingincomeexpense": -957000,
        "interestexpense": 166202000,
        "incomelossfromcontinuingoperationsbeforeincometaxesextraordinaryitemsnoncontrollinginterest": 627075000,
        "incometaxexpensebenefit": 142154000,
        "profitloss": 484921000,
        "preferredstockdividendsincomestatementimpact": 275000,
        "netincomelossavailabletocommonstockholdersbasic": 484646000,
        "earningspersharebasic": 1.0899999999999999,
        "earningspersharediluted": 1.0899999999999999,
        "weightedaveragenumberofsharesoutstandingbasic": -894745000,
        "weightedaveragenumberofdilutedsharesoutstanding": -896356000,
        "interestcostscapitalized": 15899000,
        "othercomprehensiveincomelosscashflowhedgegainlossbeforereclassificationaftertax": 36704000,
        "othercomprehensiveincomelosscashflowhedgegainlossreclassificationaftertax": -10522000,
        "othercomprehensiveincomelosspensionandotherpostretirementbenefitplansadjustmentnetoftax": 3052000,
        "othercomprehensiveincomelossportionattributabletoequitymethodinvestmentsnetoftax": 101000,
        "othercomprehensiveincomelossnetoftax": 91217000,
        "comprehensiveincomenetoftax": 576138000,
        "othercomprehensiveincomelosscashflowhedgegainlossbeforereclassificationtax": 10963000,
        "othercomprehensiveincomelosscashflowhedgegainlossreclassificationtax": -3143000,
        "othercomprehensiveincomelosspensionandotherpostretirementbenefitplanstax": 912000,
        "othercomprehensiveincomelossportionattributabletoequitymethodinvestmentstax": 3845000
    },
    {
        "date": "2022-09-29",
        "symbol": "OKE",
        "period": "Q3",
        "revenues": 5563535000,
        "costofrevenue": 4772674000,
        "othercostandexpenseoperating": 238414000,
        "depreciationdepletionandamortization": 157102000,
        "taxesexcludingincomeandexcisetaxes": 47770000,
        "otheroperatingincomeexpensenet": 1630000,
        "operatingincomeloss": 699201000,
        "incomelossfromequitymethodinvestments": 39180000,
        "publicutilitiesallowanceforfundsusedduringconstructioncapitalizedcostofequity": 734000,
        "othernonoperatingincomeexpense": -8296000,
        "interestexpense": 166939000,
        "incomelossfromcontinuingoperationsbeforeincometaxesextraordinaryitemsnoncontrollinginterest": 563880000,
        "incometaxexpensebenefit": 132129000,
        "profitloss": 431751000,
        "preferredstockdividendsincomestatementimpact": 275000,
        "netincomelossavailabletocommonstockholdersbasic": 431476000,
        "earningspersharebasic": 0.96,
        "earningspersharediluted": 0.96,
        "weightedaveragenumberofsharesoutstandingbasic": 447677000,
        "weightedaveragenumberofdilutedsharesoutstanding": 448217000,
        "interestcostscapitalized": 16288000,
        "othercomprehensiveincomelosscashflowhedgegainlossbeforereclassificationaftertax": 106289000,
        "othercomprehensiveincomelosscashflowhedgegainlossreclassificationaftertax": -53953000,
        "othercomprehensiveincomelosspensionandotherpostretirementbenefitplansadjustmentnetoftax": -2922000,
        "othercomprehensiveincomelossportionattributabletoequitymethodinvestmentsnetoftax": 4118000,
        "othercomprehensiveincomelossnetoftax": 167282000,
        "comprehensiveincomenetoftax": 599033000,
        "othercomprehensiveincomelosscashflowhedgegainlossbeforereclassificationtax": 31749000,
        "othercomprehensiveincomelosscashflowhedgegainlossreclassificationtax": -16116000,
        "othercomprehensiveincomelosspensionandotherpostretirementbenefitplanstax": -873000,
        "othercomprehensiveincomelossportionattributabletoequitymethodinvestmentstax": 1230000
    },
    {
        "date": "2022-06-29",
        "symbol": "OKE",
        "period": "Q2",
        "revenues": -132699999.99999999,
        "costofrevenue": -1064687000,
        "othercostandexpenseoperating": 230687000,
        "depreciationdepletionandamortization": 1109000,
        "taxesexcludingincomeandexcisetaxes": 46777000,
        "otheroperatingincomeexpensenet": 5449000,
        "operatingincomeloss": 688950000,
        "incomelossfromequitymethodinvestments": 35630000,
        "publicutilitiesallowanceforfundsusedduringconstructioncapitalizedcostofequity": 594000,
        "othernonoperatingincomeexpense": -9324000,
        "interestexpense": 170751000,
        "incomelossfromcontinuingoperationsbeforeincometaxesextraordinaryitemsnoncontrollinginterest": 545099000,
        "incometaxexpensebenefit": 130721000,
        "profitloss": 414378000,
        "preferredstockdividendsincomestatementimpact": 275000,
        "netincomelossavailabletocommonstockholdersbasic": 414103000,
        "earningspersharebasic": 0.93,
        "earningspersharediluted": 0.92,
        "weightedaveragenumberofsharesoutstandingbasic": 447451000,
        "weightedaveragenumberofdilutedsharesoutstanding": 448182000,
        "interestcostscapitalized": 13519000,
        "othercomprehensiveincomelosscashflowhedgegainlossbeforereclassificationaftertax": 22226000,
        "othercomprehensiveincomelosscashflowhedgegainlossreclassificationaftertax": -70426000,
        "othercomprehensiveincomelosspensionandotherpostretirementbenefitplansadjustmentnetoftax": -2922000,
        "othercomprehensiveincomelossportionattributabletoequitymethodinvestmentsnetoftax": 5343000,
        "othercomprehensiveincomelossnetoftax": 100917000,
        "comprehensiveincomenetoftax": 515295000,
        "othercomprehensiveincomelosscashflowhedgegainlossbeforereclassificationtax": 6639000,
        "othercomprehensiveincomelosscashflowhedgegainlossreclassificationtax": -21036000,
        "othercomprehensiveincomelosspensionandotherpostretirementbenefitplanstax": -873000,
        "othercomprehensiveincomelossportionattributabletoequitymethodinvestmentstax": 1596000
    },
    {
        "date": "2022-03-30",
        "symbol": "OKE",
        "period": "Q1",
        "revenues": -174700000,
        "costofrevenue": -1028719000,
        "othercostandexpenseoperating": 214406000,
        "depreciationdepletionandamortization": 1057000,
        "taxesexcludingincomeandexcisetaxes": 49511000,
        "gainlossonsaleofpropertyplantequipment": 1570000,
        "operatingincomeloss": 662456000,
        "incomelossfromequitymethodinvestments": 36340000,
        "publicutilitiesallowanceforfundsusedduringconstructioncapitalizedcostofequity": 371000,
        "othernonoperatingincomeexpense": -13522000,
        "interestexpense": 172054000,
        "incomelossfromcontinuingoperationsbeforeincometaxesextraordinaryitemsnoncontrollinginterest": 513591000,
        "incometaxexpensebenefit": 122420000,
        "profitloss": 391171000,
        "preferredstockdividendsincomestatementimpact": 275000,
        "netincomelossavailabletocommonstockholdersbasic": 390896000,
        "earningspersharebasic": 0.87,
        "earningspersharediluted": 0.87,
        "weightedaveragenumberofsharesoutstandingbasic": 447124000,
        "weightedaveragenumberofdilutedsharesoutstanding": 448404000,
        "interestcostscapitalized": 11720000,
        "othercomprehensiveincomelosscashflowhedgegainlossbeforereclassificationaftertax": -71768000,
        "othercomprehensiveincomelosscashflowhedgegainlossreclassificationaftertax": -66032000,
        "othercomprehensiveincomelosspensionandotherpostretirementbenefitplansadjustmentnetoftax": -3030000,
        "othercomprehensiveincomelossportionattributabletoequitymethodinvestmentsnetoftax": 6385000,
        "othercomprehensiveincomelossnetoftax": 3679000,
        "comprehensiveincomenetoftax": 394850000,
        "othercomprehensiveincomelosscashflowhedgegainlossbeforereclassificationtax": -21437000,
        "othercomprehensiveincomelosscashflowhedgegainlossreclassificationtax": -19724000,
        "othercomprehensiveincomelosspensionandotherpostretirementbenefitplanstax": -905000,
        "othercomprehensiveincomelossportionattributabletoequitymethodinvestmentstax": -1907000
    },
    {
        "date": "2021-12-30",
        "symbol": "OKE",
        "period": "Q4",
        "revenues": -178100000,
        "costofrevenue": -989171000,
        "othercostandexpenseoperating": 255579000,
        "depreciationdepletionandamortization": 983000,
        "taxesexcludingincomeandexcisetaxes": 40536000,
        "gainlossonsaleofpropertyplantequipment": -52000,
        "operatingincomeloss": 652167000,
        "incomelossfromequitymethodinvestments": 34907000,
        "publicutilitiesallowanceforfundsusedduringconstructioncapitalizedcostofequity": 197000,
        "interestexpense": 178395000,
        "incomelossfromcontinuingoperationsbeforeincometaxesextraordinaryitemsnoncontrollinginterest": 509771000,
        "incometaxexpensebenefit": 130398000,
        "profitloss": 379373000,
        "preferredstockdividendsincomestatementimpact": 275000,
        "netincomelossavailabletocommonstockholdersbasic": 379098000,
        "earningspersharebasic": 0.84,
        "earningspersharediluted": 0.8400000000000002,
        "weightedaveragenumberofsharesoutstandingbasic": -892462000,
        "weightedaveragenumberofdilutedsharesoutstanding": -894020000,
        "interestcostscapitalized": 8529000,
        "othercomprehensiveincomelosscashflowhedgegainlossbeforereclassificationaftertax": 67754000,
        "othercomprehensiveincomelosscashflowhedgegainlossreclassificationaftertax": -85970000,
        "othercomprehensiveincomelosspensionandotherpostretirementbenefitplansadjustmentnetoftax": 5150000,
        "othercomprehensiveincomelossportionattributabletoequitymethodinvestmentsnetoftax": 208000,
        "othercomprehensiveincomelossnetoftax": 190485000,
        "comprehensiveincomenetoftax": 569858000,
        "othercomprehensiveincomelosscashflowhedgegainlossbeforereclassificationtax": 20238000,
        "othercomprehensiveincomelosscashflowhedgegainlossreclassificationtax": -26412000,
        "othercomprehensiveincomelosspensionandotherpostretirementbenefitplanstax": 1538000,
        "othercomprehensiveincomelossportionattributabletoequitymethodinvestmentstax": -61000
    },
    {
        "date": "2021-09-29",
        "symbol": "OKE",
        "period": "Q3",
        "revenues": -178700000,
        "costofrevenue": -843051000,
        "othercostandexpenseoperating": 225364000,
        "depreciationdepletionandamortization": 985000,
        "taxesexcludingincomeandexcisetaxes": 39753000,
        "gainlossonsaleofpropertyplantequipment": 470000,
        "operatingincomeloss": 667859000,
        "incomelossfromequitymethodinvestments": 28573000,
        "publicutilitiesallowanceforfundsusedduringconstructioncapitalizedcostofequity": 247000,
        "othernonoperatingincome": 6662000,
        "othernonoperatingexpense": 5375000,
        "interestexpense": 184049000,
        "incomelossfromcontinuingoperationsbeforeincometaxesextraordinaryitemsnoncontrollinginterest": 513917000,
        "incometaxexpensebenefit": 121899000,
        "profitloss": 392018000,
        "preferredstockdividendsincomestatementimpact": 275000,
        "netincomelossavailabletocommonstockholdersbasic": 391743000,
        "earningspersharebasic": 0.88,
        "earningspersharediluted": 0.88,
        "weightedaveragenumberofsharesoutstandingbasic": 446634000,
        "weightedaveragenumberofdilutedsharesoutstanding": 447635000,
        "interestcostscapitalized": 6083000,
        "othercomprehensiveincomelosscashflowhedgegainlossbeforereclassificationaftertax": -131566000,
        "othercomprehensiveincomelosscashflowhedgegainlossreclassificationaftertax": -66438000,
        "othercomprehensiveincomelosspensionandotherpostretirementbenefitplansadjustmentnetoftax": -4538000,
        "othercomprehensiveincomelossportionattributabletoequitymethodinvestmentsnetoftax": 197000,
        "othercomprehensiveincomelossnetoftax": -60393000,
        "comprehensiveincomenetoftax": 331625000,
        "othercomprehensiveincomelosscashflowhedgegainlossbeforereclassificationtax": -39299000,
        "othercomprehensiveincomelosscashflowhedgegainlossreclassificationtax": -19845000,
        "othercomprehensiveincomelosspensionandotherpostretirementbenefitplanstax": -1355000,
        "othercomprehensiveincomelossportionattributabletoequitymethodinvestmentstax": -60000
    },
    {
        "date": "2021-06-29",
        "symbol": "OKE",
        "period": "Q2",
        "revenues": 3074773000,
        "costofrevenue": 2366979000,
        "othercostandexpenseoperating": 212319000,
        "depreciationdepletionandamortization": 156921000,
        "taxesexcludingincomeandexcisetaxes": 41940000,
        "gainlossonsaleofpropertyplantequipment": 707000,
        "operatingincomeloss": 611512000,
        "incomelossfromequitymethodinvestments": 25720000,
        "publicutilitiesallowanceforfundsusedduringconstructioncapitalizedcostofequity": 426000,
        "othernonoperatingincome": 7005000,
        "othernonoperatingexpense": 7498000,
        "interestexpense": 184957000,
        "incomelossfromcontinuingoperationsbeforeincometaxesextraordinaryitemsnoncontrollinginterest": 452208000,
        "incometaxexpensebenefit": 110069000,
        "profitloss": 342139000,
        "preferredstockdividendsincomestatementimpact": 275000,
        "netincomelossavailabletocommonstockholdersbasic": 341864000,
        "earningspersharebasic": 0.77,
        "earningspersharediluted": 0.77,
        "weightedaveragenumberofsharesoutstandingbasic": 446337000,
        "weightedaveragenumberofdilutedsharesoutstanding": 446903000,
        "interestcostscapitalized": 5443000,
        "othercomprehensiveincomelosscashflowhedgegainlossbeforereclassificationaftertax": -173054000,
        "othercomprehensiveincomelosscashflowhedgegainlossreclassificationaftertax": -35204000,
        "othercomprehensiveincomelosspensionandotherpostretirementbenefitplansadjustmentnetoftax": -5247000,
        "othercomprehensiveincomelossportionattributabletoequitymethodinvestmentsnetoftax": -3244000,
        "othercomprehensiveincomelossnetoftax": -135847000,
        "comprehensiveincomenetoftax": 206292000,
        "othercomprehensiveincomelosscashflowhedgegainlossbeforereclassificationtax": -51692000,
        "othercomprehensiveincomelosscashflowhedgegainlossreclassificationtax": -10516000,
        "othercomprehensiveincomelosspensionandotherpostretirementbenefitplanstax": -1567000,
        "othercomprehensiveincomelossportionattributabletoequitymethodinvestmentstax": 970000
    },
    {
        "date": "2021-03-30",
        "symbol": "OKE",
        "period": "Q1",
        "revenues": 2836109000,
        "costofrevenue": 2121510000,
        "othercostandexpenseoperating": 207158000,
        "depreciationdepletionandamortization": 157120000,
        "taxesexcludingincomeandexcisetaxes": 44439000,
        "gainlossonsaleofpropertyplantequipment": 269000,
        "operatingincomeloss": 664721000,
        "incomelossfromequitymethodinvestments": 33320000,
        "publicutilitiesallowanceforfundsusedduringconstructioncapitalizedcostofequity": 812000,
        "othernonoperatingincome": 215000,
        "othernonoperatingexpense": 5237000,
        "interestexpense": 185523000,
        "incomelossfromcontinuingoperationsbeforeincometaxesextraordinaryitemsnoncontrollinginterest": 508308000,
        "incometaxexpensebenefit": 122132000,
        "profitloss": 386176000,
        "preferredstockdividendsincomestatementimpact": 275000,
        "netincomelossavailabletocommonstockholdersbasic": 385901000,
        "earningspersharebasic": 0.87,
        "earningspersharediluted": 0.86,
        "weightedaveragenumberofsharesoutstandingbasic": 445894000,
        "weightedaveragenumberofdilutedsharesoutstanding": 446885000,
        "interestcostscapitalized": 5095000,
        "othercomprehensiveincomelosscashflowhedgegainlossbeforereclassificationaftertax": 32998000,
        "othercomprehensiveincomelosscashflowhedgegainlossreclassificationaftertax": -41387000,
        "othercomprehensiveincomelosspensionandotherpostretirementbenefitplansadjustmentnetoftax": -3638000,
        "othercomprehensiveincomelossportionattributabletoequitymethodinvestmentsnetoftax": 7830000,
        "othercomprehensiveincomelossnetoftax": 85853000,
        "comprehensiveincomenetoftax": 472029000,
        "othercomprehensiveincomelosscashflowhedgegainlossbeforereclassificationtax": 9857000,
        "othercomprehensiveincomelosscashflowhedgegainlossreclassificationtax": -12361000,
        "othercomprehensiveincomelosspensionandotherpostretirementbenefitplanstax": -1087000,
        "othercomprehensiveincomelossportionattributabletoequitymethodinvestmentstax": -2339000
    },
    {
        "date": "2020-12-30",
        "symbol": "OKE",
        "period": "Q4",
        "revenues": 2250884000,
        "costofrevenue": 1627086000,
        "othercostandexpenseoperating": 222394000,
        "depreciationdepletionandamortization": 152648000,
        "taxesexcludingincomeandexcisetaxes": 27377000,
        "gainlossonsaleofpropertyplantequipment": 767000,
        "operatingincomeloss": 538663000,
        "incomelossfromequitymethodinvestments": 35240000,
        "publicutilitiesallowanceforfundsusedduringconstructioncapitalizedcostofequity": 1315000,
        "othernonoperatingincome": 9355000,
        "othernonoperatingexpense": 4406000,
        "interestexpense": 176931000,
        "incomelossfromcontinuingoperationsbeforeincometaxesextraordinaryitemsnoncontrollinginterest": 403236000,
        "incometaxexpensebenefit": 95207000,
        "profitloss": 308029000,
        "preferredstockdividendsincomestatementimpact": 275000,
        "netincomelossavailabletocommonstockholdersbasic": 307754000,
        "earningspersharebasic": 0.71,
        "earningspersharediluted": 0.71,
        "weightedaveragenumberofsharesoutstandingbasic": 4736000,
        "weightedaveragenumberofdilutedsharesoutstanding": 4785000,
        "interestcostscapitalized": 13997000,
        "othercomprehensiveincomelosspensionandotherpostretirementbenefitplansadjustmentnetoftax": 36839000,
        "othercomprehensiveincomelossportionattributabletoequitymethodinvestmentsnetoftax": 2723000,
        "othercomprehensiveincomelossnetoftax": -20831000,
        "comprehensiveincomenetoftax": 287198000,
        "othercomprehensiveincomelosspensionandotherpostretirementbenefitplanstax": 11004000,
        "othercomprehensiveincomelossportionattributabletoequitymethodinvestmentstax": -814000
    },
    {
        "date": "2020-09-29",
        "symbol": "OKE",
        "period": "Q3",
        "revenues": 1852198000,
        "costofrevenue": 1265674000,
        "othercostandexpenseoperating": 173548000,
        "depreciationdepletionandamortization": 153245000,
        "taxesexcludingincomeandexcisetaxes": 31381000,
        "gainlossonsaleofpropertyplantequipment": 17000,
        "operatingincomeloss": 550433000,
        "incomelossfromequitymethodinvestments": 38046000,
        "publicutilitiesallowanceforfundsusedduringconstructioncapitalizedcostofequity": 3084000,
        "othernonoperatingincome": 8175000,
        "othernonoperatingexpense": 4496000,
        "interestexpense": 176371000,
        "incomelossfromcontinuingoperationsbeforeincometaxesextraordinaryitemsnoncontrollinginterest": 418871000,
        "incometaxexpensebenefit": 106555000,
        "profitloss": 312316000,
        "preferredstockdividendsincomestatementimpact": 275000,
        "netincomelossavailabletocommonstockholdersbasic": 312041000,
        "earningspersharebasic": 0.73,
        "earningspersharediluted": 0.73,
        "weightedaveragenumberofsharesoutstandingbasic": 9367000,
        "weightedaveragenumberofdilutedsharesoutstanding": 9995000,
        "interestcostscapitalized": 13821000,
        "othercomprehensiveincomelosspensionandotherpostretirementbenefitplansadjustmentnetoftax": -3562000,
        "othercomprehensiveincomelossportionattributabletoequitymethodinvestmentsnetoftax": 1112000,
        "othercomprehensiveincomelossnetoftax": -5715000,
        "comprehensiveincomenetoftax": 306601000,
        "othercomprehensiveincomelosspensionandotherpostretirementbenefitplanstax": -1064000,
        "othercomprehensiveincomelossportionattributabletoequitymethodinvestmentstax": -332000
    },
    {
        "date": "2020-06-29",
        "symbol": "OKE",
        "period": "Q2",
        "interestcostscapitalized": 16743000,
        "profitloss": 134321000,
        "othercomprehensiveincomeunrealizedgainlossonderivativesarisingduringperiodnetoftax": -46530000,
        "othercomprehensiveincomelossreclassificationadjustmentfromaocionderivativesnetoftax": -21013000,
        "othercomprehensiveincomelosspensionandotherpostretirementbenefitplansadjustmentnetoftax": -3561000,
        "othercomprehensiveincomelossportionattributabletoequitymethodinvestmentsnetoftax": -3561000,
        "othercomprehensiveincomelossnetoftax": -25517000,
        "comprehensiveincomenetoftax": 108804000,
        "othercomprehensiveincomeunrealizedgainlossonderivativesarisingduringperiodtax": 13898000,
        "othercomprehensiveincomelossreclassificationadjustmentfromaocionderivativestax": -4840000,
        "othercomprehensiveincomelosspensionandotherpostretirementbenefitplanstax": -1064000,
        "othercomprehensiveincomelossportionattributabletoequitymethodinvestmentstax": 1064000,
        "revenues": 1343557000,
        "costofrevenue": 940458000,
        "othercostandexpenseoperating": 190138000,
        "depreciationdepletionandamortization": 140416000,
        "impairmentoflonglivedassetsgoodwillandotherassetimpairmentcharges": 0,
        "taxesexcludingincomeandexcisetaxes": 34326000,
        "gainlossonsaleofpropertyplantequipment": 339000,
        "operatingincomeloss": 355730000,
        "incomelossfromequitymethodinvestments": 25328000,
        "equitymethodinvestmentotherthantemporaryimpairment": 0,
        "publicutilitiesallowanceforfundsusedduringconstructioncapitalizedcostofequity": 3854000,
        "othernonoperatingincome": 17693000,
        "othernonoperatingexpense": 6176000,
        "interestexpense": 218968000,
        "incomelossfromcontinuingoperationsbeforeincometaxesextraordinaryitemsnoncontrollinginterest": 177461000,
        "incometaxexpensebenefit": 43140000,
        "preferredstockdividendsincomestatementimpact": 275000,
        "netincomelossavailabletocommonstockholdersbasic": 134046000,
        "earningspersharebasic": 0.32,
        "earningspersharediluted": 0.32,
        "weightedaveragenumberofsharesoutstandingbasic": 2720000,
        "weightedaveragenumberofdilutedsharesoutstanding": 1654000
    },
    {
        "date": "2020-03-30",
        "symbol": "OKE",
        "period": "Q1",
        "interestcostscapitalized": 30875000,
        "profitloss": -141857000,
        "othercomprehensiveincomeunrealizedgainlossonderivativesarisingduringperiodnetoftax": -106141000,
        "othercomprehensiveincomelossreclassificationadjustmentfromaocionderivativesnetoftax": 15164000,
        "othercomprehensiveincomelosspensionandotherpostretirementbenefitplansadjustmentnetoftax": -3562000,
        "othercomprehensiveincomelossportionattributabletoequitymethodinvestmentsnetoftax": -7643000,
        "othercomprehensiveincomelossnetoftax": -125386000,
        "comprehensiveincomenetoftax": -267243000,
        "othercomprehensiveincomeunrealizedgainlossonderivativesarisingduringperiodtax": 31705000,
        "othercomprehensiveincomelossreclassificationadjustmentfromaocionderivativestax": 4518000,
        "othercomprehensiveincomelosspensionandotherpostretirementbenefitplanstax": -1064000,
        "othercomprehensiveincomelossportionattributabletoequitymethodinvestmentstax": 2283000,
        "revenues": 1808620000,
        "costofrevenue": 1276928000,
        "othercostandexpenseoperating": 175096000,
        "depreciationdepletionandamortization": 132353000,
        "impairmentoflonglivedassetsgoodwillandotherassetimpairmentcharges": 604024000,
        "taxesexcludingincomeandexcisetaxes": 31944000,
        "gainlossonsaleofpropertyplantequipment": 204000,
        "operatingincomeloss": -83469000,
        "incomelossfromequitymethodinvestments": 44627000,
        "equitymethodinvestmentotherthantemporaryimpairment": 37730000,
        "publicutilitiesallowanceforfundsusedduringconstructioncapitalizedcostofequity": 15409000,
        "othernonoperatingincome": 8522000,
        "othernonoperatingexpense": 3995000,
        "interestexpense": 140616000,
        "incomelossfromcontinuingoperationsbeforeincometaxesextraordinaryitemsnoncontrollinginterest": -197252000,
        "incometaxexpensebenefit": -55395000,
        "preferredstockdividendsincomestatementimpact": 275000,
        "netincomelossavailabletocommonstockholdersbasic": -142132000,
        "earningspersharebasic": -0.34,
        "earningspersharediluted": -0.34,
        "weightedaveragenumberofsharesoutstandingbasic": 414282000,
        "weightedaveragenumberofdilutedsharesoutstanding": 415348000
    },
    {
        "date": "2019-12-30",
        "symbol": "OKE",
        "period": "Q4",
        "profitloss": 320251000,
        "othercomprehensiveincomeunrealizedgainlossonderivativesarisingduringperiodnetoftax": -60252000,
        "othercomprehensiveincomelossreclassificationadjustmentfromaocionderivativesnetoftax": -8691000,
        "othercomprehensiveincomelosspensionandotherpostretirementbenefitplansadjustmentnetoftax": 17026000,
        "othercomprehensiveincomelossportionattributabletoequitymethodinvestmentsnetoftax": -5723000,
        "othercomprehensiveincomelossnetoftax": 47104000,
        "comprehensiveincomenetoftaxincludingportionattributabletononcontrollinginterest": 367355000,
        "comprehensiveincomenetoftax": 1900178000,
        "othercomprehensiveincomeunrealizedgainlossonderivativesarisingduringperiodtax": -15529000,
        "othercomprehensiveincomelossreclassificationadjustmentfromaocionderivativestax": -2596000,
        "othercomprehensiveincomelosspensionandotherpostretirementbenefitplanstax": 5082000,
        "othercomprehensiveincomelossportionattributabletoequitymethodinvestmentstax": -1012000,
        "revenues": 5163975000,
        "costofrevenue": 4090682000,
        "othercostandexpenseoperating": 231376000,
        "depreciationdepletionandamortization": 239221000,
        "taxesexcludingincomeandexcisetaxes": 27899000,
        "gainlossonsaleofpropertyplantequipment": 267000,
        "operatingincomeloss": 487356000,
        "incomelossfromequitymethodinvestments": 39366000,
        "publicutilitiesallowanceforfundsusedduringconstructioncapitalizedcostofequity": 19640000,
        "othernonoperatingincome": 5373000,
        "othernonoperatingexpense": 3979000,
        "interestexpense": 406703000,
        "incomelossfromcontinuingoperationsbeforeincometaxesextraordinaryitemsnoncontrollinginterest": 2198073000,
        "incometaxexpensebenefit": 102614000,
        "netincomeloss": 320251000,
        "preferredstockdividendsincomestatementimpact": 250000,
        "netincomelossavailabletocommonstockholdersbasic": 2021409000,
        "earningspersharebasic": 0.7699999999999999,
        "earningspersharediluted": 0.77,
        "weightedaveragenumberofsharesoutstandingbasic": -826770000,
        "weightedaveragenumberofdilutedsharesoutstanding": -830416000,
        "interestcostscapitalized": 33674000
    },
    {
        "date": "2019-09-29",
        "symbol": "OKE",
        "period": "Q3",
        "interestcostscapitalized": 27610000,
        "profitloss": 309155000,
        "othercomprehensiveincomeunrealizedgainlossonderivativesarisingduringperiodnetoftax": -73822000,
        "othercomprehensiveincomelossreclassificationadjustmentfromaocionderivativesnetoftax": 8952000,
        "othercomprehensiveincomelosspensionandotherpostretirementbenefitplansadjustmentnetoftax": -2465000,
        "othercomprehensiveincomelossportionattributabletoequitymethodinvestmentsnetoftax": -4399000,
        "othercomprehensiveincomelossnetoftax": -84708000,
        "comprehensiveincomenetoftaxincludingportionattributabletononcontrollinginterest": 224447000,
        "comprehensiveincomenetoftax": 224447000,
        "othercomprehensiveincomeunrealizedgainlossonderivativesarisingduringperiodtax": 22050000,
        "othercomprehensiveincomelossreclassificationadjustmentfromaocionderivativestax": 2673000,
        "othercomprehensiveincomelosspensionandotherpostretirementbenefitplanstax": -737000,
        "othercomprehensiveincomelossportionattributabletoequitymethodinvestmentstax": 1314000,
        "revenues": 1947834000,
        "costofrevenue": 1414528000,
        "othercostandexpenseoperating": 218305000,
        "depreciationdepletionandamortization": 121430000,
        "taxesexcludingincomeandexcisetaxes": 26830000,
        "gainlossonsaleofpropertyplantequipment": 16000,
        "operatingincomeloss": 482151000,
        "incomelossfromequitymethodinvestments": 37576000,
        "publicutilitiesallowanceforfundsusedduringconstructioncapitalizedcostofequity": 15792000,
        "othernonoperatingincome": 6643000,
        "othernonoperatingexpense": 6065000,
        "interestexpense": 129577000,
        "incomelossfromcontinuingoperationsbeforeincometaxesextraordinaryitemsnoncontrollinginterest": 406520000,
        "incometaxexpensebenefit": 97365000,
        "netincomeloss": 309155000,
        "preferredstockdividendsincomestatementimpact": 275000,
        "netincomelossavailabletocommonstockholdersbasic": 308880000,
        "earningspersharebasic": 0.75,
        "earningspersharediluted": 0.74,
        "weightedaveragenumberofsharesoutstandingbasic": 413816000,
        "weightedaveragenumberofdilutedsharesoutstanding": 415578000
    },
    {
        "date": "2019-06-29",
        "symbol": "OKE",
        "period": "Q2",
        "interestcostscapitalized": 26799000,
        "profitloss": 311963000,
        "othercomprehensiveincomeunrealizedgainlossonderivativesarisingduringperiodnetoftax": -57029000,
        "othercomprehensiveincomelossreclassificationadjustmentfromaocionderivativesnetoftax": 8625000,
        "othercomprehensiveincomelosspensionandotherpostretirementbenefitplansadjustmentnetoftax": -2465000,
        "othercomprehensiveincomelossportionattributabletoequitymethodinvestmentsnetoftax": -3683000,
        "othercomprehensiveincomelossnetoftax": -66872000,
        "comprehensiveincomenetoftaxincludingportionattributabletononcontrollinginterest": 245091000,
        "comprehensiveincomenetoftax": 245091000,
        "dividendspreferredstock": 275000,
        "stockissuedduringperiodvalueother": 6335000,
        "dividendscommonstock": 45728000,
        "othercomprehensiveincomeunrealizedgainlossonderivativesarisingduringperiodtax": 17035000,
        "othercomprehensiveincomelossreclassificationadjustmentfromaocionderivativestax": 1804000,
        "othercomprehensiveincomelosspensionandotherpostretirementbenefitplanstax": -736000,
        "othercomprehensiveincomelossportionattributabletoequitymethodinvestmentstax": 1100000,
        "revenues": 2146841000,
        "costofrevenue": 1625794000,
        "othercostandexpenseoperating": 206776000,
        "depreciationdepletionandamortization": 114964000,
        "taxesexcludingincomeandexcisetaxes": 30937000,
        "gainlossonsaleofpropertyplantequipment": -2958000,
        "operatingincomeloss": 476146000,
        "incomelossfromequitymethodinvestments": 34118000,
        "publicutilitiesallowanceforfundsusedduringconstructioncapitalizedcostofequity": 16942000,
        "othernonoperatingincome": 5682000,
        "othernonoperatingexpense": 4497000,
        "interestexpense": 117493000,
        "incomelossfromcontinuingoperationsbeforeincometaxesextraordinaryitemsnoncontrollinginterest": 410898000,
        "incometaxexpensebenefit": 98935000,
        "netincomeloss": 311963000,
        "preferredstockdividendsincomestatementimpact": 275000,
        "netincomelossavailabletocommonstockholdersbasic": 311688000,
        "earningspersharebasic": 0.75,
        "earningspersharediluted": 0.75,
        "weightedaveragenumberofsharesoutstandingbasic": 413606000,
        "weightedaveragenumberofdilutedsharesoutstanding": 415049000
    },
    {
        "date": "2019-03-30",
        "symbol": "OKE",
        "period": "Q1",
        "interestcostscapitalized": 19192000,
        "profitloss": 337208000,
        "othercomprehensiveincomeunrealizedgainlossonderivativesarisingduringperiodnetoftax": 43300000,
        "othercomprehensiveincomelossreclassificationadjustmentfromaocionderivativesnetoftax": 12171000,
        "othercomprehensiveincomelosspensionandotherpostretirementbenefitplansadjustmentnetoftax": -2400000,
        "othercomprehensiveincomelossportionattributabletoequitymethodinvestmentsnetoftax": 6600000,
        "othercomprehensiveincomelossnetoftax": -81285000,
        "comprehensiveincomenetoftaxincludingportionattributabletononcontrollinginterest": 255923000,
        "comprehensiveincomenetoftax": -1276900000,
        "othercomprehensiveincomeunrealizedgainlossonderivativesarisingduringperiodtax": 20593000,
        "othercomprehensiveincomelossreclassificationadjustmentfromaocionderivativestax": 4177000,
        "othercomprehensiveincomelosspensionandotherpostretirementbenefitplanstax": -699000,
        "othercomprehensiveincomelossportionattributabletoequitymethodinvestmentstax": 750000,
        "salesrevenuegoodsnet": 2473000000,
        "salesrevenueservicesnet": -500000,
        "revenues": -342603000,
        "costofrevenue": -342964000,
        "othercostandexpenseoperating": 207251000,
        "depreciationdepletionandamortization": 920000,
        "taxesexcludingincomeandexcisetaxes": 33490000,
        "gainlossonsaleofpropertyplantequipment": 100000,
        "operatingincomeloss": 468700000,
        "incomelossfromequitymethodinvestments": 43481000,
        "publicutilitiesallowanceforfundsusedduringconstructioncapitalizedcostofequity": 12441000,
        "othernonoperatingincome": 9360000,
        "othernonoperatingexpense": 3462000,
        "interestexpense": -162000000,
        "incomelossfromcontinuingoperationsbeforeincometaxesextraordinaryitemsnoncontrollinginterest": -1364500000,
        "incometaxexpensebenefit": 73500000,
        "netincomeloss": 337208000,
        "preferredstockdividendsincomestatementimpact": 300000,
        "netincomelossavailabletocommonstockholdersbasic": -1364500000,
        "earningspersharebasic": 0.82,
        "earningspersharediluted": 0.81,
        "weightedaveragenumberofsharesoutstandingbasic": 412908000,
        "weightedaveragenumberofdilutedsharesoutstanding": 415233000
    },
    {
        "date": "2018-12-30",
        "symbol": "OKE",
        "period": "Q4",
        "profitloss": 895073000,
        "othercomprehensiveincomeunrealizedgainlossonderivativesarisingduringperiodnetoftax": -218800000,
        "othercomprehensiveincomelossreclassificationadjustmentfromaocionderivativesnetoftax": 6527000,
        "othercomprehensiveincomelosspensionandotherpostretirementbenefitplansadjustmentnetoftax": 8619000,
        "othercomprehensiveincomelossportionattributabletoequitymethodinvestmentsnetoftax": 7700000,
        "othercomprehensiveincomelossnetoftax": -99647000,
        "comprehensiveincomenetoftaxincludingportionattributabletononcontrollinginterest": -1460900000,
        "comprehensiveincomenetoftaxattributabletononcontrollinginterest": 0,
        "comprehensiveincomenetoftax": -1460900000,
        "othercomprehensiveincomeunrealizedgainlossonderivativesarisingduringperiodtax": 4898000,
        "othercomprehensiveincomelossreclassificationadjustmentfromaocionderivativestax": 1948000,
        "othercomprehensiveincomelosspensionandotherpostretirementbenefitplanstax": -16214000,
        "othercomprehensiveincomelossportionattributabletoequitymethodinvestmentstax": 854000,
        "salesrevenuegoodsnet": -5514249000,
        "salesrevenueservicesnet": -405744000,
        "revenues": -416431000,
        "costofrevenue": -418189000,
        "othercostandexpenseoperating": 213681000,
        "depreciationdepletionandamortization": 867000,
        "taxesexcludingincomeandexcisetaxes": 22659000,
        "gainlossonsaleofpropertyplantequipment": 200000,
        "operatingincomeloss": 3900000,
        "incomelossfromequitymethodinvestments": 42313000,
        "publicutilitiesallowanceforfundsusedduringconstructioncapitalizedcostofequity": 4634000,
        "othernonoperatingincome": -6993000,
        "othernonoperatingexpense": 3824000,
        "interestexpense": -160400000,
        "incomelossfromcontinuingoperationsbeforeincometaxesextraordinaryitemsnoncontrollinginterest": -1275400000,
        "incometaxexpensebenefit": 1812000,
        "netincomelossattributabletononcontrollinginterest": 0,
        "netincomeloss": 6072000,
        "preferredstockdividendsincomestatementimpact": 300000,
        "netincomelossavailabletocommonstockholdersbasic": -1275400000,
        "earningspersharebasic": 0.7099999999999999,
        "earningspersharediluted": 0.7099999999999996,
        "weightedaveragenumberofsharesoutstandingbasic": -822254000,
        "weightedaveragenumberofdilutedsharesoutstanding": -827466000,
        "interestcostscapitalized": 12564000
    },
    {
        "date": "2018-09-29",
        "symbol": "OKE",
        "period": "Q3",
        "interestcostscapitalized": 8326000,
        "profitloss": 898000,
        "othercomprehensiveincomeunrealizedgainlossonderivativesarisingduringperiodnetoftax": 61400000,
        "othercomprehensiveincomelossreclassificationadjustmentfromaocionderivativesnetoftax": -19261000,
        "othercomprehensiveincomelosspensionandotherpostretirementbenefitplansadjustmentnetoftax": 3200000,
        "othercomprehensiveincomelossportionattributabletoequitymethodinvestmentsnetoftax": -4000000,
        "othercomprehensiveincomelossnetoftax": 16200000,
        "comprehensiveincomenetoftaxincludingportionattributabletononcontrollinginterest": -1346100000,
        "comprehensiveincomenetoftaxattributabletononcontrollinginterest": 700000,
        "comprehensiveincomenetoftax": -1346100000,
        "othercomprehensiveincomeunrealizedgainlossonderivativesarisingduringperiodtax": 1054000,
        "othercomprehensiveincomelossreclassificationadjustmentfromaocionderivativestax": -5752000,
        "othercomprehensiveincomelosspensionandotherpostretirementbenefitplanstax": -966000,
        "othercomprehensiveincomelossportionattributabletoequitymethodinvestmentstax": -442000,
        "salesrevenuegoodsnet": -46322000,
        "salesrevenueservicesnet": -397368000,
        "revenues": -528847000,
        "costofrevenue": -528936000,
        "othercostandexpenseoperating": 206247000,
        "depreciationdepletionandamortization": 847000,
        "taxesexcludingincomeandexcisetaxes": 24124000,
        "gainlossonsaleofpropertyplantequipment": 200000,
        "operatingincomeloss": -2000000,
        "incomelossfromequitymethodinvestments": 39313000,
        "publicutilitiesallowanceforfundsusedduringconstructioncapitalizedcostofequity": 2294000,
        "othernonoperatingincome": 5072000,
        "othernonoperatingexpense": 3404000,
        "interestexpense": -160600000,
        "incomelossfromcontinuingoperationsbeforeincometaxesextraordinaryitemsnoncontrollinginterest": -1362300000,
        "incometaxexpensebenefit": 269000,
        "netincomelossattributabletononcontrollinginterest": 2000,
        "netincomeloss": 896000,
        "preferredstockdividendsincomestatementimpact": 200000,
        "netincomelossavailabletocommonstockholdersbasic": -1362300000,
        "earningspersharebasic": 0.76,
        "earningspersharediluted": 0.75,
        "weightedaveragenumberofsharesoutstandingbasic": 412117000,
        "weightedaveragenumberofdilutedsharesoutstanding": 414847000,
        "commonstockdividendspersharedeclared": 0.825
    },
    {
        "date": "2018-06-29",
        "symbol": "OKE",
        "period": "Q2",
        "interestcostscapitalized": 5134000,
        "profitloss": -8776000,
        "othercomprehensiveincomeunrealizedgainlossonderivativesarisingduringperiodnetoftax": 92800000,
        "othercomprehensiveincomelossreclassificationadjustmentfromaocionderivativesnetoftax": -12160000,
        "othercomprehensiveincomelosspensionandotherpostretirementbenefitplansadjustmentnetoftax": 3200000,
        "othercomprehensiveincomelossportionattributabletoequitymethodinvestmentsnetoftax": -2400000,
        "othercomprehensiveincomelossnetoftax": 69900000,
        "comprehensiveincomenetoftaxincludingportionattributabletononcontrollinginterest": -1128200000,
        "comprehensiveincomenetoftaxattributabletononcontrollinginterest": 1100000,
        "comprehensiveincomenetoftax": -1128200000,
        "othercomprehensiveincomeunrealizedgainlossonderivativesarisingduringperiodtax": 6054000,
        "othercomprehensiveincomelossreclassificationadjustmentfromaocionderivativestax": -3631000,
        "othercomprehensiveincomelosspensionandotherpostretirementbenefitplanstax": -967000,
        "othercomprehensiveincomelossportionattributabletoequitymethodinvestmentstax": -292000,
        "salesrevenuegoodsnet": 2675300000,
        "salesrevenueservicesnet": -359348000,
        "revenues": -454122000,
        "costofrevenue": -453290000,
        "othercostandexpenseoperating": 202037000,
        "depreciationdepletionandamortization": 835000,
        "taxesexcludingincomeandexcisetaxes": 28116000,
        "gainlossonsaleofpropertyplantequipment": 100000,
        "operatingincomeloss": -2000000,
        "incomelossfromequitymethodinvestments": 36570000,
        "publicutilitiesallowanceforfundsusedduringconstructioncapitalizedcostofequity": 804000,
        "othernonoperatingincome": 1857000,
        "othernonoperatingexpense": 4391000,
        "interestexpense": -155000000,
        "incomelossfromcontinuingoperationsbeforeincometaxesextraordinaryitemsnoncontrollinginterest": -1198100000,
        "incometaxexpensebenefit": -2620000,
        "netincomelossattributabletononcontrollinginterest": 3000,
        "netincomeloss": -8779000,
        "preferredstockdividendsincomestatementimpact": 300000,
        "netincomelossavailabletocommonstockholdersbasic": -1198100000,
        "earningspersharebasic": 0.68,
        "earningspersharediluted": 0.68,
        "weightedaveragenumberofsharesoutstandingbasic": 411946000,
        "weightedaveragenumberofdilutedsharesoutstanding": 414641000,
        "commonstockdividendspersharedeclared": 0.795
    },
    {
        "date": "2018-03-30",
        "symbol": "OKE",
        "period": "Q1",
        "interestcostscapitalized": 2038000,
        "profitloss": 264508000,
        "othercomprehensiveincomeunrealizedgainlossonderivativesarisingduringperiodnetoftax": -41800000,
        "othercomprehensiveincomelossreclassificationadjustmentfromaocionderivativesnetoftax": -11976000,
        "othercomprehensiveincomelosspensionandotherpostretirementbenefitplansadjustmentnetoftax": 3200000,
        "othercomprehensiveincomelossportionattributabletoequitymethodinvestmentsnetoftax": -7400000,
        "othercomprehensiveincomelossnetoftax": 51939000,
        "comprehensiveincomenetoftaxincludingportionattributabletononcontrollinginterest": -1171000000,
        "comprehensiveincomenetoftaxattributabletononcontrollinginterest": 1500000,
        "comprehensiveincomenetoftax": -1171000000,
        "othercomprehensiveincomeunrealizedgainlossonderivativesarisingduringperiodtax": -10312000,
        "othercomprehensiveincomelossreclassificationadjustmentfromaocionderivativestax": -3578000,
        "othercomprehensiveincomelosspensionandotherpostretirementbenefitplanstax": -781000,
        "othercomprehensiveincomelossportionattributabletoequitymethodinvestmentstax": -844000,
        "salesrevenuegoodsnet": 2820000000,
        "salesrevenueservicesnet": -352242000,
        "revenues": -408294000,
        "costofrevenue": -411122000,
        "othercostandexpenseoperating": 181181000,
        "depreciationdepletionandamortization": 793000,
        "taxesexcludingincomeandexcisetaxes": 29023000,
        "gainlossonsaleofpropertyplantequipment": 100000,
        "operatingincomeloss": 700000,
        "incomelossfromequitymethodinvestments": 40187000,
        "publicutilitiesallowanceforfundsusedduringconstructioncapitalizedcostofequity": 230000,
        "othernonoperatingincome": 738000,
        "othernonoperatingexpense": 3309000,
        "interestexpense": -154200000,
        "incomelossfromcontinuingoperationsbeforeincometaxesextraordinaryitemsnoncontrollinginterest": -1098700000,
        "incometaxexpensebenefit": 1232000,
        "netincomelossattributabletononcontrollinginterest": 2000,
        "netincomeloss": 4127000,
        "preferredstockdividendsincomestatementimpact": 300000,
        "netincomelossavailabletocommonstockholdersbasic": -1098700000,
        "earningspersharebasic": 0.65,
        "earningspersharediluted": 0.64,
        "weightedaveragenumberofsharesoutstandingbasic": 409676000,
        "weightedaveragenumberofdilutedsharesoutstanding": 412173000,
        "commonstockdividendspersharedeclared": 0.77
    },
    {
        "date": "2017-12-30",
        "symbol": "OKE",
        "period": "Q4",
        "profitloss": 2007980000,
        "othercomprehensiveincomeunrealizedgainlossonderivativesarisingduringperiodnetoftax": -10256000,
        "othercomprehensiveincomelossreclassificationadjustmentfromaocionderivativesnetoftax": -23415000,
        "othercomprehensiveincomelosspensionandotherpostretirementbenefitplansadjustmentnetoftax": 1887000,
        "othercomprehensiveincomelossportionattributabletoequitymethodinvestmentsnetoftax": -1925000,
        "othercomprehensiveincomelossnetoftax": -23091000,
        "comprehensiveincomenetoftaxincludingportionattributabletononcontrollinginterest": -2222590000,
        "comprehensiveincomenetoftaxattributabletononcontrollinginterest": -1541000,
        "comprehensiveincomenetoftax": -2094949000,
        "othercomprehensiveincomeunrealizedgainlossonderivativesarisingduringperiodtax": 27696000,
        "othercomprehensiveincomelossreclassificationadjustmentfromaocionderivativestax": -13822000,
        "othercomprehensiveincomelosspensionandotherpostretirementbenefitplanstax": 3121000,
        "othercomprehensiveincomelossportionattributabletoequitymethodinvestmentstax": 433000,
        "salesrevenuegoodsnet": 3162483000,
        "salesrevenueservicesnet": -533394000,
        "revenues": -595780000,
        "costofrevenue": -595755000,
        "depreciationdepletionandamortization": 764000,
        "taxesexcludingincomeandexcisetaxes": 22298000,
        "gainlossonsaleofpropertyplantequipment": 7000,
        "operatingincomeloss": -318720000,
        "incomelossfromequitymethodinvestments": 40293000,
        "publicutilitiesallowanceforfundsusedduringconstructioncapitalizedcostofequity": 32000,
        "othernonoperatingincome": 3715000,
        "othernonoperatingexpense": 1505000,
        "interestexpense": -460662000,
        "incomelossfromcontinuingoperationsbeforeincometaxesextraordinaryitemsnoncontrollinginterest": -2152226000,
        "incometaxexpensebenefit": 371059000,
        "incomelossfromcontinuingoperationsincludingportionattributabletononcontrollinginterest": 64812000,
        "netincomelossattributabletononcontrollinginterest": -924000,
        "netincomeloss": -1998461000,
        "incomelossfromcontinuingoperations": 62771000,
        "incomelossfromcontinuingoperationsperbasicshare": 0.12000000000000005,
        "earningspersharebasic": 0.12000000000000005,
        "incomelossfromcontinuingoperationsperdilutedshare": 0.12000000000000005,
        "earningspersharediluted": 0.12000000000000005,
        "weightedaveragenumberofsharesoutstandingbasic": -506834000,
        "weightedaveragenumberofdilutedsharesoutstanding": -511253000,
        "commonstockdividendspersharedeclared": 0.7450000000000001,
        "interestcostscapitalized": 1256000
    },
    {
        "date": "2017-09-29",
        "symbol": "OKE",
        "period": "Q3",
        "interestcostscapitalized": 1068000,
        "profitloss": -884700000,
        "othercomprehensiveincomeunrealizedgainlossonderivativesarisingduringperiodnetoftax": 84800000,
        "othercomprehensiveincomelossreclassificationadjustmentfromaocionderivativesnetoftax": -13062000,
        "othercomprehensiveincomelosspensionandotherpostretirementbenefitplansadjustmentnetoftax": 2000000,
        "othercomprehensiveincomelossportionattributabletoequitymethodinvestmentsnetoftax": 600000,
        "othercomprehensiveincomelossnetoftax": 53600000,
        "comprehensiveincomenetoftaxincludingportionattributabletononcontrollinginterest": -831100000,
        "comprehensiveincomenetoftaxattributabletononcontrollinginterest": 700000,
        "comprehensiveincomenetoftax": -831100000,
        "othercomprehensiveincomeunrealizedgainlossonderivativesarisingduringperiodtax": -12217000,
        "othercomprehensiveincomelossreclassificationadjustmentfromaocionderivativestax": -7671000,
        "othercomprehensiveincomelosspensionandotherpostretirementbenefitplanstax": -1360000,
        "othercomprehensiveincomelossportionattributabletoequitymethodinvestmentstax": -100000,
        "salesrevenuegoodsnet": 2322500000,
        "salesrevenueservicesnet": -500000,
        "revenues": -484979000,
        "costofrevenue": -484393000,
        "othercostandexpenseoperating": 182409000,
        "depreciationdepletionandamortization": 762000,
        "impairmentoflonglivedassetsheldforuse": 16000000,
        "taxesexcludingincomeandexcisetaxes": 24641000,
        "gainlossonsaleofpropertyplantequipment": 300000,
        "operatingincomeloss": -3900000,
        "incomelossfromequitymethodinvestments": 40058000,
        "equitymethodinvestmentotherthantemporaryimpairment": 4300000,
        "publicutilitiesallowanceforfundsusedduringconstructioncapitalizedcostofequity": 40000,
        "othernonoperatingincome": 3296000,
        "othernonoperatingexpense": 838000,
        "interestexpense": -172200000,
        "incomelossfromcontinuingoperationsbeforeincometaxesextraordinaryitemsnoncontrollinginterest": -884700000,
        "incometaxexpensebenefit": 91900000,
        "incomelossfromcontinuingoperationsincludingportionattributabletononcontrollinginterest": 166531000,
        "netincomelossattributabletononcontrollinginterest": 100000,
        "netincomeloss": -884700000,
        "preferredstockdividendsincomestatementimpact": 200000,
        "netincomelossavailabletocommonstockholdersbasic": -884700000,
        "incomelossfromcontinuingoperations": 165466000,
        "incomelossfromcontinuingoperationsperbasicshare": 0.43,
        "earningspersharebasic": 0.43,
        "incomelossfromcontinuingoperationsperdilutedshare": 0.43,
        "earningspersharediluted": 0.43,
        "weightedaveragenumberofsharesoutstandingbasic": 380907000,
        "weightedaveragenumberofdilutedsharesoutstanding": 383419000,
        "commonstockdividendspersharedeclared": 0.745
    },
    {
        "date": "2017-06-29",
        "symbol": "OKE",
        "period": "Q2",
        "interestcostscapitalized": 1745000,
        "profitloss": -822800000,
        "othercomprehensiveincomeunrealizedgainlossonderivativesarisingduringperiodnetoftax": -17900000,
        "othercomprehensiveincomelossreclassificationadjustmentfromaocionderivativesnetoftax": -3406000,
        "othercomprehensiveincomelosspensionandotherpostretirementbenefitplansadjustmentnetoftax": 2100000,
        "othercomprehensiveincomelossportionattributabletoequitymethodinvestmentsnetoftax": 3200000,
        "othercomprehensiveincomelossnetoftax": -28300000,
        "comprehensiveincomenetoftaxincludingportionattributabletononcontrollinginterest": -851100000,
        "comprehensiveincomenetoftaxattributabletononcontrollinginterest": 105600000,
        "comprehensiveincomenetoftax": -851100000,
        "othercomprehensiveincomeunrealizedgainlossonderivativesarisingduringperiodtax": -874000,
        "othercomprehensiveincomelossreclassificationadjustmentfromaocionderivativestax": -2041000,
        "othercomprehensiveincomelosspensionandotherpostretirementbenefitplanstax": -1361000,
        "othercomprehensiveincomelossportionattributabletoequitymethodinvestmentstax": -246000,
        "salesrevenuegoodsnet": 2161000000,
        "salesrevenueservicesnet": -1000000,
        "revenues": -407577000,
        "costofrevenue": -408243000,
        "operationsandmaintenance": 193501000,
        "depreciationdepletionandamortization": 791000,
        "taxesexcludingincomeandexcisetaxes": 24304000,
        "gainlossonsaleofpropertyplantequipment": 600000,
        "operatingincomeloss": -20500000,
        "incomelossfromequitymethodinvestments": 39363000,
        "publicutilitiesallowanceforfundsusedduringconstructioncapitalizedcostofequity": 22000,
        "othernonoperatingincome": 4033000,
        "othernonoperatingexpense": 21843000,
        "interestexpense": -189800000,
        "incomelossfromcontinuingoperationsbeforeincometaxesextraordinaryitemsnoncontrollinginterest": -822800000,
        "incometaxexpensebenefit": -37700000,
        "incomelossfromcontinuingoperationsincludingportionattributabletononcontrollinginterest": 175991000,
        "netincomelossattributabletononcontrollinginterest": 103400000,
        "netincomeloss": -822800000,
        "preferredstockdividendsincomestatementimpact": 200000,
        "netincomelossavailabletocommonstockholdersbasic": -822800000,
        "incomelossfromcontinuingoperations": 71476000,
        "incomelossfromcontinuingoperationsperbasicshare": 0.34,
        "earningspersharebasic": 0.34,
        "incomelossfromcontinuingoperationsperdilutedshare": 0.33,
        "earningspersharediluted": 0.33,
        "weightedaveragenumberofsharesoutstandingbasic": 211785000,
        "weightedaveragenumberofdilutedsharesoutstanding": 214012000,
        "commonstockdividendspersharedeclared": 0.615
    },
    {
        "date": "2017-03-30",
        "symbol": "OKE",
        "period": "Q1",
        "profitloss": 87361000,
        "othercomprehensiveincomeunrealizedgainlossonderivativesarisingduringperiodnetoftax": 24456000,
        "othercomprehensiveincomelossreclassificationadjustmentfromaocionderivativesnetoftax": -5658000,
        "othercomprehensiveincomelosspensionandotherpostretirementbenefitplansadjustmentnetoftax": -2041000,
        "othercomprehensiveincomelossportionattributabletoequitymethodinvestmentsnetoftax": 325000,
        "othercomprehensiveincomelossnetoftax": 28817000,
        "comprehensiveincomenetoftaxincludingportionattributabletononcontrollinginterest": 230290000,
        "comprehensiveincomenetoftaxattributabletononcontrollinginterest": 127641000,
        "comprehensiveincomenetoftax": 102649000,
        "othercomprehensiveincomeunrealizedgainlossonderivativesarisingduringperiodtax": 4401000,
        "othercomprehensiveincomelossreclassificationadjustmentfromaocionderivativestax": -3365000,
        "othercomprehensiveincomelosspensionandotherpostretirementbenefitplanstax": -1360000,
        "othercomprehensiveincomelossportionattributabletoequitymethodinvestmentstax": 58000,
        "salesrevenuegoodsnet": 2216717000,
        "salesrevenueservicesnet": 532894000,
        "revenues": -410467000,
        "costofrevenue": -409837000,
        "operationsandmaintenance": 164769000,
        "depreciationdepletionandamortization": 793000,
        "taxesexcludingincomeandexcisetaxes": 27153000,
        "gainlossonsaleofpropertyplantequipment": -7000,
        "operatingincomeloss": 314420000,
        "incomelossfromequitymethodinvestments": 39564000,
        "publicutilitiesallowanceforfundsusedduringconstructioncapitalizedcostofequity": 13000,
        "othernonoperatingincome": 4341000,
        "othernonoperatingexpense": 750000,
        "interestexpense": 116462000,
        "incomelossfromcontinuingoperationsbeforeincometaxesextraordinaryitemsnoncontrollinginterest": 241126000,
        "incometaxexpensebenefit": 54941000,
        "incomelossfromcontinuingoperationsincludingportionattributabletononcontrollinginterest": 186185000,
        "netincomelossattributabletononcontrollinginterest": 98824000,
        "netincomeloss": 87361000,
        "incomelossfromcontinuingoperations": 87361000,
        "incomelossfromcontinuingoperationsperbasicshare": 0.41,
        "earningspersharebasic": 0.41,
        "incomelossfromcontinuingoperationsperdilutedshare": 0.41,
        "earningspersharediluted": 0.41,
        "weightedaveragenumberofsharesoutstandingbasic": 211619000,
        "weightedaveragenumberofdilutedsharesoutstanding": 213602000,
        "commonstockdividendspersharedeclared": 0.615,
        "interestcostscapitalized": 1441000
    },
    {
        "date": "2016-12-30",
        "symbol": "OKE",
        "period": "Q4",
        "profitloss": 90505000,
        "othercomprehensiveincomeunrealizedgainlossonderivativesarisingduringperiodnetoftax": 53280000,
        "othercomprehensiveincomelossreclassificationadjustmentfromaocionderivativesnetoftax": -2361000,
        "othercomprehensiveincomelosspensionandotherpostretirementbenefitplansadjustmentnetoftax": 17904000,
        "othercomprehensiveincomelossportionattributabletoequitymethodinvestmentsnetoftax": 8726000,
        "othercomprehensiveincomelossnetoftax": 47173000,
        "comprehensiveincomenetoftaxincludingportionattributabletononcontrollinginterest": 241639000,
        "comprehensiveincomenetoftaxattributabletononcontrollinginterest": 151133000,
        "comprehensiveincomenetoftax": 90506000,
        "othercomprehensiveincomeunrealizedgainlossonderivativesarisingduringperiodtax": 9491000,
        "othercomprehensiveincomelossreclassificationadjustmentfromaocionderivativestax": -1428000,
        "othercomprehensiveincomelosspensionandotherpostretirementbenefitplanstax": 11936000,
        "othercomprehensiveincomelossportionattributabletoequitymethodinvestmentstax": 1570000,
        "salesrevenuegoodsnet": 2101150000,
        "salesrevenueservicesnet": 553311000,
        "revenues": -366384000,
        "costofrevenue": -367004000,
        "operationsandmaintenance": 179859000,
        "depreciationdepletionandamortization": 786000,
        "taxesexcludingincomeandexcisetaxes": 24320000,
        "gainlossonsaleofpropertyplantequipment": 9574000,
        "operatingincomeloss": 124746000,
        "incomelossfromequitymethodinvestments": 88447000,
        "othernonoperatingincome": -3260000,
        "othernonoperatingexpense": 1771000,
        "interestexpense": 114188000,
        "incomelossfromcontinuingoperationsbeforeincometaxesextraordinaryitemsnoncontrollinginterest": 249631000,
        "incometaxexpensebenefit": 54870000,
        "incomelossfromcontinuingoperationsincludingportionattributabletononcontrollinginterest": 194761000,
        "incomelossfromdiscontinuedoperationsnetoftax": -296000,
        "netincomelossattributabletononcontrollinginterest": 103960000,
        "netincomeloss": 90505000,
        "incomelossfromcontinuingoperations": 90801000,
        "incomelossfromdiscontinuedoperationsnetoftaxattributabletoreportingentity": -296000,
        "incomelossfromcontinuingoperationsperbasicshare": 0.42999999999999994,
        "earningspersharebasic": 0.42999999999999994,
        "incomelossfromcontinuingoperationsperdilutedshare": 0.42999999999999994,
        "earningspersharediluted": 0.42999999999999994,
        "weightedaveragenumberofsharesoutstandingbasic": 90000,
        "weightedaveragenumberofdilutedsharesoutstanding": 260000,
        "commonstockdividendspersharedeclared": 0.615,
        "interestcostscapitalized": 1326000
    },
    {
        "date": "2016-09-29",
        "symbol": "OKE",
        "period": "Q3",
        "profitloss": 92144000,
        "othercomprehensiveincomeunrealizedgainlossonderivativesarisingduringperiodnetoftax": 7237000,
        "othercomprehensiveincomelossreclassificationadjustmentfromaocionderivativesnetoftax": -1309000,
        "othercomprehensiveincomelosspensionandotherpostretirementbenefitplansadjustmentnetoftax": -1553000,
        "othercomprehensiveincomelossportionattributabletoequitymethodinvestmentsnetoftax": -600000,
        "othercomprehensiveincomelossnetoftax": 6378000,
        "comprehensiveincomenetoftaxincludingportionattributabletononcontrollinginterest": 205489000,
        "comprehensiveincomenetoftaxattributabletononcontrollinginterest": 108450000,
        "comprehensiveincomenetoftax": 97039000,
        "othercomprehensiveincomeunrealizedgainlossonderivativesarisingduringperiodtax": 1301000,
        "othercomprehensiveincomelossreclassificationadjustmentfromaocionderivativestax": -811000,
        "othercomprehensiveincomelosspensionandotherpostretirementbenefitplanstax": -1035000,
        "othercomprehensiveincomelossportionattributabletoequitymethodinvestmentstax": -108000,
        "salesrevenuegoodsnet": 1840523000,
        "salesrevenueservicesnet": 517384000,
        "revenues": -285645000,
        "costofrevenue": -285894000,
        "operationsandmaintenance": 165664000,
        "depreciationdepletionandamortization": 748000,
        "taxesexcludingincomeandexcisetaxes": 18487000,
        "gainlossonsaleofpropertyplantequipment": -1000,
        "operatingincomeloss": -7064000,
        "incomelossfromequitymethodinvestments": 18599000,
        "othernonoperatingincome": 4242000,
        "othernonoperatingexpense": 710000,
        "interestexpense": 118240000,
        "incomelossfromcontinuingoperationsbeforeincometaxesextraordinaryitemsnoncontrollinginterest": 249804000,
        "incometaxexpensebenefit": 55012000,
        "incomelossfromcontinuingoperationsincludingportionattributabletononcontrollinginterest": 194792000,
        "incomelossfromdiscontinuedoperationsnetoftax": -576000,
        "netincomelossattributabletononcontrollinginterest": 102072000,
        "netincomeloss": 92144000,
        "incomelossfromcontinuingoperations": 92720000,
        "incomelossfromdiscontinuedoperationsnetoftaxattributabletoreportingentity": -576000,
        "incomelossfromcontinuingoperationsperbasicshare": 0.43999999999999995,
        "earningspersharebasic": 0.43999999999999995,
        "incomelossfromcontinuingoperationsperdilutedshare": 0.42999999999999994,
        "earningspersharediluted": 0.42999999999999994,
        "weightedaveragenumberofsharesoutstandingbasic": 110000,
        "weightedaveragenumberofdilutedsharesoutstanding": 460000,
        "commonstockdividendspersharedeclared": 0.615,
        "interestcostscapitalized": 3806000
    },
    {
        "date": "2016-06-29",
        "symbol": "OKE",
        "period": "Q2",
        "profitloss": 85944000,
        "othercomprehensiveincomeunrealizedgainlossonderivativesarisingduringperiodnetoftax": -73923000,
        "othercomprehensiveincomelossreclassificationadjustmentfromaocionderivativesnetoftax": 2101000,
        "othercomprehensiveincomelosspensionandotherpostretirementbenefitplansadjustmentnetoftax": -1552000,
        "othercomprehensiveincomelossportionattributabletoequitymethodinvestmentsnetoftax": -4714000,
        "othercomprehensiveincomelossnetoftax": -60507000,
        "comprehensiveincomenetoftaxincludingportionattributabletononcontrollinginterest": 94720000,
        "comprehensiveincomenetoftaxattributabletononcontrollinginterest": 33408000,
        "comprehensiveincomenetoftax": 61312000,
        "othercomprehensiveincomeunrealizedgainlossonderivativesarisingduringperiodtax": -13295000,
        "othercomprehensiveincomelossreclassificationadjustmentfromaocionderivativestax": 1193000,
        "othercomprehensiveincomelosspensionandotherpostretirementbenefitplanstax": -1035000,
        "othercomprehensiveincomelossportionattributabletoequitymethodinvestmentstax": -848000,
        "salesrevenuegoodsnet": 1633272000,
        "salesrevenueservicesnet": 500835000,
        "revenues": -302714000,
        "costofrevenue": -303014000,
        "operationsandmaintenance": 167667000,
        "depreciationdepletionandamortization": 740000,
        "taxesexcludingincomeandexcisetaxes": 24172000,
        "gainlossonsaleofpropertyplantequipment": 1000,
        "operatingincomeloss": -10016000,
        "incomelossfromequitymethodinvestments": 15892000,
        "publicutilitiesallowanceforfundsusedduringconstructioncapitalizedcostofequity": 0,
        "othernonoperatingincome": 4804000,
        "othernonoperatingexpense": 941000,
        "interestexpense": 118976000,
        "incomelossfromcontinuingoperationsbeforeincometaxesextraordinaryitemsnoncontrollinginterest": 232544000,
        "incometaxexpensebenefit": 52458000,
        "incomelossfromcontinuingoperationsincludingportionattributabletononcontrollinginterest": 180086000,
        "incomelossfromdiscontinuedoperationsnetoftax": -227000,
        "netincomelossattributabletononcontrollinginterest": 93915000,
        "netincomeloss": 85944000,
        "incomelossfromcontinuingoperations": 86171000,
        "incomelossfromdiscontinuedoperationsnetoftaxattributabletoreportingentity": -227000,
        "incomelossfromcontinuingoperationsperbasicshare": 0.41000000000000003,
        "earningspersharebasic": 0.4,
        "incomelossfromcontinuingoperationsperdilutedshare": 0.41000000000000003,
        "earningspersharediluted": 0.4,
        "weightedaveragenumberofsharesoutstandingbasic": 147000,
        "weightedaveragenumberofdilutedsharesoutstanding": 592000,
        "commonstockdividendspersharedeclared": 0.615,
        "interestcostscapitalized": 2572000
    },
    {
        "date": "2016-03-30",
        "symbol": "OKE",
        "period": "Q1",
        "profitloss": 83446000,
        "othercomprehensiveincomeunrealizedgainlossonderivativesarisingduringperiodnetoftax": -16894000,
        "othercomprehensiveincomelossreclassificationadjustmentfromaocionderivativesnetoftax": 2245000,
        "othercomprehensiveincomelosspensionandotherpostretirementbenefitplansadjustmentnetoftax": -1553000,
        "othercomprehensiveincomelossportionattributabletoequitymethodinvestmentsnetoftax": -4917000,
        "othercomprehensiveincomelossnetoftax": -21411000,
        "comprehensiveincomenetoftaxincludingportionattributabletononcontrollinginterest": 146176000,
        "comprehensiveincomenetoftaxattributabletononcontrollinginterest": 70102000,
        "comprehensiveincomenetoftax": 76074000,
        "othercomprehensiveincomeunrealizedgainlossonderivativesarisingduringperiodtax": -3039000,
        "othercomprehensiveincomelossreclassificationadjustmentfromaocionderivativestax": 1276000,
        "othercomprehensiveincomelosspensionandotherpostretirementbenefitplanstax": -1035000,
        "othercomprehensiveincomelossportionattributabletoequitymethodinvestmentstax": -884000,
        "salesrevenuegoodsnet": 1283511000,
        "salesrevenueservicesnet": 490948000,
        "revenues": -230915000,
        "costofrevenue": -231444000,
        "operationsandmaintenance": 155145000,
        "depreciationdepletionandamortization": 742000,
        "taxesexcludingincomeandexcisetaxes": 21870000,
        "gainlossonsaleofpropertyplantequipment": 61000,
        "operatingincomeloss": -6866000,
        "incomelossfromequitymethodinvestments": 16752000,
        "publicutilitiesallowanceforfundsusedduringconstructioncapitalizedcostofequity": 208000,
        "othernonoperatingincome": 305000,
        "othernonoperatingexpense": 637000,
        "interestexpense": 118247000,
        "incomelossfromcontinuingoperationsbeforeincometaxesextraordinaryitemsnoncontrollinginterest": 225977000,
        "incometaxexpensebenefit": 50066000,
        "incomelossfromcontinuingoperationsincludingportionattributabletononcontrollinginterest": 175911000,
        "incomelossfromdiscontinuedoperationsnetoftax": -952000,
        "netincomelossattributabletononcontrollinginterest": 91513000,
        "netincomeloss": 83446000,
        "incomelossfromcontinuingoperations": 84398000,
        "incomelossfromdiscontinuedoperationsnetoftaxattributabletoreportingentity": -952000,
        "incomelossfromcontinuingoperationsperbasicshare": 0.4,
        "earningspersharebasic": 0.4,
        "incomelossfromcontinuingoperationsperdilutedshare": 0.4,
        "earningspersharediluted": 0.4,
        "weightedaveragenumberofsharesoutstandingbasic": 210781000,
        "weightedaveragenumberofdilutedsharesoutstanding": 211071000,
        "commonstockdividendspersharedeclared": 0.615,
        "interestcostscapitalized": 2887000
    },
    {
        "date": "2015-12-30",
        "symbol": "OKE",
        "period": "Q4",
        "profitloss": 25515000,
        "othercomprehensiveincomeunrealizedgainlossonderivativesarisingduringperiodnetoftax": 20513000,
        "othercomprehensiveincomelossreclassificationadjustmentfromaocionderivativesnetoftax": 5509000,
        "othercomprehensiveincomelosspensionandotherpostretirementbenefitplansadjustmentnetoftax": -5412000,
        "othercomprehensiveincomelossnetoftax": 560000,
        "comprehensiveincomenetoftaxincludingportionattributabletononcontrollinginterest": -18786000,
        "comprehensiveincomenetoftaxattributabletononcontrollinginterest": -53171000,
        "comprehensiveincomenetoftax": 34385000,
        "othercomprehensiveincomeunrealizedgainlossonderivativesarisingduringperiodtax": 3689000,
        "othercomprehensiveincomelossreclassificationadjustmentfromaocionderivativestax": 3194000,
        "othercomprehensiveincomelosspensionandotherpostretirementbenefitplanstax": -3690000,
        "salesrevenuegoodsnet": 1456023000,
        "salesrevenueservicesnet": 474879000,
        "revenues": -265260000,
        "costofrevenue": -5295068000,
        "operationsandmaintenance": 163569000,
        "depreciationdepletionandamortization": 746000,
        "taxesexcludingincomeandexcisetaxes": 21217000,
        "operatingincomeloss": -112000,
        "incomelossfromequitymethodinvestments": 16632000,
        "publicutilitiesallowanceforfundsusedduringconstructioncapitalizedcostofequity": 461000,
        "othernonoperatingincome": 119000,
        "othernonoperatingexpense": -2994000,
        "interestexpense": 110730000,
        "incomelossfromcontinuingoperationsbeforeincometaxesextraordinaryitemsnoncontrollinginterest": -13627000,
        "incometaxexpensebenefit": 12652000,
        "incomelossfromcontinuingoperationsincludingportionattributabletononcontrollinginterest": -26279000,
        "incomelossfromdiscontinuedoperationsnetoftax": -1937000,
        "netincomelossattributabletononcontrollinginterest": -53731000,
        "netincomeloss": 25515000,
        "incomelossfromcontinuingoperations": 27452000,
        "incomelossfromdiscontinuedoperationsnetoftaxattributabletoreportingentity": -1937000,
        "incomelossfromcontinuingoperationsperbasicshare": 0.13,
        "earningspersharebasic": 0.13,
        "incomelossfromcontinuingoperationsperdilutedshare": 0.13,
        "earningspersharediluted": 0.12,
        "weightedaveragenumberofsharesoutstandingbasic": 70000,
        "weightedaveragenumberofdilutedsharesoutstanding": 32000,
        "commonstockdividendspersharedeclared": 0.6150000000000002,
        "interestcostscapitalized": 10564000
    },
    {
        "date": "2015-09-29",
        "symbol": "OKE",
        "period": "Q3",
        "profitloss": 82157000,
        "othercomprehensiveincomeunrealizedgainlossonderivativesarisingduringperiodnetoftax": 14840000,
        "othercomprehensiveincomelossreclassificationadjustmentfromaocionderivativesnetoftax": 5109000,
        "othercomprehensiveincomelosspensionandotherpostretirementbenefitplansadjustmentnetoftax": -2441000,
        "othercomprehensiveincomelossnetoftax": 2800000,
        "comprehensiveincomenetoftaxincludingportionattributabletononcontrollinginterest": 162860000,
        "comprehensiveincomenetoftaxattributabletononcontrollinginterest": 81481000,
        "comprehensiveincomenetoftax": 81379000,
        "othercomprehensiveincomeunrealizedgainlossonderivativesarisingduringperiodtax": 1109000,
        "othercomprehensiveincomelossreclassificationadjustmentfromaocionderivativestax": 2957000,
        "othercomprehensiveincomelosspensionandotherpostretirementbenefitplanstax": -1599000,
        "salesrevenuegoodsnet": 1484350000,
        "salesrevenueservicesnet": 414596000,
        "revenues": -229841000,
        "costofrevenue": 1360809000,
        "grossprofit": 341000,
        "operationsandmaintenance": 146979000,
        "depreciationdepletionandamortization": 782000,
        "taxesexcludingincomeandexcisetaxes": 17198000,
        "operatingexpenses": 252476000,
        "operatingincomeloss": -2601000,
        "incomelossfromequitymethodinvestments": 16982000,
        "publicutilitiesallowanceforfundsusedduringconstructioncapitalizedcostofequity": 177000,
        "othernonoperatingincome": -2421000,
        "othernonoperatingexpense": 5016000,
        "interestexpense": 106923000,
        "incomelossfromcontinuingoperationsbeforeincometaxesextraordinaryitemsnoncontrollinginterest": 202996000,
        "incometaxexpensebenefit": 38298000,
        "incomelossfromcontinuingoperationsincludingportionattributabletononcontrollinginterest": 164698000,
        "incomelossfromdiscontinuedoperationsnetoftax": -3860000,
        "netincomelossattributabletononcontrollinginterest": 78681000,
        "netincomeloss": 82157000,
        "incomelossfromcontinuingoperations": 86017000,
        "incomelossfromdiscontinuedoperationsnetoftaxattributabletoreportingentity": -3860000,
        "incomelossfromcontinuingoperationsperbasicshare": 0.41,
        "earningspersharebasic": 0.38999999999999996,
        "incomelossfromcontinuingoperationsperdilutedshare": 0.41,
        "earningspersharediluted": 0.38999999999999996,
        "weightedaveragenumberofsharesoutstandingbasic": 79000,
        "weightedaveragenumberofdilutedsharesoutstanding": 23000,
        "commonstockdividendspersharedeclared": 0.605,
        "interestcostscapitalized": 8851000
    },
    {
        "date": "2015-06-29",
        "symbol": "OKE",
        "period": "Q2",
        "profitloss": 76505000,
        "othercomprehensiveincomeunrealizedgainlossonderivativesarisingduringperiodnetoftax": 15255000,
        "othercomprehensiveincomelossreclassificationadjustmentfromaocionderivativesnetoftax": 2518000,
        "othercomprehensiveincomeunrealizedholdinggainlossonsecuritiesarisingduringperiodnetoftax": 0,
        "othercomprehensiveincomelosspensionandotherpostretirementbenefitplansadjustmentnetoftax": -2441000,
        "othercomprehensiveincomelossnetoftax": 2097000,
        "comprehensiveincomenetoftaxincludingportionattributabletononcontrollinginterest": 157535000,
        "comprehensiveincomenetoftaxattributabletononcontrollinginterest": 76472000,
        "comprehensiveincomenetoftax": 81063000,
        "othercomprehensiveincomeunrealizedgainlossonderivativesarisingduringperiodtax": 2726000,
        "othercomprehensiveincomelossreclassificationadjustmentfromaocionderivativestax": 1439000,
        "othercomprehensiveincomeunrealizedholdinggainlossonsecuritiesarisingduringperiodtax": 0,
        "othercomprehensiveincomelosspensionandotherpostretirementbenefitplanstax": -1600000,
        "salesrevenuegoodsnet": 1722254000,
        "salesrevenueservicesnet": 405798000,
        "revenues": -260997000,
        "costofrevenue": 1603093000,
        "grossprofit": 334000,
        "operationsandmaintenance": 140869000,
        "depreciationdepletionandamortization": 788000,
        "taxesexcludingincomeandexcisetaxes": 24481000,
        "operatingexpenses": 252337000,
        "gainlossonsaleofpropertyplantequipment": 0,
        "operatingincomeloss": 397000,
        "incomelossfromequitymethodinvestments": 15425000,
        "publicutilitiesallowanceforfundsusedduringconstructioncapitalizedcostofequity": 742000,
        "othernonoperatingincome": -466000,
        "othernonoperatingexpense": 1434000,
        "interestexpense": 102384000,
        "incomelossfromcontinuingoperationsbeforeincometaxesextraordinaryitemsnoncontrollinginterest": 199242000,
        "incometaxexpensebenefit": 48222000,
        "incomelossfromcontinuingoperationsincludingportionattributabletononcontrollinginterest": 151020000,
        "incomelossfromdiscontinuedoperationsnetoftax": -140000,
        "netincomelossattributabletononcontrollinginterest": 74375000,
        "netincomeloss": 76505000,
        "incomelossfromcontinuingoperations": 76645000,
        "incomelossfromdiscontinuedoperationsnetoftaxattributabletoreportingentity": -140000,
        "incomelossfromcontinuingoperationsperbasicshare": 0.36000000000000004,
        "earningspersharebasic": 0.36000000000000004,
        "incomelossfromcontinuingoperationsperdilutedshare": 0.36000000000000004,
        "earningspersharediluted": 0.36000000000000004,
        "weightedaveragenumberofsharesoutstandingbasic": 185000,
        "weightedaveragenumberofdilutedsharesoutstanding": 19000,
        "commonstockdividendspersharedeclared": 0.605,
        "interestcostscapitalized": 9927000
    },
    {
        "date": "2015-03-30",
        "symbol": "OKE",
        "period": "Q1",
        "profitloss": 60800000,
        "othercomprehensiveincomeunrealizedgainlossonderivativesarisingduringperiodnetoftax": -10878000,
        "othercomprehensiveincomelossreclassificationadjustmentfromaocionderivativesnetoftax": 2158000,
        "othercomprehensiveincomeunrealizedholdinggainlossonsecuritiesarisingduringperiodnetoftax": -955000,
        "othercomprehensiveincomelosspensionandotherpostretirementbenefitplansadjustmentnetoftax": -2438000,
        "othercomprehensiveincomelossnetoftax": -15086000,
        "comprehensiveincomenetoftaxincludingportionattributabletononcontrollinginterest": 77068000,
        "comprehensiveincomenetoftaxattributabletononcontrollinginterest": 19807000,
        "comprehensiveincomenetoftax": 57261000,
        "othercomprehensiveincomeunrealizedgainlossonderivativesarisingduringperiodtax": -1679000,
        "othercomprehensiveincomelossreclassificationadjustmentfromaocionderivativestax": 1225000,
        "othercomprehensiveincomeunrealizedholdinggainlossonsecuritiesarisingduringperiodtax": -648000,
        "othercomprehensiveincomelosspensionandotherpostretirementbenefitplanstax": -1599000,
        "salesrevenuegoodsnet": 1435716000,
        "salesrevenueservicesnet": 369590000,
        "revenues": -229958000,
        "costofrevenue": 1343864000,
        "grossprofit": 400000,
        "operationsandmaintenance": 154331000,
        "depreciationdepletionandamortization": 108000,
        "taxesexcludingincomeandexcisetaxes": 24687000,
        "operatingexpenses": 264973000,
        "gainlossonsaleofpropertyplantequipment": 1000,
        "operatingincomeloss": -29000,
        "incomelossfromequitymethodinvestments": 19702000,
        "publicutilitiesallowanceforfundsusedduringconstructioncapitalizedcostofequity": 799000,
        "othernonoperatingincome": 3136000,
        "othernonoperatingexpense": 1304000,
        "interestexpense": 96750000,
        "incomelossfromcontinuingoperationsbeforeincometaxesextraordinaryitemsnoncontrollinginterest": 133265000,
        "incometaxexpensebenefit": 37428000,
        "incomelossfromcontinuingoperationsincludingportionattributabletononcontrollinginterest": 95837000,
        "incomelossfromdiscontinuedoperationsnetoftax": -144000,
        "netincomelossattributabletononcontrollinginterest": 34893000,
        "netincomeloss": 60800000,
        "incomelossfromcontinuingoperations": 60944000,
        "incomelossfromdiscontinuedoperationsnetoftaxattributabletoreportingentity": -144000,
        "incomelossfromcontinuingoperationsperbasicshare": 0.29,
        "earningspersharebasic": 0.29,
        "incomelossfromcontinuingoperationsperdilutedshare": 0.29,
        "earningspersharediluted": 0.29,
        "weightedaveragenumberofsharesoutstandingbasic": 209874000,
        "weightedaveragenumberofdilutedsharesoutstanding": 210467000,
        "commonstockdividendspersharedeclared": 0.605,
        "interestcostscapitalized": 7230000
    },
    {
        "date": "2014-12-30",
        "symbol": "OKE",
        "period": "Q4",
        "profitloss": 94544000,
        "othercomprehensiveincomeunrealizedgainlossonderivativesarisingduringperiodnetoftax": 14320000,
        "othercomprehensiveincomelossreclassificationadjustmentfromaocionderivativesnetoftax": 18444000,
        "othercomprehensiveincomeunrealizedholdinggainlossonsecuritiesarisingduringperiodnetoftax": 104000,
        "othercomprehensiveincomelosspensionandotherpostretirementbenefitplansadjustmentnetoftax": 28482000,
        "othercomprehensiveincomelossnetoftax": -33345000,
        "comprehensiveincomenetoftaxincludingportionattributabletononcontrollinginterest": 177801000,
        "comprehensiveincomenetoftaxattributabletononcontrollinginterest": 111954000,
        "comprehensiveincomenetoftax": 65847000,
        "othercomprehensiveincomeunrealizedgainlossonderivativesarisingduringperiodtax": 2635000,
        "othercomprehensiveincomelossreclassificationadjustmentfromaocionderivativestax": 868000,
        "othercomprehensiveincomeunrealizedholdinggainlossonsecuritiesarisingduringperiodtax": 70000,
        "othercomprehensiveincomelosspensionandotherpostretirementbenefitplanstax": 21160000,
        "salesrevenuegoodsnet": 2448648000,
        "salesrevenueservicesnet": 396120000,
        "revenues": -2085354000,
        "costofrevenue": 2281273000,
        "grossprofit": -257348000,
        "operationsandmaintenance": 165686000,
        "depreciationdepletionandamortization": -29175000,
        "taxesexcludingincomeandexcisetaxes": 15573000,
        "operatingexpenses": 261814000,
        "gainlossonsaleofpropertyplantequipment": 738000,
        "operatingincomeloss": -91620000,
        "incomelossfromequitymethodinvestments": 16161000,
        "publicutilitiesallowanceforfundsusedduringconstructioncapitalizedcostofequity": 990000,
        "othernonoperatingincome": 2481000,
        "othernonoperatingexpense": 1246000,
        "interestexpense": 86459000,
        "incomelossfromcontinuingoperationsbeforeincometaxesextraordinaryitemsnoncontrollinginterest": 256769000,
        "incometaxexpensebenefit": 56003000,
        "incomelossfromcontinuingoperationsincludingportionattributabletononcontrollinginterest": 200766000,
        "incomelossfromdiscontinuedoperationsnetoftax": 0,
        "netincomelossattributabletononcontrollinginterest": 107021000,
        "netincomeloss": 94544000,
        "incomelossfromcontinuingoperations": 93745000,
        "incomelossfromdiscontinuedoperationsnetoftaxattributabletoreportingentity": 799000,
        "incomelossfromcontinuingoperationsperbasicshare": 0.4499999999999999,
        "incomelossfromdiscontinuedoperationsnetoftaxperbasicshare": 1.734723475976807e-18,
        "earningspersharebasic": 0.4499999999999999,
        "incomelossfromcontinuingoperationsperdilutedshare": 0.4499999999999999,
        "incomelossfromdiscontinuedoperationsnetoftaxperdilutedshare": 1.734723475976807e-18,
        "earningspersharediluted": 0.4499999999999999,
        "weightedaveragenumberofsharesoutstandingbasic": 50000,
        "weightedaveragenumberofdilutedsharesoutstanding": -55000,
        "interestcostscapitalized": 13367000
    },
    {
        "date": "2014-09-29",
        "symbol": "OKE",
        "period": "Q3",
        "profitloss": 64458000,
        "othercomprehensiveincomeunrealizedgainlossonderivativesarisingduringperiodnetoftax": 6219000,
        "othercomprehensiveincomelossreclassificationadjustmentfromaocionderivativesnetoftax": -3133000,
        "othercomprehensiveincomeunrealizedholdinggainlossonsecuritiesarisingduringperiodnetoftax": 107000,
        "othercomprehensiveincomelosspensionandotherpostretirementbenefitplansadjustmentnetoftax": -2185000,
        "othercomprehensiveincomelossnetoftax": 5471000,
        "comprehensiveincomenetoftaxincludingportionattributabletononcontrollinginterest": 125924000,
        "comprehensiveincomenetoftaxattributabletononcontrollinginterest": 55995000,
        "comprehensiveincomenetoftax": 69929000,
        "othercomprehensiveincomeunrealizedgainlossonderivativesarisingduringperiodtax": 1160000,
        "othercomprehensiveincomelossreclassificationadjustmentfromaocionderivativestax": -747000,
        "othercomprehensiveincomeunrealizedholdinggainlossonsecuritiesarisingduringperiodtax": 73000,
        "othercomprehensiveincomelosspensionandotherpostretirementbenefitplanstax": -1456000,
        "salesrevenuegoodsnet": 2754495000,
        "salesrevenueservicesnet": 365650000,
        "revenues": 182400000,
        "costofrevenue": 2583204000,
        "grossprofit": 135300000,
        "operationsandmaintenance": 153408000,
        "depreciationdepletionandamortization": 21049000,
        "taxesexcludingincomeandexcisetaxes": 19087000,
        "operatingexpenses": 247083000,
        "gainlossonsaleofpropertyplantequipment": -525000,
        "operatingincomeloss": 13400000,
        "incomelossfromequitymethodinvestments": 43712000,
        "publicutilitiesallowanceforfundsusedduringconstructioncapitalizedcostofequity": 1723000,
        "othernonoperatingincome": -1505000,
        "othernonoperatingexpense": 901000,
        "interestexpense": 86052000,
        "incomelossfromcontinuingoperationsbeforeincometaxesextraordinaryitemsnoncontrollinginterest": 152310000,
        "incometaxexpensebenefit": 37858000,
        "incomelossfromcontinuingoperationsincludingportionattributabletononcontrollinginterest": 114452000,
        "incomelossfromdiscontinuedoperationsnetoftax": 17706000,
        "netincomelossattributabletononcontrollinginterest": 49823000,
        "netincomeloss": 64458000,
        "incomelossfromcontinuingoperations": 64629000,
        "incomelossfromdiscontinuedoperationsnetoftaxattributabletoreportingentity": -171000,
        "incomelossfromcontinuingoperationsperbasicshare": 0.31,
        "incomelossfromdiscontinuedoperationsnetoftaxperbasicshare": 1.734723475976807e-18,
        "earningspersharebasic": 0.31,
        "incomelossfromcontinuingoperationsperdilutedshare": 0.3,
        "incomelossfromdiscontinuedoperationsnetoftaxperdilutedshare": 1.734723475976807e-18,
        "earningspersharediluted": 0.3,
        "weightedaveragenumberofsharesoutstandingbasic": -209192000,
        "weightedaveragenumberofdilutedsharesoutstanding": -210200000,
        "commonstockdividendspersharecashpaid": 0.5749999999999998,
        "interestcostscapitalized": 14303000
    },
    {
        "date": "2014-06-29",
        "symbol": "OKE",
        "period": "Q2",
        "profitloss": 61590000,
        "othercomprehensiveincomeunrealizedgainlossonderivativesarisingduringperiodnetoftax": -28920000,
        "othercomprehensiveincomelossreclassificationadjustmentfromaocionderivativesnetoftax": -7511000,
        "othercomprehensiveincomeunrealizedholdinggainlossonsecuritiesarisingduringperiodnetoftax": -37000,
        "othercomprehensiveincomelosspensionandotherpostretirementbenefitplansadjustmentnetoftax": -2033000,
        "othercomprehensiveincomelossnetoftax": -3214000,
        "comprehensiveincomenetoftaxincludingportionattributabletononcontrollinginterest": 121338000,
        "comprehensiveincomenetoftaxattributabletononcontrollinginterest": 62962000,
        "comprehensiveincomenetoftax": 58376000,
        "othercomprehensiveincomeunrealizedgainlossonderivativesarisingduringperiodtax": -3596000,
        "othercomprehensiveincomelossreclassificationadjustmentfromaocionderivativestax": -1202000,
        "othercomprehensiveincomeunrealizedholdinggainlossonsecuritiesarisingduringperiodtax": -25000,
        "othercomprehensiveincomelosspensionandotherpostretirementbenefitplanstax": -1356000,
        "salesrevenuegoodsnet": 2715109000,
        "salesrevenueservicesnet": 351773000,
        "revenues": 153300000,
        "costofrevenue": 2571402000,
        "grossprofit": 59500000,
        "operationsandmaintenance": 153323000,
        "depreciationdepletionandamortization": 10895000,
        "taxesexcludingincomeandexcisetaxes": 18699000,
        "operatingexpenses": 244149000,
        "gainlossonsaleofpropertyplantequipment": 1000,
        "operatingincomeloss": 26100000,
        "incomelossfromequitymethodinvestments": 4459000,
        "publicutilitiesallowanceforfundsusedduringconstructioncapitalizedcostofequity": 1253000,
        "othernonoperatingincome": 3213000,
        "othernonoperatingexpense": 1392000,
        "interestexpense": 88751000,
        "incomelossfromcontinuingoperationsbeforeincometaxesextraordinaryitemsnoncontrollinginterest": 191073000,
        "incometaxexpensebenefit": 42313000,
        "incomelossfromcontinuingoperationsincludingportionattributabletononcontrollinginterest": 148760000,
        "incomelossfromdiscontinuedoperationsnetoftax": -7161000,
        "netincomelossattributabletononcontrollinginterest": 79161000,
        "netincomeloss": 61590000,
        "incomelossfromcontinuingoperations": 69599000,
        "incomelossfromdiscontinuedoperationsnetoftaxattributabletoreportingentity": -8009000,
        "incomelossfromcontinuingoperationsperbasicshare": 0.33,
        "incomelossfromdiscontinuedoperationsnetoftaxperbasicshare": -0.04,
        "earningspersharebasic": 0.29,
        "incomelossfromcontinuingoperationsperdilutedshare": 0.33,
        "incomelossfromdiscontinuedoperationsnetoftaxperdilutedshare": -0.04,
        "earningspersharediluted": 0.29,
        "weightedaveragenumberofsharesoutstandingbasic": 209403000,
        "weightedaveragenumberofdilutedsharesoutstanding": 210516000,
        "commonstockdividendspersharecashpaid": 0.56,
        "interestcostscapitalized": 11375000
    },
    {
        "date": "2014-03-30",
        "symbol": "OKE",
        "period": "Q1",
        "profitloss": 93515000,
        "othercomprehensiveincomeunrealizedgainlossonderivativesarisingduringperiodnetoftax": -49926000,
        "othercomprehensiveincomelossreclassificationadjustmentfromaocionderivativesnetoftax": -29844000,
        "othercomprehensiveincomeunrealizedholdinggainlossonsecuritiesarisingduringperiodnetoftax": -76000,
        "othercomprehensiveincomelosspensionandotherpostretirementbenefitplansadjustmentnetoftax": -3851000,
        "othercomprehensiveincomelossnetoftax": 8685000,
        "comprehensiveincomenetoftaxincludingportionattributabletononcontrollinginterest": 197887000,
        "comprehensiveincomenetoftaxattributabletononcontrollinginterest": 95687000,
        "comprehensiveincomenetoftax": 102200000,
        "othercomprehensiveincomeunrealizedgainlossonderivativesarisingduringperiodtax": -10228000,
        "othercomprehensiveincomelossreclassificationadjustmentfromaocionderivativestax": -7896000,
        "othercomprehensiveincomeunrealizedholdinggainlossonsecuritiesarisingduringperiodtax": -12000,
        "othercomprehensiveincomelosspensionandotherpostretirementbenefitplanstax": -2567000,
        "salesrevenuegoodsnet": 2806729000,
        "salesrevenueservicesnet": 356567000,
        "revenues": 81300000,
        "costofrevenue": 2652669000,
        "grossprofit": 68600000,
        "operationsandmaintenance": 126726000,
        "depreciationdepletionandamortization": 679000,
        "taxesexcludingincomeandexcisetaxes": 22385000,
        "operatingexpenses": 216525000,
        "gainlossonsaleofpropertyplantequipment": -48000,
        "operatingincomeloss": 45100000,
        "incomelossfromequitymethodinvestments": 5486000,
        "publicutilitiesallowanceforfundsusedduringconstructioncapitalizedcostofequity": 10971000,
        "othernonoperatingincome": 1409000,
        "othernonoperatingexpense": 25534000,
        "interestexpense": 94901000,
        "incomelossfromcontinuingoperationsbeforeincometaxesextraordinaryitemsnoncontrollinginterest": 219721000,
        "incometaxexpensebenefit": 14984000,
        "incomelossfromcontinuingoperationsincludingportionattributabletononcontrollinginterest": 204737000,
        "incomelossfromdiscontinuedoperationsnetoftax": -7966000,
        "netincomelossattributabletononcontrollinginterest": 112996000,
        "netincomeloss": 93515000,
        "incomelossfromcontinuingoperations": 91741000,
        "incomelossfromdiscontinuedoperationsnetoftaxattributabletoreportingentity": 1774000,
        "incomelossfromcontinuingoperationsperbasicshare": 0.44,
        "incomelossfromdiscontinuedoperationsnetoftaxperbasicshare": 0.01,
        "earningspersharebasic": 0.45,
        "incomelossfromcontinuingoperationsperdilutedshare": 0.44,
        "incomelossfromdiscontinuedoperationsnetoftaxperdilutedshare": 0.01,
        "earningspersharediluted": 0.45,
        "weightedaveragenumberofsharesoutstandingbasic": 209130000,
        "weightedaveragenumberofdilutedsharesoutstanding": 210166000,
        "commonstockdividendspersharecashpaid": 0.4,
        "interestcostscapitalized": 15768000
    },
    {
        "date": "2013-12-30",
        "symbol": "OKE",
        "period": "Q4",
        "profitloss": 90737000,
        "othercomprehensiveincomeunrealizedgainlossonderivativesarisingduringperiodnetoftax": -11486000,
        "othercomprehensiveincomelossreclassificationadjustmentonderivativesincludedinnetincomenetoftax": -4549000,
        "othercomprehensiveincomeunrealizedholdinggainlossonsecuritiesarisingduringperiodnetoftax": 57000,
        "othercomprehensiveincomelosspensionandotherpostretirementbenefitplansadjustmentnetoftax": -34260000,
        "othercomprehensiveincomelossnetoftax": 18809000,
        "comprehensiveincomenetoftaxincludingportionattributabletononcontrollinginterest": 280629000,
        "comprehensiveincomenetoftaxattributabletononcontrollinginterest": 92387000,
        "comprehensiveincomenetoftax": 188242000,
        "othercomprehensiveincomeunrealizedgainlossonderivativesarisingduringperiodtax": -4775000,
        "othercomprehensiveincomelossreclassificationadjustmentonderivativesincludedinnetincometax": -157000,
        "othercomprehensiveincomeunrealizedholdinggainlossonsecuritiesarisingduringperiodtax": -15000,
        "othercomprehensiveincomelosspensionandotherpostretirementbenefitplanstax": -38785000,
        "revenues": 222800000,
        "costofrevenue": 3488457000,
        "grossprofit": 154700000,
        "operationsandmaintenance": 236210000,
        "depreciationdepletionandamortization": 203135000,
        "operatingexpenses": 368572000,
        "operatingincomeloss": 85000000,
        "incomelossfromequitymethodinvestments": 30773000,
        "publicutilitiesallowanceforfundsusedduringconstructioncapitalizedcostofequity": 9350000,
        "othernonoperatingincome": 7831000,
        "othernonoperatingexpense": 13228000,
        "interestexpense": 90130000,
        "incomelossfromcontinuingoperationsbeforeincometaxesextraordinaryitemsnoncontrollinginterest": 239217000,
        "incometaxexpensebenefit": 55154000,
        "incomelossfromcontinuingoperationsincludingportionattributabletononcontrollinginterest": 184063000,
        "netincomelossattributabletononcontrollinginterest": 93326000,
        "netincomeloss": 90737000,
        "incomelossfromcontinuingoperations": 90737000,
        "weightedaveragenumberofsharesoutstandingbasic": -206002000,
        "weightedaveragenumberofdilutedsharesoutstanding": -209364000,
        "interestcostscapitalized": 18572000
    },
    {
        "date": "2013-09-29",
        "symbol": "OKE",
        "period": "Q3",
        "profitloss": 62356000,
        "othercomprehensiveincomeunrealizedgainlossonderivativesarisingduringperiodnetoftax": -2542000,
        "othercomprehensiveincomelossreclassificationadjustmentonderivativesincludedinnetincomenetoftax": 528000,
        "othercomprehensiveincomeunrealizedholdinggainlossonsecuritiesarisingduringperiodnetoftax": -440000,
        "othercomprehensiveincomelosspensionandotherpostretirementbenefitplansadjustmentnetoftax": 7293000,
        "othercomprehensiveincomelossnetoftax": -1964000,
        "comprehensiveincomenetoftaxincludingportionattributabletononcontrollinginterest": 138212000,
        "comprehensiveincomenetoftaxattributabletononcontrollinginterest": 83378000,
        "comprehensiveincomenetoftax": 54834000,
        "othercomprehensiveincomeunrealizedgainlossonderivativesarisingduringperiodtax": 467000,
        "othercomprehensiveincomelossreclassificationadjustmentonderivativesincludedinnetincometax": 333000,
        "othercomprehensiveincomeunrealizedholdinggainlossonsecuritiesarisingduringperiodtax": -227000,
        "othercomprehensiveincomelosspensionandotherpostretirementbenefitplanstax": -4603000,
        "revenues": 204600000,
        "costofrevenue": 3010737000,
        "grossprofit": 142300000,
        "operationsandmaintenance": 209019000,
        "depreciationdepletionandamortization": 32347000,
        "taxesexcludingincomeandexcisetaxes": 27843000,
        "operatingexpenses": 331129000,
        "gainlossonsaleofpropertyplantequipment": 22000,
        "operatingincomeloss": 76000000,
        "incomelossfromequitymethodinvestments": 27468000,
        "publicutilitiesallowanceforfundsusedduringconstructioncapitalizedcostofequity": 6429000,
        "othernonoperatingincome": 6154000,
        "othernonoperatingexpense": 1077000,
        "interestexpense": 81908000,
        "incomelossfromcontinuingoperationsbeforeincometaxesextraordinaryitemsnoncontrollinginterest": 187147000,
        "incometaxexpensebenefit": 39449000,
        "incomelossfromcontinuingoperationsincludingportionattributabletononcontrollinginterest": 147698000,
        "netincomelossattributabletononcontrollinginterest": 85342000,
        "netincomeloss": 62356000,
        "incomelossfromcontinuingoperations": 62356000,
        "incomelossfromcontinuingoperationsperbasicshare": 0.3,
        "earningspersharebasic": 0.3,
        "incomelossfromcontinuingoperationsperdilutedshare": 0.3,
        "earningspersharediluted": 0.3,
        "weightedaveragenumberofsharesoutstandingbasic": 206235000,
        "weightedaveragenumberofdilutedsharesoutstanding": 209893000,
        "commonstockdividendspersharecashpaid": 0.38,
        "interestcostscapitalized": 14704000
    },
    {
        "date": "2013-06-29",
        "symbol": "OKE",
        "period": "Q2",
        "profitloss": 919000,
        "othercomprehensiveincomeunrealizedgainlossonderivativesarisingduringperiodnetoftax": 53289000,
        "othercomprehensiveincomelossreclassificationadjustmentonderivativesincludedinnetincomenetoftax": 3390000,
        "othercomprehensiveincomeunrealizedholdinggainlossonsecuritiesarisingduringperiodnetoftax": 268000,
        "othercomprehensiveincomelosspensionandotherpostretirementbenefitplansadjustmentnetoftax": 6882000,
        "othercomprehensiveincomelossnetoftax": 11183000,
        "comprehensiveincomenetoftaxincludingportionattributabletononcontrollinginterest": 122780000,
        "comprehensiveincomenetoftaxattributabletononcontrollinginterest": 110678000,
        "comprehensiveincomenetoftax": 12102000,
        "othercomprehensiveincomeunrealizedgainlossonderivativesarisingduringperiodtax": 5924000,
        "othercomprehensiveincomelossreclassificationadjustmentonderivativesincludedinnetincometax": 2614000,
        "othercomprehensiveincomeunrealizedholdinggainlossonsecuritiesarisingduringperiodtax": 92000,
        "othercomprehensiveincomelosspensionandotherpostretirementbenefitplanstax": -13756000,
        "revenues": 513815000,
        "costofrevenue": 2895847000,
        "grossprofit": -3674000,
        "operationsandmaintenance": 203293000,
        "depreciationdepletionandamortization": -53417000,
        "operatingexpenses": 325485000,
        "operatingincomeloss": 19364000,
        "incomelossfromequitymethodinvestments": 26421000,
        "publicutilitiesallowanceforfundsusedduringconstructioncapitalizedcostofequity": 5656000,
        "othernonoperatingincome": 3134000,
        "othernonoperatingexpense": 806000,
        "interestexpense": 81731000,
        "incomelossfromcontinuingoperationsbeforeincometaxesextraordinaryitemsnoncontrollinginterest": 80857000,
        "incometaxexpensebenefit": 1362000,
        "incomelossfromcontinuingoperationsincludingportionattributabletononcontrollinginterest": 79495000,
        "netincomelossattributabletononcontrollinginterest": 78576000,
        "netincomeloss": 919000,
        "incomelossfromcontinuingoperations": 919000,
        "incomelossfromcontinuingoperationsperbasicshare": 0,
        "earningspersharebasic": 0,
        "incomelossfromcontinuingoperationsperdilutedshare": 0,
        "earningspersharediluted": 0,
        "weightedaveragenumberofsharesoutstandingbasic": 332000,
        "weightedaveragenumberofdilutedsharesoutstanding": -292000,
        "interestcostscapitalized": 11631000
    },
    {
        "date": "2013-03-30",
        "symbol": "OKE",
        "period": "Q1",
        "profitloss": 112521000,
        "othercomprehensiveincomeunrealizedgainlossonderivativesarisingduringperiodnetoftax": -13652000,
        "othercomprehensiveincomelossreclassificationadjustmentonderivativesincludedinnetincomenetoftax": -7295000,
        "othercomprehensiveincomeunrealizedholdinggainlossonsecuritiesarisingduringperiodnetoftax": -62000,
        "othercomprehensiveincomelosspensionandotherpostretirementbenefitplansadjustmentnetoftax": 7462000,
        "othercomprehensiveincomelossnetoftax": -6355000,
        "comprehensiveincomenetoftaxincludingportionattributabletononcontrollinginterest": 151824000,
        "comprehensiveincomenetoftaxattributabletononcontrollinginterest": 45658000,
        "comprehensiveincomenetoftax": 106166000,
        "othercomprehensiveincomeunrealizedgainlossonderivativesarisingduringperiodtax": 3958000,
        "othercomprehensiveincomelossreclassificationadjustmentonderivativesincludedinnetincometax": -4695000,
        "othercomprehensiveincomeunrealizedholdinggainlossonsecuritiesarisingduringperiodtax": 38000,
        "othercomprehensiveincomelosspensionandotherpostretirementbenefitplanstax": 4708000,
        "revenues": -159515000,
        "costofrevenue": 2917993000,
        "grossprofit": 251674000,
        "operationsandmaintenance": 223603000,
        "depreciationdepletionandamortization": 54678000,
        "generaltaxes": 35820000,
        "operatingexpenses": 349644000,
        "gainlossondispositionofassets": 41000,
        "operatingincomeloss": 100636000,
        "incomelossfromequitymethodinvestments": 25855000,
        "publicutilitiesallowanceforfundsusedduringconstructioncapitalizedcostofequity": 9087000,
        "othernonoperatingincome": 7364000,
        "othernonoperatingexpense": 2596000,
        "interestexpense": 80437000,
        "incomelossfromcontinuingoperationsbeforeincometaxesextraordinaryitemsnoncontrollinginterest": 233122000,
        "incometaxexpensebenefit": 67417000,
        "incomelossfromcontinuingoperationsincludingportionattributabletononcontrollinginterest": 165705000,
        "netincomelossattributabletononcontrollinginterest": 53184000,
        "netincomeloss": 112521000,
        "incomelossfromcontinuingoperations": 112521000,
        "incomelossfromcontinuingoperationsperbasicshare": 0.55,
        "earningspersharebasic": 0.55,
        "incomelossfromcontinuingoperationsperdilutedshare": 0.54,
        "earningspersharediluted": 0.54,
        "weightedaveragenumberofsharesoutstandingbasic": 205479000,
        "weightedaveragenumberofdilutedsharesoutstanding": 209458000,
        "commonstockdividendspersharedeclared": 0.36,
        "interestcostscapitalized": 12868000
    },
    {
        "date": "2012-12-30",
        "symbol": "OKE",
        "period": "Q4",
        "profitloss": 111542000,
        "othercomprehensiveincomeunrealizedgainlossonderivativesarisingduringperiodnetoftax": 18306000,
        "othercomprehensiveincomereclassificationadjustmentonderivativesincludedinnetincomenetoftax": -4824000,
        "othercomprehensiveincomeunrealizedholdinggainlossonsecuritiesarisingduringperiodnetoftax": -163000,
        "othercomprehensiveincomedefinedbenefitplansadjustmentnetoftaxperiodincreasedecrease": 6632000,
        "othercomprehensiveincomelossnetoftaxperiodincreasedecrease": 23678000,
        "comprehensiveincomenetoftaxincludingportionattributabletononcontrollinginterest": 215463000,
        "comprehensiveincomenetoftaxattributabletononcontrollinginterest": 80243000,
        "comprehensiveincomenetoftax": 135220000,
        "othercomprehensiveincomeunrealizedgainlossonderivativesarisingduringperiodtax": -8455000,
        "othercomprehensiveincomereclassificationadjustmentonderivativesincludedinnetincometax": -2627000,
        "othercomprehensiveincomeunrealizedholdinggainlossonsecuritiesarisingduringperiodtax": 102000,
        "othercomprehensiveincomedefinedbenefitplanstax": -3955000,
        "revenues": 209100000,
        "costofrevenue": 3055604000,
        "grossprofit": 258300000,
        "operationsandmaintenance": 203032000,
        "depreciationdepletionandamortization": -19874000,
        "generaltaxes": 21420000,
        "operatingexpenses": 310867000,
        "gainlossondispositionofassets": 6133000,
        "operatingincomeloss": 193300000,
        "incomelossfromequitymethodinvestments": 30644000,
        "publicutilitiesallowanceforfundsusedduringconstructioncapitalizedcostofequity": 7522000,
        "othernonoperatingincome": 1009000,
        "othernonoperatingexpense": 935000,
        "interestexpense": 83591000,
        "incomelossfromcontinuingoperationsbeforeincometaxesextraordinaryitemsnoncontrollinginterest": 254235000,
        "incometaxexpensebenefit": 58360000,
        "incomelossfromcontinuingoperationsincludingportionattributabletononcontrollinginterest": 195875000,
        "netincomelossattributabletononcontrollinginterest": 84333000,
        "netincomeloss": 111542000,
        "incomelossfromcontinuingoperations": 111542000,
        "incomelossfromcontinuingoperationsperbasicshare": 0.5399999999999998,
        "earningspersharebasic": 0.5399999999999998,
        "incomelossfromcontinuingoperationsperdilutedshare": 0.5299999999999998,
        "earningspersharediluted": 0.53,
        "weightedaveragenumberofsharesoutstandingbasic": -498000,
        "weightedaveragenumberofdilutedsharesoutstanding": -488000,
        "commonstockdividendspersharedeclared": 0.33000000000000007
    },
    {
        "date": "2012-09-29",
        "symbol": "OKE",
        "period": "Q3",
        "profitloss": 65219000,
        "othercomprehensiveincomeunrealizedgainlossonderivativesarisingduringperiodnetoftax": -30419000,
        "othercomprehensiveincomereclassificationadjustmentonderivativesincludedinnetincomenetoftax": -20939000,
        "othercomprehensiveincomeunrealizedholdinggainlossonsecuritiesarisingduringperiodnetoftax": 90000,
        "othercomprehensiveincomedefinedbenefitplansadjustmentnetoftaxperiodincreasedecrease": -5776000,
        "othercomprehensiveincomelossnetoftaxperiodincreasedecrease": -34836000,
        "comprehensiveincomenetoftaxincludingportionattributabletononcontrollinginterest": 107944000,
        "comprehensiveincomenetoftaxattributabletononcontrollinginterest": 77561000,
        "comprehensiveincomenetoftax": 30383000,
        "othercomprehensiveincomeunrealizedgainlossonderivativesarisingduringperiodtax": 12083000,
        "othercomprehensiveincomereclassificationadjustmentonderivativesincludedinnetincometax": 6119000,
        "othercomprehensiveincomeunrealizedholdinggainlossonsecuritiesarisingduringperiodtax": -56000,
        "othercomprehensiveincomedefinedbenefitplanstax": 3644000,
        "revenues": 181600000,
        "costofrevenue": 2474803000,
        "grossprofit": 136200000,
        "operationsandmaintenance": 206048000,
        "depreciationdepletionandamortization": 49754000,
        "generaltaxes": 23157000,
        "operatingexpenses": 310639000,
        "gainlossondispositionofassets": -420000,
        "operatingincomeloss": 63600000,
        "incomelossfromequitymethodinvestments": 28591000,
        "publicutilitiesallowanceforfundsusedduringconstructioncapitalizedcostofequity": 3302000,
        "othernonoperatingincome": 5049000,
        "othernonoperatingexpense": 919000,
        "interestexpense": 71364000,
        "incomelossfromcontinuingoperationsbeforeincometaxesextraordinaryitemsnoncontrollinginterest": 207572000,
        "incometaxexpensebenefit": 42584000,
        "incomelossfromcontinuingoperationsincludingportionattributabletononcontrollinginterest": 164988000,
        "discontinuedoperationgainlossondisposalofdiscontinuedoperationnetoftax": 0,
        "netincomelossattributabletononcontrollinginterest": 99769000,
        "netincomeloss": 65219000,
        "incomelossfromcontinuingoperations": 65219000,
        "incomelossfromdiscontinuedoperationsnetoftaxattributabletoreportingentity": 0,
        "incomelossfromcontinuingoperationsperbasicshare": 0.32000000000000006,
        "incomelossfromdiscontinuedoperationsnetoftaxperbasicshare": 0,
        "earningspersharebasic": 0.32000000000000006,
        "incomelossfromcontinuingoperationsperdilutedshare": 0.31000000000000005,
        "incomelossfromdiscontinuedoperationsnetoftaxperdilutedshare": 0,
        "earningspersharediluted": 0.30999999999999983,
        "weightedaveragenumberofsharesoutstandingbasic": 206430546,
        "weightedaveragenumberofdilutedsharesoutstanding": 210986182,
        "commonstockdividendspersharedeclared": 0.30499999999999994
    },
    {
        "date": "2012-06-29",
        "symbol": "OKE",
        "period": "Q2",
        "revenues": 160200000,
        "costofrevenue": 1980298000,
        "grossprofit": 100600000,
        "operationsandmaintenance": 204126000,
        "depreciationdepletionandamortization": 99766000,
        "goodwillimpairmentloss": 0,
        "generaltaxes": 27137000,
        "operatingexpenses": 315849000,
        "gainlossondispositionofassets": 966000,
        "operatingincomeloss": 54100000,
        "incomelossfromequitymethodinvestments": 29169000,
        "publicutilitiesallowanceforfundsusedduringconstructioncapitalizedcostofequity": 1849000,
        "othernonoperatingincome": -3415000,
        "othernonoperatingexpense": 797000,
        "interestexpense": 71535000,
        "incomelossfromcontinuingoperationsbeforeincometaxesextraordinaryitemsnoncontrollinginterest": 189350000,
        "incometaxexpensebenefit": 40412000,
        "incomelossfromcontinuingoperationsincludingportionattributabletononcontrollinginterest": 148938000,
        "incomelossfromdiscontinuedoperationsnetoftax": 0,
        "discontinuedoperationgainlossondisposalofdiscontinuedoperationnetoftax": 267000,
        "profitloss": 60993000,
        "netincomelossattributabletononcontrollinginterest": 88212000,
        "netincomeloss": 60993000,
        "incomelossfromcontinuingoperations": 60726000,
        "incomelossfromdiscontinuedoperationsnetoftaxattributabletoreportingentity": 267000,
        "incomelossfromcontinuingoperationsperbasicshare": -0.2300000000000001,
        "incomelossfromdiscontinuedoperationsnetoftaxperbasicshare": -0.06,
        "earningspersharebasic": -0.2899999999999999,
        "incomelossfromcontinuingoperationsperdilutedshare": -0.22999999999999998,
        "incomelossfromdiscontinuedoperationsnetoftaxperdilutedshare": -0.06,
        "earningspersharediluted": -0.2899999999999999,
        "weightedaveragenumberofsharesoutstandingbasic": 103645,
        "weightedaveragenumberofdilutedsharesoutstanding": 105892,
        "commonstockdividendspersharedeclared": 0.025000000000000022,
        "othercomprehensiveincomeunrealizedgainlossonderivativesarisingduringperiodnetoftax": -12634000,
        "othercomprehensiveincomereclassificationadjustmentonderivativesincludedinnetincomenetoftax": -22556000,
        "othercomprehensiveincomeunrealizedholdinggainlossonsecuritiesarisingduringperiodnetoftax": -104000,
        "othercomprehensiveincomedefinedbenefitplansadjustmentnetoftaxperiodincreasedecrease": -5777000,
        "othercomprehensiveincomelossnetoftaxperiodincreasedecrease": -26795000,
        "comprehensiveincomenetoftaxincludingportionattributabletononcontrollinginterest": 108134000,
        "comprehensiveincomenetoftaxattributabletononcontrollinginterest": 73936000,
        "comprehensiveincomenetoftax": 34198000,
        "othercomprehensiveincomeunrealizedgainlossonderivativesarisingduringperiodtax": 4865000,
        "othercomprehensiveincomereclassificationadjustmentonderivativesincludedinnetincometax": 8450000,
        "othercomprehensiveincomeunrealizedholdinggainlossonsecuritiesarisingduringperiodtax": 65000,
        "othercomprehensiveincomedefinedbenefitplanstax": 3644000
    },
    {
        "date": "2012-03-30",
        "symbol": "OKE",
        "period": "Q1",
        "revenues": 171200000,
        "costofrevenue": 2771013000,
        "grossprofit": 122900000,
        "operationsandmaintenance": 192881000,
        "depreciationdepletionandamortization": 504000,
        "goodwillimpairmentloss": 10255000,
        "generaltaxes": 31177000,
        "operatingexpenses": 317722000,
        "gainlossondispositionofassets": 57000,
        "operatingincomeloss": 64600000,
        "incomelossfromequitymethodinvestments": 34620000,
        "publicutilitiesallowanceforfundsusedduringconstructioncapitalizedcostofequity": 975000,
        "othernonoperatingincome": 9861000,
        "othernonoperatingexpense": 2274000,
        "interestexpense": 75815000,
        "incomelossfromcontinuingoperationsbeforeincometaxesextraordinaryitemsnoncontrollinginterest": 293289000,
        "incometaxexpensebenefit": 73839000,
        "incomelossfromcontinuingoperationsincludingportionattributabletononcontrollinginterest": 219450000,
        "incomelossfromdiscontinuedoperationsnetoftax": 762000,
        "discontinuedoperationgainlossondisposalofdiscontinuedoperationnetoftax": 13250000,
        "profitloss": 122865000,
        "netincomelossattributabletononcontrollinginterest": 110597000,
        "netincomeloss": 122865000,
        "incomelossfromcontinuingoperations": 108853000,
        "incomelossfromdiscontinuedoperationsnetoftaxattributabletoreportingentity": 14012000,
        "incomelossfromcontinuingoperationsperbasicshare": 1.05,
        "incomelossfromdiscontinuedoperationsnetoftaxperbasicshare": 0.13,
        "earningspersharebasic": 1.18,
        "incomelossfromcontinuingoperationsperdilutedshare": 1.03,
        "incomelossfromdiscontinuedoperationsnetoftaxperdilutedshare": 0.13,
        "earningspersharediluted": 1.16,
        "weightedaveragenumberofsharesoutstandingbasic": 103809,
        "weightedaveragenumberofdilutedsharesoutstanding": 105926,
        "commonstockdividendspersharedeclared": 0.61,
        "othercomprehensiveincomeunrealizedgainlossonderivativesarisingduringperiodnetoftax": 47573000,
        "othercomprehensiveincomereclassificationadjustmentonderivativesincludedinnetincomenetoftax": -1180000,
        "othercomprehensiveincomeunrealizedholdinggainlossonsecuritiesarisingduringperiodnetoftax": 224000,
        "othercomprehensiveincomedefinedbenefitplansadjustmentnetoftaxperiodincreasedecrease": -5777000,
        "othercomprehensiveincomelossnetoftaxperiodincreasedecrease": 27276000,
        "comprehensiveincomenetoftaxincludingportionattributabletononcontrollinginterest": 274302000,
        "comprehensiveincomenetoftaxattributabletononcontrollinginterest": 124161000,
        "comprehensiveincomenetoftax": 150141000,
        "othercomprehensiveincomeunrealizedgainlossonderivativesarisingduringperiodtax": -19094000,
        "othercomprehensiveincomereclassificationadjustmentonderivativesincludedinnetincometax": -1615000,
        "othercomprehensiveincomeunrealizedholdinggainlossonsecuritiesarisingduringperiodtax": -141000,
        "othercomprehensiveincomedefinedbenefitplanstax": 3644000
    },
    {
        "date": "2011-09-29",
        "symbol": "OKE",
        "period": "Q3",
        "revenues": 213800000,
        "costofrevenue": 3061198000,
        "grossprofit": 145400000,
        "operationsandmaintenance": 186935000,
        "depreciationdepletionandamortization": 378000,
        "generaltaxes": 22122000,
        "operatingexpenses": 285043000,
        "gainlossondispositionofassets": -69000,
        "operatingincomeloss": 19800000,
        "incomelossfromequitymethodinvestments": 32029000,
        "publicutilitiesallowanceforfundsusedduringconstructioncapitalizedcostofequity": 759000,
        "othernonoperatingincome": 124000,
        "othernonoperatingexpense": 13318000,
        "interestexpense": 73841000,
        "incomelossfromcontinuingoperationsbeforeincometaxesextraordinaryitemsnoncontrollinginterest": 194634000,
        "incometaxexpensebenefit": 33754000,
        "profitloss": 60321000,
        "netincomelossattributabletononcontrollinginterest": 100559000,
        "netincomeloss": 60321000,
        "earningspersharebasic": 0.58,
        "earningspersharediluted": 0.57,
        "weightedaveragenumberofsharesoutstandingbasic": 103303,
        "weightedaveragenumberofdilutedsharesoutstanding": 105970,
        "commonstockdividendspersharedeclared": 0.56,
        "othercomprehensiveincomeunrealizedgainlossonderivativesarisingduringperiodnetoftax": -37842000,
        "othercomprehensiveincomereclassificationadjustmentonderivativesincludedinnetincomenetoftax": -15814000,
        "othercomprehensiveincomeunrealizedholdinggainlossonsecuritiesarisingduringperiodnetoftax": -331000,
        "othercomprehensiveincomedefinedbenefitplansadjustmentnetoftaxperiodincreasedecrease": -4672000,
        "othernetoftax": -18000,
        "othercomprehensiveincomelossnetoftaxperiodincreasedecrease": -43307000,
        "comprehensiveincomenetoftaxincludingportionattributabletononcontrollinginterest": 102203000,
        "comprehensiveincomenetoftaxattributabletononcontrollinginterest": 85189000,
        "comprehensiveincomenetoftax": 17014000,
        "othercomprehensiveincomeunrealizedgainlossonderivativesarisingduringperiodtax": 14194000,
        "othercomprehensiveincomereclassificationadjustmentonderivativesincludedinnetincometax": 10193000,
        "othercomprehensiveincomeunrealizedholdinggainlossonsecuritiesarisingduringperiodtax": 31000,
        "othercomprehensiveincomedefinedbenefitplanstax": 2947000,
        "othertax": 11000
    },
    {
        "date": "2011-06-29",
        "symbol": "OKE",
        "period": "Q2",
        "revenues": 257000000,
        "costofrevenue": 2992828000,
        "grossprofit": 159100000,
        "operationsandmaintenance": 199797000,
        "depreciationdepletionandamortization": 530000,
        "generaltaxes": 25898000,
        "operatingexpenses": 304519000,
        "gainlossondispositionofassets": -212000,
        "operatingincomeloss": 20200000,
        "incomelossfromequitymethodinvestments": 29544000,
        "publicutilitiesallowanceforfundsusedduringconstructioncapitalizedcostofequity": 400000,
        "othernonoperatingincome": 341000,
        "othernonoperatingexpense": 773000,
        "interestexpense": 75498000,
        "incomelossfromcontinuingoperationsbeforeincometaxesextraordinaryitemsnoncontrollinginterest": 170931000,
        "incometaxexpensebenefit": 36165000,
        "profitloss": 55142000,
        "netincomelossattributabletononcontrollinginterest": 79624000,
        "netincomeloss": 55142000,
        "earningspersharebasic": 0.52,
        "earningspersharediluted": 0.51,
        "weightedaveragenumberofsharesoutstandingbasic": 105337,
        "weightedaveragenumberofdilutedsharesoutstanding": 108030,
        "commonstockdividendspersharedeclared": 0.52,
        "othercomprehensiveincomeunrealizedgainlossonderivativesarisingduringperiodnetoftax": 16819000,
        "othercomprehensiveincomereclassificationadjustmentonderivativesincludedinnetincomenetoftax": 3407000,
        "othercomprehensiveincomeunrealizedholdinggainlossonsecuritiesarisingduringperiodnetoftax": -49000,
        "othercomprehensiveincomedefinedbenefitplansadjustmentnetoftaxperiodincreasedecrease": -4672000,
        "othercomprehensiveincomelossnetoftaxperiodincreasedecrease": 3871000,
        "othernetoftax": -62000,
        "comprehensiveincomenetoftaxincludingportionattributabletononcontrollinginterest": 150209000,
        "comprehensiveincomenetoftaxattributabletononcontrollinginterest": 91196000,
        "comprehensiveincomenetoftax": 59013000,
        "othercomprehensiveincomeunrealizedgainlossonderivativesarisingduringperiodtax": -5028000,
        "othercomprehensiveincomereclassificationadjustmentonderivativesincludedinnetincometax": -301000,
        "othercomprehensiveincomeunrealizedholdinggainlossonsecuritiesarisingduringperiodtax": 31000,
        "othercomprehensiveincomedefinedbenefitplanstax": 2947000,
        "othertax": 39000
    },
    {
        "date": "2010-09-29",
        "symbol": "OKE",
        "period": "Q3",
        "othercomprehensiveincomeunrealizedgainlossonderivativesarisingduringperiodtax": -24044000,
        "othercomprehensiveincomereclassificationadjustmentonderivativesincludedinnetincometax": 13119000,
        "othercomprehensiveincomeunrealizedholdinggainlossonsecuritiesarisingduringperiodtax": 65000,
        "othercomprehensiveincomedefinedbenefitplanstax": 2533000,
        "othertax": -11000,
        "revenues": 2942703000,
        "costofrevenue": 2491333000,
        "grossprofit": 451370000,
        "operationsandmaintenance": 183893000,
        "depreciationdepletionandamortization": 77234000,
        "generaltaxes": 19465000,
        "operatingexpenses": 280592000,
        "gainlossondispositionofassets": 16126000,
        "operatingincomeloss": 186904000,
        "incomelossfromequitymethodinvestments": 29390000,
        "allowanceforequityfundsusedduringconstruction": 266000,
        "othernonoperatingincome": 6710000,
        "othernonoperatingexpense": 2097000,
        "interestexpense": 70907000,
        "incomebeforeincometaxes": 150266000,
        "incometaxexpensebenefit": 29965000,
        "profitloss": 120301000,
        "netincomelossattributabletononcontrollinginterest": 65006000,
        "netincomeloss": 55295000,
        "earningspersharebasic": 0.52,
        "earningspersharediluted": 0.51,
        "weightedaveragenumberofsharesoutstandingbasic": 106443,
        "weightedaveragenumberofdilutedsharesoutstanding": 107651,
        "commonstockdividendspersharedeclared": 0.46,
        "othercomprehensiveincomeunrealizedgainlossonderivativesarisingduringperiodnetoftax": 39808000,
        "othercomprehensiveincomereclassificationadjustmentonderivativesincludedinnetincomenetoftax": -23091000,
        "othercomprehensiveincomeunrealizedholdinggainlossonsecuritiesarisingduringperiodnetoftax": -104000,
        "othercomprehensiveincomedefinedbenefitplansadjustmentnetoftaxperiodincreasedecrease": -4016000,
        "otherextra": 18000,
        "othercomprehensiveincomelossnetoftaxperiodincreasedecrease": 12615000,
        "comprehensiveincomenetoftaxincludingportionattributabletononcontrollinginterest": 132916000,
        "comprehensiveincomenetoftaxattributabletononcontrollinginterest": 64403000,
        "comprehensiveincomenetoftax": 68513000
    }
]