[
    {
        "date": "2024-09-29",
        "symbol": "ECL",
        "period": "Q3",
        "revenuefromcontractwithcustomerexcludingassessedtax": 3998500000,
        "costofgoodsandservicessold": 2500000,
        "sellinggeneralandadministrativeexpense": 1700000,
        "othernonrecurringincomeexpense": -332600000,
        "operatingincomeloss": 1044800000,
        "nonoperatingincomeexpense": 12900000,
        "interestexpensenet": 500000,
        "incomelossfromcontinuingoperationsbeforeincometaxesextraordinaryitemsnoncontrollinginterest": 987300000,
        "incometaxexpensebenefit": 246500000,
        "profitloss": 740800000,
        "netincomelossattributabletononcontrollinginterest": 4300000,
        "netincomeloss": 736500000,
        "earningspersharebasic": 2.6,
        "earningspersharediluted": 2.58,
        "weightedaveragenumberofsharesoutstandingbasic": 283600000,
        "weightedaveragenumberofdilutedsharesoutstanding": 286000000,
        "othercomprehensiveincomeforeigncurrencytransactionandtranslationgainlossarisingduringperiodnetoftax": 99200000,
        "translationadjustmentfornetinvestmenthedgeincreasedecreasenetoftax": -41100000,
        "othercomprehensiveincomelossforeigncurrencytransactionandtranslationadjustmentnetoftax": 58100000,
        "othercomprehensiveincomelosscashflowhedgegainlossafterreclassificationandtax": -8200000,
        "othercomprehensiveincomelosspensionandotherpostretirementbenefitplansadjustmentnetoftax": 1400000,
        "othercomprehensiveincomelossnetoftax": -1400000,
        "comprehensiveincomenetoftaxincludingportionattributabletononcontrollinginterest": 789300000,
        "comprehensiveincomenetoftaxattributabletononcontrollinginterest": 7200000,
        "comprehensiveincomenetoftax": 782100000
    },
    {
        "date": "2024-06-29",
        "symbol": "ECL",
        "period": "Q2",
        "revenuefromcontractwithcustomerexcludingassessedtax": 3173100000,
        "costofgoodsandservicessold": 1770600000,
        "sellinggeneralandadministrativeexpense": 1075700000,
        "othernonrecurringincomeexpense": 12200000,
        "operatingincomeloss": 656900000,
        "nonoperatingincomeexpense": 12600000,
        "interestexpensenet": -78800000,
        "incomelossfromcontinuingoperationsbeforeincometaxesextraordinaryitemsnoncontrollinginterest": 590700000,
        "incometaxexpensebenefit": 95700000,
        "profitloss": 495000000,
        "netincomelossattributabletononcontrollinginterest": 4100000,
        "netincomeloss": 490900000,
        "earningspersharebasic": 1.72,
        "earningspersharediluted": 1.71,
        "weightedaveragenumberofsharesoutstandingbasic": 284600000,
        "weightedaveragenumberofdilutedsharesoutstanding": 287000000,
        "othercomprehensiveincomeforeigncurrencytransactionandtranslationgainlossarisingduringperiodnetoftax": -24600000,
        "translationadjustmentfornetinvestmenthedgeincreasedecreasenetoftax": 3300000,
        "othercomprehensiveincomelossforeigncurrencytransactionandtranslationadjustmentnetoftax": -21300000,
        "othercomprehensiveincomelosscashflowhedgegainlossafterreclassificationandtax": 2200000,
        "othercomprehensiveincomelosspensionandotherpostretirementbenefitplansadjustmentnetoftax": 100000,
        "othercomprehensiveincomelossnetoftax": -19200000,
        "comprehensiveincomenetoftaxincludingportionattributabletononcontrollinginterest": 475800000,
        "comprehensiveincomenetoftaxattributabletononcontrollinginterest": 3100000,
        "comprehensiveincomenetoftax": 472700000
    },
    {
        "date": "2024-03-30",
        "symbol": "ECL",
        "period": "Q1",
        "revenuefromcontractwithcustomerexcludingassessedtax": 2986500000,
        "costofgoodsandservicessold": 1679200000,
        "sellinggeneralandadministrativeexpense": 1077700000,
        "othernonrecurringincomeexpense": 28200000,
        "operatingincomeloss": 517900000,
        "nonoperatingincomeexpense": 12600000,
        "interestexpensenet": -71600000,
        "incomelossfromcontinuingoperationsbeforeincometaxesextraordinaryitemsnoncontrollinginterest": 458900000,
        "incometaxexpensebenefit": 42300000,
        "profitloss": 416600000,
        "netincomelossattributabletononcontrollinginterest": 4500000,
        "netincomeloss": 412100000,
        "earningspersharebasic": 1.44,
        "earningspersharediluted": 1.43,
        "weightedaveragenumberofsharesoutstandingbasic": 285700000,
        "weightedaveragenumberofdilutedsharesoutstanding": 287800000,
        "othercomprehensiveincomeforeigncurrencytransactionandtranslationgainlossarisingduringperiodnetoftax": -46600000,
        "translationadjustmentfornetinvestmenthedgeincreasedecreasenetoftax": 8900000,
        "othercomprehensiveincomelossforeigncurrencytransactionandtranslationadjustmentnetoftax": -37700000,
        "othercomprehensiveincomelosscashflowhedgegainlossafterreclassificationandtax": 5100000,
        "othercomprehensiveincomelosspensionandotherpostretirementbenefitplansadjustmentnetoftax": -2300000,
        "othercomprehensiveincomelossnetoftax": -30300000,
        "comprehensiveincomenetoftaxincludingportionattributabletononcontrollinginterest": 386300000,
        "comprehensiveincomenetoftaxattributabletononcontrollinginterest": 5000000,
        "comprehensiveincomenetoftax": 381300000
    },
    {
        "date": "2014-06-29",
        "symbol": "ECL",
        "period": "Q2",
        "salesrevenuenet": 3568200000,
        "costofgoodsandservicessold": 1909400000,
        "sellinggeneralandadministrativeexpense": 1152700000,
        "othernonrecurringincomeexpense": -6100000,
        "operatingincomeloss": 512200000,
        "interestexpensenet": -1000000,
        "incomelossfromcontinuingoperationsbeforeincometaxesminorityinterestandincomelossfromequitymethodinvestments": 446000000,
        "incometaxexpensebenefit": 131000000,
        "profitloss": 4100000,
        "netincomelossattributabletononcontrollinginterest": 3600000,
        "netincomelossavailabletocommonstockholdersbasic": 311400000,
        "earningspersharebasic": 1.04,
        "earningspersharediluted": 1.02,
        "commonstockdividendspersharedeclared": 0.275,
        "weightedaveragenumberofsharesoutstandingbasic": 299600000,
        "weightedaveragenumberofdilutedsharesoutstanding": 305200000,
        "othercomprehensiveincomeforeigncurrencytransactionandtranslationgainlossarisingduringperiodnetoftax": 22200000,
        "translationadjustmentfornetinvestmenthedgeincreasedecreasenetoftax": 1900000,
        "othercomprehensiveincomelossforeigncurrencytransactionandtranslationadjustmentnetoftax": 24100000,
        "othercomprehensiveincomelossderivativesqualifyingashedgesnetoftax": -4100000,
        "othercomprehensiveincomelossamortizationadjustmentfromaocipensionandotherpostretirementbenefitplansfornetpriorservicecostcreditnetoftax": 2500000,
        "othercomprehensiveincomelossnetoftax": 22500000,
        "comprehensiveincomenetoftaxincludingportionattributabletononcontrollinginterest": 337500000,
        "comprehensiveincomenetoftaxattributabletononcontrollinginterest": 3600000,
        "comprehensiveincomenetoftax": 333900000
    },
    {
        "date": "2014-03-30",
        "symbol": "ECL",
        "period": "Q1",
        "salesrevenuenet": 3336600000,
        "costofgoodsandservicessold": 1819200000,
        "sellinggeneralandadministrativeexpense": 1136900000,
        "othernonrecurringincomeexpense": 29600000,
        "operatingincomeloss": 350900000,
        "interestexpensenet": -1000000,
        "incomelossfromcontinuingoperationsbeforeincometaxesminorityinterestandincomelossfromequitymethodinvestments": 285800000,
        "incometaxexpensebenefit": 91300000,
        "profitloss": 194500000,
        "netincomelossattributabletononcontrollinginterest": 3500000,
        "netincomelossavailabletocommonstockholdersbasic": 191000000,
        "earningspersharebasic": 0.64,
        "earningspersharediluted": 0.62,
        "commonstockdividendspersharedeclared": 0.275,
        "weightedaveragenumberofsharesoutstandingbasic": 300600000,
        "weightedaveragenumberofdilutedsharesoutstanding": 306500000,
        "othercomprehensiveincomeforeigncurrencytransactionandtranslationgainlossarisingduringperiodnetoftax": -67000000,
        "translationadjustmentfornetinvestmenthedgeincreasedecreasenetoftax": -3700000,
        "othercomprehensiveincomelossforeigncurrencytransactionandtranslationadjustmentnetoftax": -70700000,
        "othercomprehensiveincomelossamortizationadjustmentfromaocipensionandotherpostretirementbenefitplansfornetpriorservicecostcreditnetoftax": 2600000,
        "othercomprehensiveincomelossnetoftax": -68100000,
        "comprehensiveincomenetoftaxincludingportionattributabletononcontrollinginterest": 126400000,
        "comprehensiveincomenetoftaxattributabletononcontrollinginterest": 3500000,
        "comprehensiveincomenetoftax": 122900000
    },
    {
        "date": "2013-12-30",
        "symbol": "ECL",
        "period": "Q4",
        "othernonrecurringincomeexpense": -148600000,
        "profitloss": 2100000,
        "othercomprehensiveincomeforeigncurrencytransactionandtranslationgainlossarisingduringperiodnetoftax": 36900000,
        "translationadjustmentfornetinvestmenthedgeincreasedecreasenetoftax": -7200000,
        "othercomprehensiveincomelossforeigncurrencytransactionandtranslationadjustmentnetoftax": 29700000,
        "othercomprehensiveincomelossderivativesqualifyingashedgesnetoftax": -2100000,
        "othercomprehensiveincomelossnetoftax": 224700000,
        "comprehensiveincomenetoftaxincludingportionattributabletononcontrollinginterest": -453500000,
        "comprehensiveincomenetoftax": 668000000,
        "salesrevenuenet": 708100000,
        "costofgoodsandservicessold": 1963800000,
        "sellinggeneralandadministrativeexpense": 1104900000,
        "operatingincomeloss": -399300000,
        "interestexpensenet": 190600000,
        "incomelossfromcontinuingoperationsbeforeincometaxesminorityinterestandincomelossfromequitymethodinvestments": -900200000,
        "incometaxexpensebenefit": 113400000,
        "netincomelossattributabletononcontrollinginterest": 2500000,
        "netincomelossavailabletocommonstockholdersbasic": 287100000,
        "earningspersharebasic": 0.96,
        "earningspersharediluted": 0.9300000000000004,
        "commonstockdividendspersharedeclared": 0.275,
        "weightedaveragenumberofsharesoutstandingbasic": 500000,
        "weightedaveragenumberofdilutedsharesoutstanding": 600000
    },
    {
        "date": "2013-09-29",
        "symbol": "ECL",
        "period": "Q3",
        "othernonrecurringincomeexpense": 101100000,
        "profitloss": -385900000,
        "othercomprehensiveincomeforeigncurrencytransactionandtranslationgainlossarisingduringperiodnetoftax": -126200000,
        "translationadjustmentfornetinvestmenthedgeincreasedecreasenetoftax": -4200000,
        "othercomprehensiveincomelossforeigncurrencytransactionandtranslationadjustmentnetoftax": -130400000,
        "othercomprehensiveincomelossderivativesqualifyingashedgesnetoftax": 1600000,
        "othercomprehensiveincomelossnetoftax": -118400000,
        "comprehensiveincomenetoftaxincludingportionattributabletononcontrollinginterest": 188800000,
        "comprehensiveincomenetoftaxattributabletononcontrollinginterest": 0,
        "comprehensiveincomenetoftax": 188800000,
        "salesrevenuenet": -3565200000,
        "costofgoodsandservicessold": 3710000000,
        "sellinggeneralandadministrativeexpense": 2180900000,
        "operatingincomeloss": -385200000,
        "interestexpensenet": -132500000,
        "incomelossfromcontinuingoperationsbeforeincometaxesminorityinterestandincomelossfromequitymethodinvestments": 711800000,
        "incometaxexpensebenefit": 178300000,
        "netincomelossattributabletononcontrollinginterest": -800000,
        "netincomelossavailabletocommonstockholdersbasic": 308000000,
        "earningspersharebasic": 1.02,
        "earningspersharediluted": 1.01,
        "commonstockdividendspersharedeclared": 0.22999999999999995,
        "weightedaveragenumberofsharesoutstandingbasic": -297500000,
        "weightedaveragenumberofdilutedsharesoutstanding": -303000000
    },
    {
        "date": "2013-06-29",
        "symbol": "ECL",
        "period": "Q2",
        "costofsalesspecialcharges": 15200000,
        "interestexpensespecialcharges": 300000,
        "salesrevenuenet": 3337800000,
        "costofgoodsandservicessold": 1400000,
        "sellinggeneralandadministrativeexpense": -200000,
        "othernonrecurringincomeexpense": 300000,
        "operatingincomeloss": 352300000,
        "interestexpensenet": -700000,
        "incomelossfromcontinuingoperationsbeforeincometaxesminorityinterestandincomelossfromequitymethodinvestments": -16700000,
        "incometaxexpensebenefit": -6200000,
        "profitloss": 215800000,
        "netincomelossattributabletononcontrollinginterest": 2700000,
        "netincomelossavailabletocommonstockholdersbasic": 213100000,
        "earningspersharebasic": 0.71,
        "earningspersharediluted": 0.69,
        "commonstockdividendspersharedeclared": 0.23,
        "weightedaveragenumberofsharesoutstandingbasic": 301500000,
        "weightedaveragenumberofdilutedsharesoutstanding": 307400000,
        "othercomprehensiveincomeforeigncurrencytransactionandtranslationgainlossarisingduringperiodnetoftax": -89100000,
        "translationadjustmentfornetinvestmenthedgeincreasedecreasenetoftax": 2200000,
        "othercomprehensiveincomelossforeigncurrencytransactionandtranslationadjustmentnetoftax": -86900000,
        "othercomprehensiveincomelossderivativesqualifyingashedgesnetoftax": 3600000,
        "othercomprehensiveincomelossamortizationpensionandotherpostretirementbenefitplansnetpriorservicecostrecognizedinnetperiodicpensioncostnetoftax": -10500000,
        "othercomprehensiveincomelosspensionandotherpostretirementbenefitplansadjustmentnetoftax": -10500000,
        "othercomprehensiveincomelossnetoftax": -72800000,
        "comprehensiveincomenetoftaxincludingportionattributabletononcontrollinginterest": 143000000,
        "comprehensiveincomenetoftaxattributabletononcontrollinginterest": -3100000,
        "comprehensiveincomenetoftax": 146100000
    },
    {
        "date": "2013-03-30",
        "symbol": "ECL",
        "period": "Q1",
        "costofsalesspecialcharges": 2000000,
        "interestexpensespecialcharges": 2200000,
        "incomelossspecialcharges": 500000,
        "salesrevenuenet": 167300000,
        "costofgoodsandservicessold": 1564900000,
        "sellinggeneralandadministrativeexpense": 995800000,
        "othernonrecurringincomeexpense": 49700000,
        "operatingincomeloss": 20600000,
        "interestexpensenet": -61500000,
        "incomelossfromcontinuingoperationsbeforeincometaxesminorityinterestandincomelossfromequitymethodinvestments": 200200000,
        "incometaxexpensebenefit": 39200000,
        "profitloss": 161000000,
        "netincomelossattributabletononcontrollinginterest": 1400000,
        "netincomelossavailabletocommonstockholdersbasic": 159600000,
        "earningspersharebasic": 0.54,
        "earningspersharediluted": 0.53,
        "commonstockdividendspersharedeclared": 0.23,
        "weightedaveragenumberofsharesoutstandingbasic": 295400000,
        "weightedaveragenumberofdilutedsharesoutstanding": 300900000,
        "othercomprehensiveincomeforeigncurrencytransactionandtranslationgainlossarisingduringperiodnetoftax": -61600000,
        "translationadjustmentfornetinvestmenthedgeincreasedecreasenetoftax": -2200000,
        "othercomprehensiveincomelossforeigncurrencytransactionandtranslationadjustmentnetoftax": -63800000,
        "othercomprehensiveincomelossderivativesqualifyingashedgesnetoftax": 3900000,
        "othercomprehensiveincomelossamortizationpensionandotherpostretirementbenefitplansnetpriorservicecostrecognizedinnetperiodicpensioncostnetoftax": -10400000,
        "othercomprehensiveincomelossnetoftax": -49500000,
        "comprehensiveincomenetoftaxincludingportionattributabletononcontrollinginterest": 111500000,
        "comprehensiveincomenetoftaxattributabletononcontrollinginterest": -7900000,
        "comprehensiveincomenetoftax": 119400000
    },
    {
        "date": "2012-12-30",
        "symbol": "ECL",
        "period": "Q4",
        "profitloss": 234500000,
        "othercomprehensiveincomeforeigncurrencytransactionandtranslationgainlossarisingduringperiodnetoftax": 52200000,
        "translationadjustmentfornetinvestmenthedgeincreasedecreasenetoftax": -10000000,
        "othercomprehensiveincomeunrealizedgainlossonderivativesarisingduringperiodnetoftax": 600000,
        "comprehensiveincomenetoftaxincludingportionattributabletononcontrollinginterest": 126500000,
        "comprehensiveincomenetoftaxattributabletononcontrollinginterest": 2100000,
        "comprehensiveincomenetoftax": 124400000,
        "costofsalesspecialcharges": 11600000,
        "salesrevenuenet": -8283900000,
        "costofgoodsandservicessold": 1644200000,
        "sellinggeneralandadministrativeexpense": 971100000,
        "othernonrecurringincomeexpense": 34700000,
        "operatingincomeloss": 1642900000,
        "interestexpensenet": -62500000,
        "incomelossfromcontinuingoperationsbeforeincometaxesminorityinterestandincomelossfromequitymethodinvestments": 333300000,
        "incometaxexpensebenefit": 98800000,
        "netincomelossattributabletononcontrollinginterest": 3100000,
        "netincomelossavailabletocommonstockholdersbasic": 231400000,
        "earningspersharebasic": 0.79,
        "earningspersharediluted": 0.77,
        "commonstockdividendspersharedeclared": 0.22999999999999998,
        "weightedaveragenumberofsharesoutstandingbasic": 500000,
        "weightedaveragenumberofdilutedsharesoutstanding": 600000
    },
    {
        "date": "2012-09-29",
        "symbol": "ECL",
        "period": "Q3",
        "costofsalesspecialcharges": 3200000,
        "salesrevenuenet": 3067700000,
        "costofgoodsandservicessold": 1616400000,
        "sellinggeneralandadministrativeexpense": 977700000,
        "othernonrecurringincomeexpense": 28000000,
        "operatingincomeloss": -846500000,
        "interestexpensenet": -64200000,
        "incomelossfromcontinuingoperationsbeforeincometaxesminorityinterestandincomelossfromequitymethodinvestments": 337000000,
        "incometaxexpensebenefit": 97700000,
        "profitloss": 239300000,
        "netincomelossattributabletononcontrollinginterest": 1300000,
        "netincomelossavailabletocommonstockholdersbasic": 238000000,
        "earningspersharebasic": 0.8200000000000001,
        "earningspersharediluted": 0.79,
        "commonstockdividendspersharedeclared": 0.19999999999999996,
        "weightedaveragenumberofsharesoutstandingbasic": 300000,
        "weightedaveragenumberofdilutedsharesoutstanding": 200000,
        "othercomprehensiveincomeforeigncurrencytransactionandtranslationgainlossarisingduringperiodnetoftax": 121500000,
        "translationadjustmentfornetinvestmenthedgeincreasedecreasenetoftax": -5900000,
        "othercomprehensiveincomeunrealizedgainlossonderivativesarisingduringperiodnetoftax": -4000000,
        "comprehensiveincomenetoftaxincludingportionattributabletononcontrollinginterest": 359400000,
        "comprehensiveincomenetoftaxattributabletononcontrollinginterest": 1600000,
        "comprehensiveincomenetoftax": 357800000
    },
    {
        "date": "2012-06-29",
        "symbol": "ECL",
        "period": "Q2",
        "costofsalesspecialcharges": 3100000,
        "interestexpensespecialcharges": 0,
        "incomelossspecialcharges": 0,
        "salesrevenuenet": 2914300000,
        "costofgoodsandservicessold": 1608900000,
        "sellinggeneralandadministrativeexpense": 981700000,
        "othernonrecurringincomeexpense": -34400000,
        "operatingincomeloss": 323200000,
        "interestexpensenet": -63900000,
        "incomelossfromcontinuingoperationsbeforeincometaxesminorityinterestandincomelossfromequitymethodinvestments": 262600000,
        "incometaxexpensebenefit": 79200000,
        "profitloss": 183400000,
        "netincomelossattributabletononcontrollinginterest": -1100000,
        "netincomelossavailabletocommonstockholdersbasic": 184500000,
        "earningspersharebasic": 0.63,
        "earningspersharediluted": 0.62,
        "commonstockdividendspersharedeclared": 0.2,
        "weightedaveragenumberofsharesoutstandingbasic": 200000,
        "weightedaveragenumberofdilutedsharesoutstanding": 200000,
        "othercomprehensiveincomeforeigncurrencytransactionandtranslationgainlossarisingduringperiodnetoftax": -251300000,
        "translationadjustmentfornetinvestmenthedgeincreasedecreasenetoftax": 18100000,
        "othercomprehensiveincomeforeigncurrencytransactionandtranslationadjustmentnetoftaxperiodincreasedecrease": -233200000,
        "othercomprehensiveincomeunrealizedgainlossonderivativesarisingduringperiodnetoftax": 4400000,
        "othercomprehensiveincomereclassificationadjustmentonderivativesincludedinnetincomenetoftax": 1400000,
        "othercomprehensiveincomederivativesqualifyingashedgesnetoftaxperiodincreasedecrease": 3000000,
        "othercomprehensiveincomedefinedbenefitplansadjustmentnetoftaxperiodincreasedecrease": 7600000,
        "othercomprehensiveincomelossnetoftaxperiodincreasedecrease": -224200000,
        "comprehensiveincomenetoftaxincludingportionattributabletononcontrollinginterest": -40800000,
        "comprehensiveincomenetoftaxattributabletononcontrollinginterest": -2600000,
        "comprehensiveincomenetoftax": -38200000
    },
    {
        "date": "2012-03-30",
        "symbol": "ECL",
        "period": "Q1",
        "costofsalesspecialcharges": 76000000,
        "interestexpensespecialcharges": 18200000,
        "incomelossspecialcharges": 4500000,
        "salesrevenuenet": 2810900000,
        "costofgoodsandservicessold": 1614000000,
        "sellinggeneralandadministrativeexpense": 989700000,
        "othernonrecurringincomeexpense": 117400000,
        "operatingincomeloss": 165800000,
        "interestexpensenet": -86100000,
        "incomelossfromcontinuingoperationsbeforeincometaxesminorityinterestandincomelossfromequitymethodinvestments": 79700000,
        "incometaxexpensebenefit": 35600000,
        "profitloss": 44100000,
        "netincomelossattributabletononcontrollinginterest": -5600000,
        "netincomelossavailabletocommonstockholdersbasic": 49700000,
        "earningspersharebasic": 0.17,
        "earningspersharediluted": 0.17,
        "commonstockdividendspersharedeclared": 0.2,
        "weightedaveragenumberofsharesoutstandingbasic": 291500000,
        "weightedaveragenumberofdilutedsharesoutstanding": 297900000,
        "othercomprehensiveincomeforeigncurrencytransactionandtranslationgainlossarisingduringperiodnetoftax": 82400000,
        "translationadjustmentfornetinvestmenthedgeincreasedecreasenetoftax": 7600000,
        "othercomprehensiveincomeforeigncurrencytransactionandtranslationadjustmentnetoftaxperiodincreasedecrease": 90000000,
        "othercomprehensiveincomeunrealizedgainlossonderivativesarisingduringperiodnetoftax": -2900000,
        "othercomprehensiveincomereclassificationadjustmentonderivativesincludedinnetincomenetoftax": -1300000,
        "othercomprehensiveincomederivativesqualifyingashedgesnetoftaxperiodincreasedecrease": -1600000,
        "othercomprehensiveincomedefinedbenefitplansadjustmentnetoftaxperiodincreasedecrease": 7000000,
        "othercomprehensiveincomelossnetoftaxperiodincreasedecrease": 95400000,
        "comprehensiveincomenetoftaxincludingportionattributabletononcontrollinginterest": 139500000,
        "comprehensiveincomenetoftaxattributabletononcontrollinginterest": -5300000,
        "comprehensiveincomenetoftax": 144800000
    },
    {
        "date": "2011-09-29",
        "symbol": "ECL",
        "period": "Q3",
        "costofsalesspecialcharges": 4500000,
        "salesrevenuenet": 882700000,
        "costofgoodsandservicessold": 877900000,
        "sellinggeneralandadministrativeexpense": 595300000,
        "othernonrecurringincomeexpense": 23300000,
        "operatingincomeloss": 239600000,
        "interestexpensenet": -13200000,
        "incomelossfromcontinuingoperationsbeforeincometaxesminorityinterestandincomelossfromequitymethodinvestments": 226400000,
        "incometaxexpensebenefit": 71900000,
        "profitloss": 154500000,
        "netincomelossattributabletononcontrollinginterest": 200000,
        "netincomelossavailabletocommonstockholdersbasic": 154300000,
        "earningspersharebasic": 0.67,
        "earningspersharediluted": 0.65,
        "commonstockdividendspersharedeclared": 0.175,
        "weightedaveragenumberofsharesoutstandingbasic": 231900000,
        "weightedaveragenumberofdilutedsharesoutstanding": 236100000
    },
    {
        "date": "2011-06-29",
        "symbol": "ECL",
        "period": "Q2",
        "costofsalesspecialcharges": 0,
        "salesrevenuenet": 1698800000,
        "costofgoodsandservicessold": 860800000,
        "sellinggeneralandadministrativeexpense": 609600000,
        "othernonrecurringincomeexpense": 30100000,
        "operatingincomeloss": 198300000,
        "interestexpensenet": -13100000,
        "incomelossfromcontinuingoperationsbeforeincometaxesminorityinterestandincomelossfromequitymethodinvestments": 185200000,
        "incometaxexpensebenefit": 59000000,
        "profitloss": 126200000,
        "netincomelossattributabletononcontrollinginterest": 300000,
        "netincomeloss": 125900000,
        "earningspersharebasic": 0.5499999999999999,
        "earningspersharediluted": 0.53,
        "commonstockdividendspersharedeclared": 0.175,
        "weightedaveragenumberofsharesoutstandingbasic": -200000,
        "weightedaveragenumberofdilutedsharesoutstanding": 300000
    },
    {
        "date": "2011-03-30",
        "symbol": "ECL",
        "period": "Q1",
        "costofsalesspecialcharges": 800000,
        "salesrevenuenet": 1518300000,
        "costofgoodsandservicessold": 770400000,
        "sellinggeneralandadministrativeexpense": 581600000,
        "othernonrecurringincomeexpense": 14600000,
        "operatingincomeloss": 151700000,
        "interestexpensenet": -13500000,
        "incomelossfromcontinuingoperationsbeforeincometaxesminorityinterestandincomelossfromequitymethodinvestments": 138200000,
        "incometaxexpensebenefit": 44400000,
        "profitloss": 93800000,
        "netincomelossattributabletononcontrollinginterest": 200000,
        "netincomeloss": 93600000,
        "earningspersharebasic": 0.4,
        "earningspersharediluted": 0.4,
        "commonstockdividendspersharedeclared": 0.175,
        "weightedaveragenumberofsharesoutstandingbasic": 232000000,
        "weightedaveragenumberofdilutedsharesoutstanding": 235900000
    },
    {
        "date": "2010-09-29",
        "symbol": "ECL",
        "period": "Q3",
        "salesrevenuenet": 1561900000,
        "costofgoodsandservicessold": 763400000,
        "sellinggeneralandadministrativeexpense": 558500000,
        "othernonrecurringincomeexpense": -5100000,
        "operatingincomeloss": 245100000,
        "interestexpensenet": -14900000,
        "incomelossfromcontinuingoperationsbeforeincometaxesminorityinterestandincomelossfromequitymethodinvestments": 230200000,
        "incometaxexpensebenefit": 55900000,
        "profitloss": 174300000,
        "netincomelossattributabletononcontrollinginterest": 100000,
        "netincomeloss": 174200000,
        "earningspersharebasic": 0.75,
        "earningspersharediluted": 0.74,
        "commonstockdividendspersharedeclared": 0.155,
        "weightedaveragenumberofsharesoutstandingbasic": 232800000,
        "weightedaveragenumberofdilutedsharesoutstanding": 237000000
    },
    {
        "date": "2010-06-29",
        "symbol": "ECL",
        "period": "Q2",
        "salesrevenuenet": 1520200000,
        "costofgoodsandservicessold": 750000000,
        "sellinggeneralandadministrativeexpense": 565300000,
        "othernonrecurringincomeexpense": 600000,
        "operatingincomeloss": -1100000,
        "interestexpensenet": -15000000,
        "incomelossfromcontinuingoperationsbeforeincometaxesminorityinterestandincomelossfromequitymethodinvestments": 189300000,
        "incometaxexpensebenefit": 59800000,
        "profitloss": 129500000,
        "netincomelossattributabletononcontrollinginterest": 200000,
        "netincomeloss": 129300000,
        "earningspersharebasic": 0.55,
        "earningspersharediluted": 0.54,
        "commonstockdividendspersharedeclared": 0.155,
        "weightedaveragenumberofsharesoutstandingbasic": 233400000,
        "weightedaveragenumberofdilutedsharesoutstanding": 237400000
    },
    {
        "date": "2010-03-30",
        "symbol": "ECL",
        "period": "Q1",
        "salesrevenuenet": 1432100000,
        "costofgoodsandservicessold": 716700000,
        "sellinggeneralandadministrativeexpense": 558100000,
        "othernonrecurringincomeexpense": 3500000,
        "operatingincomeloss": 153800000,
        "interestexpensenet": -15000000,
        "incomelossfromcontinuingoperationsbeforeincometaxesminorityinterestandincomelossfromequitymethodinvestments": 138800000,
        "incometaxexpensebenefit": 43100000,
        "profitloss": 95700000,
        "netincomelossattributabletononcontrollinginterest": 200000,
        "netincomeloss": 95500000,
        "earningspersharebasic": 0.41,
        "earningspersharediluted": 0.4,
        "commonstockdividendspersharedeclared": 0.155,
        "weightedaveragenumberofsharesoutstandingbasic": 235400000,
        "weightedaveragenumberofdilutedsharesoutstanding": 239000000
    },
    {
        "date": "2009-09-29",
        "symbol": "ECL",
        "period": "Q3",
        "costofsalesspecialcharges": 1300000,
        "salesrevenuenet": 1546400000,
        "costofgoodsandservicessold": 763900000,
        "sellinggeneralandadministrativeexpense": 554100000,
        "othernonrecurringincomeexpense": 5400000,
        "operatingincomeloss": 223000000,
        "interestexpensenet": -15100000,
        "incomelossfromcontinuingoperationsbeforeincometaxesminorityinterestandincomelossfromequitymethodinvestments": 207900000,
        "incometaxexpensebenefit": 62700000,
        "profitloss": 145200000,
        "netincomelossattributabletononcontrollinginterest": 200000,
        "netincomeloss": 145000000,
        "earningspersharebasic": 0.61,
        "earningspersharediluted": 0.6,
        "commonstockdividendspersharedeclared": 0.14,
        "weightedaveragenumberofsharesoutstandingbasic": 237000000,
        "weightedaveragenumberofdilutedsharesoutstanding": 240600000
    },
    {
        "date": "2009-06-29",
        "symbol": "ECL",
        "period": "Q2",
        "costofsalesspecialcharges": 100000,
        "salesrevenuenet": 1441500000,
        "costofgoodsandservicessold": 725100000,
        "sellinggeneralandadministrativeexpense": 526400000,
        "othernonrecurringincomeexpense": 25000000,
        "operatingincomeloss": 165000000,
        "interestincomeexpensenet": -15200000,
        "incomelossfromcontinuingoperationsbeforeincometaxesminorityinterestandincomelossfromequitymethodinvestments": 149800000,
        "incometaxexpensebenefit": 50300000,
        "profitloss": 99500000,
        "netincomelossattributabletononcontrollinginterest": 400000,
        "netincomeloss": 99100000,
        "earningspersharebasic": 0.42,
        "earningspersharediluted": 0.41,
        "commonstockdividendspersharedeclared": 0.14,
        "weightedaveragenumberofsharesoutstandingbasic": 236500000,
        "weightedaveragenumberofdilutedsharesoutstanding": 239500000
    }
]