[
    {
        "date": "2024-09-29",
        "symbol": "WELL",
        "period": "Q3",
        "revenuefromcontractwithcustomerexcludingassessedtax": 1511524000,
        "operatingleaseleaseincome": 430486000,
        "interestandfeeincomeloansandleases": 69046000,
        "otherincome": 44607000,
        "revenues": 100951000,
        "costofgoodsandservicessold": 1212701000,
        "depreciationandamortization": 403779000,
        "interestexpensedebt": 139050000,
        "sellinggeneralandadministrativeexpense": 77901000,
        "derivativegainlossonderivativenet": 9906000,
        "gainslossesonextinguishmentofdebt": -419000,
        "provisionforloanlossesexpensed": 4193000,
        "assetimpairmentcharges": 23421000,
        "otherexpenses": 20239000,
        "costsandexpenses": 1871797000,
        "incomelossfromcontinuingoperationsbeforeincometaxesminorityinterestandincomelossfromequitymethodinvestments": 183866000,
        "incometaxexpensebenefit": -4706000,
        "incomelossfromequitymethodinvestments": -4038000,
        "incomelossfromcontinuingoperationsincludingportionattributabletononcontrollinginterest": 456800000,
        "profitloss": 456800000,
        "netincomelossattributabletononcontrollinginterest": 6951000,
        "netincomelossavailabletocommonstockholdersbasic": 449849000,
        "weightedaveragenumberofsharesoutstandingbasic": 611290000,
        "weightedaveragenumberofdilutedsharesoutstanding": 618306000,
        "incomelossfromcontinuingoperationsperbasicshare": 0.75,
        "earningspersharebasic": 0.74,
        "incomelossfromcontinuingoperationsperdilutedshare": 0.74,
        "earningspersharediluted": 0.73,
        "commonstockdividendspersharecashpaid": 0.67,
        "othercomprehensiveincomeforeigncurrencytransactionandtranslationgainlossarisingduringperiodnetoftax": 247194000,
        "othercomprehensiveincomelossderivativeexcludedcomponentincreasedecreaseafteradjustmentsandtax": -194988000,
        "othercomprehensiveincomelossnetoftax": 52206000,
        "comprehensiveincomenetoftaxincludingportionattributabletononcontrollinginterest": 509006000,
        "comprehensiveincomenetoftaxattributabletononcontrollinginterest": 7730000,
        "comprehensiveincomenetoftax": 501276000
    },
    {
        "date": "2024-06-29",
        "symbol": "WELL",
        "period": "Q2",
        "revenuefromcontractwithcustomerexcludingassessedtax": 1393473000,
        "operatingleaseleaseincome": 335811000,
        "interestandfeeincomeloansandleases": 63453000,
        "otherincome": 32147000,
        "revenues": 1824884000,
        "costofgoodsandservicessold": 1111297000,
        "depreciationandamortization": 382045000,
        "interestexpensedebt": 133424000,
        "sellinggeneralandadministrativeexpense": 55565000,
        "derivativegainlossonderivativenet": 5825000,
        "gainslossesonextinguishmentofdebt": -1705000,
        "provisionforloanlossesexpensed": 5163000,
        "assetimpairmentcharges": 2394000,
        "otherexpenses": 48684000,
        "costsandexpenses": 1734452000,
        "incomelossfromcontinuingoperationsbeforeincometaxesminorityinterestandincomelossfromequitymethodinvestments": 90432000,
        "incometaxexpensebenefit": 1101000,
        "incomelossfromequitymethodinvestments": 4896000,
        "gainslossesonsalesofinvestmentrealestate": 166443000,
        "incomelossfromcontinuingoperationsincludingportionattributabletononcontrollinginterest": 260670000,
        "profitloss": 260670000,
        "netincomelossattributabletononcontrollinginterest": 5956000,
        "netincomelossavailabletocommonstockholdersbasic": 254714000,
        "weightedaveragenumberofsharesoutstandingbasic": 587297000,
        "weightedaveragenumberofdilutedsharesoutstanding": 591047000,
        "incomelossfromcontinuingoperationsperbasicshare": 0.44000000000000006,
        "earningspersharebasic": 0.43000000000000005,
        "incomelossfromcontinuingoperationsperdilutedshare": 0.43000000000000005,
        "earningspersharediluted": 0.43000000000000005,
        "commonstockdividendspersharecashpaid": 0.61,
        "othercomprehensiveincomeforeigncurrencytransactionandtranslationgainlossarisingduringperiodnetoftax": -28340000,
        "othercomprehensiveincomelossderivativeexcludedcomponentincreasedecreaseafteradjustmentsandtax": 9096000,
        "othercomprehensiveincomelossnetoftax": -19244000,
        "comprehensiveincomenetoftaxincludingportionattributabletononcontrollinginterest": 241426000,
        "comprehensiveincomenetoftaxattributabletononcontrollinginterest": 5258000,
        "comprehensiveincomenetoftax": 236168000
    },
    {
        "date": "2024-03-30",
        "symbol": "WELL",
        "period": "Q1",
        "revenuefromcontractwithcustomerexcludingassessedtax": 1360274000,
        "operatingleaseleaseincome": 417652000,
        "interestandfeeincomeloansandleases": 52664000,
        "otherincome": 29151000,
        "revenues": 1859741000,
        "costofgoodsandservicessold": 1096913000,
        "depreciationandamortization": 365863000,
        "interestexpensedebt": 147318000,
        "sellinggeneralandadministrativeexpense": 53318000,
        "derivativegainlossonderivativenet": 3054000,
        "gainslossesonextinguishmentofdebt": -6000,
        "provisionforloanlossesexpensed": 1014000,
        "assetimpairmentcharges": 43331000,
        "otherexpenses": 14131000,
        "costsandexpenses": 1718840000,
        "incomelossfromcontinuingoperationsbeforeincometaxesminorityinterestandincomelossfromequitymethodinvestments": 140901000,
        "incometaxexpensebenefit": 6191000,
        "incomelossfromequitymethodinvestments": -7783000,
        "gainslossesonsalesofinvestmentrealestate": 4707000,
        "incomelossfromcontinuingoperationsincludingportionattributabletononcontrollinginterest": 131634000,
        "profitloss": 131634000,
        "netincomelossattributabletononcontrollinginterest": 4488000,
        "netincomelossavailabletocommonstockholdersbasic": 127146000,
        "weightedaveragenumberofsharesoutstandingbasic": 574049000,
        "weightedaveragenumberofdilutedsharesoutstanding": 577530000,
        "incomelossfromcontinuingoperationsperbasicshare": 0.23,
        "earningspersharebasic": 0.22,
        "incomelossfromcontinuingoperationsperdilutedshare": 0.23,
        "earningspersharediluted": 0.22,
        "commonstockdividendspersharecashpaid": 0.61,
        "othercomprehensiveincomeforeigncurrencytransactionandtranslationgainlossarisingduringperiodnetoftax": -85830000,
        "othercomprehensiveincomelossderivativeexcludedcomponentincreasedecreaseafteradjustmentsandtax": 60615000,
        "othercomprehensiveincomelossnetoftax": -25215000,
        "comprehensiveincomenetoftaxincludingportionattributabletononcontrollinginterest": 106419000,
        "comprehensiveincomenetoftaxattributabletononcontrollinginterest": -3050000,
        "comprehensiveincomenetoftax": 109469000
    },
    {
        "date": "2023-12-30",
        "symbol": "WELL",
        "period": "Q4",
        "revenuefromcontractwithcustomerexcludingassessedtax": 3324400000,
        "operatingleaseleaseincome": 805403000,
        "revenues": 4740213000,
        "costofgoodsandservicessold": 2944432000,
        "depreciationandamortization": 380730000,
        "interestexpensedebt": 188643000,
        "sellinggeneralandadministrativeexpense": 44327000,
        "derivativegainlossonderivativenet": 7215000,
        "gainslossesonextinguishmentofdebt": 0,
        "assetimpairmentcharges": 14994000,
        "otherexpenses": 36307000,
        "costsandexpenses": 1662312000,
        "incomelossfromcontinuingoperationsbeforeincometaxesminorityinterestandincomelossfromequitymethodinvestments": 627037000,
        "incometaxexpensebenefit": -4768000,
        "incomelossfromequitymethodinvestments": -49240000,
        "gainslossesonsalesofinvestmentrealestate": -2526000,
        "incomelossfromcontinuingoperationsincludingportionattributabletononcontrollinginterest": 579190000,
        "profitloss": 579190000,
        "netincomelossattributabletononcontrollinginterest": 4529000,
        "netincomelossavailabletocommonstockholdersbasic": 83911000,
        "weightedaveragenumberofsharesoutstandingbasic": 515629000,
        "weightedaveragenumberofdilutedsharesoutstanding": 518701000,
        "incomelossfromcontinuingoperationsperbasicshare": 0.15999999999999995,
        "earningspersharebasic": 0.16000000000000003,
        "incomelossfromcontinuingoperationsperdilutedshare": 0.15999999999999995,
        "earningspersharediluted": 0.17000000000000004,
        "othercomprehensiveincomeforeigncurrencytransactionandtranslationgainlossarisingduringperiodnetoftax": 188822000,
        "othercomprehensiveincomelossderivativeexcludedcomponentincreasedecreaseafteradjustmentsandtax": -195922000,
        "othercomprehensiveincomelossnetoftax": -7100000,
        "comprehensiveincomenetoftaxincludingportionattributabletononcontrollinginterest": 81340000,
        "comprehensiveincomenetoftaxattributabletononcontrollinginterest": 11227000,
        "comprehensiveincomenetoftax": 70113000
    },
    {
        "date": "2023-09-29",
        "symbol": "WELL",
        "period": "Q3",
        "revenuefromcontractwithcustomerexcludingassessedtax": 1199808000,
        "operatingleaseleaseincome": 384507000,
        "revenues": 1662013000,
        "costofgoodsandservicessold": 995273000,
        "depreciationandamortization": 339314000,
        "interestexpensedebt": 156532000,
        "sellinggeneralandadministrativeexpense": 46106000,
        "derivativegainlossonderivativenet": -2885000,
        "gainslossesonextinguishmentofdebt": -1000,
        "provisionforloanleaseandotherlosses": 4059000,
        "assetimpairmentcharges": 7388000,
        "otherexpenses": 38220000,
        "costsandexpenses": 1589778000,
        "incomelossfromcontinuingoperationsbeforeincometaxesminorityinterestandincomelossfromequitymethodinvestments": 72235000,
        "incometaxexpensebenefit": 4584000,
        "incomelossfromequitymethodinvestments": -4031000,
        "gainslossesonsalesofinvestmentrealestate": 71102000,
        "incomelossfromcontinuingoperationsincludingportionattributabletononcontrollinginterest": 134722000,
        "profitloss": 134722000,
        "netincomelossattributabletononcontrollinginterest": 7252000,
        "netincomelossavailabletocommonstockholdersbasic": 127470000,
        "weightedaveragenumberofsharesoutstandingbasic": 521848000,
        "weightedaveragenumberofdilutedsharesoutstanding": 525138000,
        "incomelossfromcontinuingoperationsperbasicshare": 0.26,
        "earningspersharebasic": 0.24,
        "incomelossfromcontinuingoperationsperdilutedshare": 0.26,
        "earningspersharediluted": 0.24,
        "commonstockdividendspersharecashpaid": 0.61,
        "othercomprehensiveincomeforeigncurrencytransactionandtranslationgainlossarisingduringperiodnetoftax": -165186000,
        "othercomprehensiveincomelossderivativeexcludedcomponentincreasedecreaseafteradjustmentsandtax": 106449000,
        "othercomprehensiveincomelossnetoftax": -58737000,
        "comprehensiveincomenetoftaxincludingportionattributabletononcontrollinginterest": 75985000,
        "comprehensiveincomenetoftaxattributabletononcontrollinginterest": 2283000,
        "comprehensiveincomenetoftax": 73702000
    },
    {
        "date": "2023-06-29",
        "symbol": "WELL",
        "period": "Q2",
        "revenuefromcontractwithcustomerexcludingassessedtax": 115867000,
        "operatingleaseleaseincome": 184523000,
        "revenues": 118938000,
        "costofgoodsandservicessold": 4190000,
        "depreciationandamortization": 341945000,
        "interestexpensedebt": 133844000,
        "sellinggeneralandadministrativeexpense": 44287000,
        "derivativegainlossonderivativenet": -1280000,
        "gainslossesonextinguishmentofdebt": -1000,
        "provisionforloanlossesexpensed": -2000,
        "assetimpairmentcharges": 1086000,
        "otherexpenses": 11069000,
        "costsandexpenses": 1513133000,
        "incomelossfromcontinuingoperationsbeforeincometaxesminorityinterestandincomelossfromequitymethodinvestments": -171146000,
        "incometaxexpensebenefit": 3503000,
        "incomelossfromequitymethodinvestments": -257000,
        "gainslossesonsalesofinvestmentrealestate": -72000,
        "incomelossfromcontinuingoperationsincludingportionattributabletononcontrollinginterest": -174649000,
        "profitloss": -174649000,
        "netincomelossattributabletononcontrollinginterest": 3302000,
        "netincomelossavailabletocommonstockholdersbasic": 103040000,
        "weightedaveragenumberofsharesoutstandingbasic": 499023000,
        "weightedaveragenumberofdilutedsharesoutstanding": 501970000,
        "incomelossfromcontinuingoperationsperbasicshare": 0.21,
        "earningspersharebasic": 0.21,
        "incomelossfromcontinuingoperationsperdilutedshare": 0.21,
        "earningspersharediluted": 0.2,
        "commonstockdividendspersharecashpaid": 0.61,
        "othercomprehensiveincomeforeigncurrencytransactionandtranslationgainlossarisingduringperiodnetoftax": 119519000,
        "othercomprehensiveincomelossderivativeexcludedcomponentincreasedecreaseafteradjustmentsandtax": -85884000,
        "othercomprehensiveincomelossnetoftax": 33635000,
        "comprehensiveincomenetoftaxincludingportionattributabletononcontrollinginterest": 139977000,
        "comprehensiveincomenetoftaxattributabletononcontrollinginterest": 8286000,
        "comprehensiveincomenetoftax": 131691000
    },
    {
        "date": "2023-03-30",
        "symbol": "WELL",
        "period": "Q1",
        "revenuefromcontractwithcustomerexcludingassessedtax": 113729000,
        "operatingleaseleaseincome": 181640000,
        "revenues": 116831000,
        "costofgoodsandservicessold": 3881000,
        "depreciationandamortization": 339112000,
        "interestexpensedebt": 128827000,
        "sellinggeneralandadministrativeexpense": 44371000,
        "derivativegainlossonderivativenet": -930000,
        "gainslossesonextinguishmentofdebt": -5000,
        "provisionforloanlossesexpensed": 850000,
        "assetimpairmentcharges": 12629000,
        "otherexpenses": 22745000,
        "costsandexpenses": 1522725000,
        "incomelossfromcontinuingoperationsbeforeincometaxesminorityinterestandincomelossfromequitymethodinvestments": -178079000,
        "incometaxexpensebenefit": 3045000,
        "incomelossfromequitymethodinvestments": 86000,
        "gainslossesonsalesofinvestmentrealestate": -606000,
        "incomelossfromcontinuingoperationsincludingportionattributabletononcontrollinginterest": -181124000,
        "profitloss": -181124000,
        "netincomelossattributabletononcontrollinginterest": 2962000,
        "netincomelossavailabletocommonstockholdersbasic": 25673000,
        "weightedaveragenumberofsharesoutstandingbasic": 492061000,
        "weightedaveragenumberofdilutedsharesoutstanding": 494494000,
        "incomelossfromcontinuingoperationsperbasicshare": 0.06,
        "earningspersharebasic": 0.05,
        "incomelossfromcontinuingoperationsperdilutedshare": 0.06,
        "earningspersharediluted": 0.05,
        "commonstockdividendspersharecashpaid": 0.61,
        "othercomprehensiveincomeforeigncurrencytransactionandtranslationgainlossarisingduringperiodnetoftax": 80765000,
        "othercomprehensiveincomelossderivativeexcludedcomponentincreasedecreaseafteradjustmentsandtax": -69738000,
        "othercomprehensiveincomelossnetoftax": 11027000,
        "comprehensiveincomenetoftaxincludingportionattributabletononcontrollinginterest": 39662000,
        "comprehensiveincomenetoftaxattributabletononcontrollinginterest": 5841000,
        "comprehensiveincomenetoftax": 33821000
    },
    {
        "date": "2022-12-30",
        "symbol": "WELL",
        "period": "Q4",
        "revenuefromcontractwithcustomerexcludingassessedtax": 445553000,
        "operatingleaseleaseincome": 174299000,
        "revenues": 131385000,
        "costofgoodsandservicessold": 5135000,
        "depreciationandamortization": 342286000,
        "interestexpensedebt": 124941000,
        "sellinggeneralandadministrativeexpense": 41319000,
        "derivativegainlossonderivativenet": -258000,
        "gainslossesonextinguishmentofdebt": 5000,
        "otherexpenses": 64400000,
        "costsandexpenses": 1511748000,
        "incomelossfromcontinuingoperationsbeforeincometaxesminorityinterestandincomelossfromequitymethodinvestments": -170776000,
        "incometaxexpensebenefit": -6113000,
        "incomelossfromequitymethodinvestments": -482000,
        "gainslossesonsalesofinvestmentrealestate": -5854000,
        "incomelossfromcontinuingoperationsincludingportionattributabletononcontrollinginterest": -166538000,
        "profitloss": -166538000,
        "netincomelossattributabletononcontrollinginterest": 5526000,
        "netincomelossavailabletocommonstockholdersbasic": -3728000,
        "weightedaveragenumberofsharesoutstandingbasic": -902887000,
        "weightedaveragenumberofdilutedsharesoutstanding": -905092000,
        "incomelossfromcontinuingoperationsperbasicshare": 0,
        "earningspersharebasic": -0.020000000000000018,
        "incomelossfromcontinuingoperationsperdilutedshare": 0,
        "earningspersharediluted": -0.030000000000000027,
        "othercomprehensiveincomeforeigncurrencytransactionandtranslationgainlossarisingduringperiodnetoftax": 279255000,
        "othercomprehensiveincomelossderivativeexcludedcomponentincreasedecreaseafteradjustmentsandtax": -310968000,
        "othercomprehensiveincomelossnetoftax": -31713000,
        "comprehensiveincomenetoftaxincludingportionattributabletononcontrollinginterest": -29915000,
        "comprehensiveincomenetoftaxattributabletononcontrollinginterest": 18253000,
        "comprehensiveincomenetoftax": -48168000
    },
    {
        "date": "2022-09-29",
        "symbol": "WELL",
        "period": "Q3",
        "revenuefromcontractwithcustomerexcludingassessedtax": 247000,
        "operatingleaseleaseincome": 170540000,
        "revenues": 101003000,
        "costofgoodsandservicessold": 5850000,
        "depreciationandamortization": 353699000,
        "interestexpensedebt": 126121000,
        "sellinggeneralandadministrativeexpense": 34811000,
        "derivativegainlossonderivativenet": -6905000,
        "gainslossesonextinguishmentofdebt": -2000,
        "provisionforloanlossesexpensed": 2000,
        "assetimpairmentcharges": 761000,
        "otherexpenses": 5954000,
        "costsandexpenses": 1467606000,
        "incomelossfromcontinuingoperationsbeforeincometaxesminorityinterestandincomelossfromequitymethodinvestments": -172489000,
        "incometaxexpensebenefit": 3257000,
        "incomelossfromequitymethodinvestments": -1077000,
        "gainslossesonsalesofinvestmentrealestate": -150000,
        "incomelossfromcontinuingoperationsincludingportionattributabletononcontrollinginterest": -175896000,
        "profitloss": -175896000,
        "netincomelossattributabletononcontrollinginterest": 4114000,
        "netincomelossavailabletocommonstockholdersbasic": -6767000,
        "weightedaveragenumberofsharesoutstandingbasic": 463366000,
        "weightedaveragenumberofdilutedsharesoutstanding": 463366000,
        "incomelossfromcontinuingoperationsperbasicshare": -0.01,
        "earningspersharebasic": -0.01,
        "incomelossfromcontinuingoperationsperdilutedshare": -0.01,
        "earningspersharediluted": -0.01,
        "commonstockdividendspersharecashpaid": 0.61,
        "othercomprehensiveincomeforeigncurrencytransactionandtranslationgainlossarisingduringperiodnetoftax": -372494000,
        "othercomprehensiveincomelossderivativeexcludedcomponentincreasedecreaseafteradjustmentsandtax": 417567000,
        "othercomprehensiveincomelossnetoftax": 45073000,
        "comprehensiveincomenetoftaxincludingportionattributabletononcontrollinginterest": 42420000,
        "comprehensiveincomenetoftaxattributabletononcontrollinginterest": -20741000,
        "comprehensiveincomenetoftax": 63161000
    },
    {
        "date": "2022-06-29",
        "symbol": "WELL",
        "period": "Q2",
        "revenuefromcontractwithcustomerexcludingassessedtax": 644000,
        "operatingleaseleaseincome": 164229000,
        "revenues": 114305000,
        "costofgoodsandservicessold": 2645000,
        "depreciationandamortization": 310295000,
        "interestexpensedebt": 115418000,
        "sellinggeneralandadministrativeexpense": 36554000,
        "derivativegainlossonderivativenet": 1407000,
        "gainslossesonextinguishmentofdebt": -199000,
        "provisionforloanlossesexpensed": -1000,
        "otherexpenses": 5247000,
        "costsandexpenses": 1363209000,
        "incomelossfromcontinuingoperationsbeforeincometaxesminorityinterestandincomelossfromequitymethodinvestments": -159419000,
        "incometaxexpensebenefit": 3065000,
        "incomelossfromequitymethodinvestments": -263000,
        "gainslossesonsalesofinvestmentrealestate": -179000,
        "incomelossfromcontinuingoperationsincludingportionattributabletononcontrollinginterest": -162484000,
        "profitloss": -162484000,
        "netincomelossattributabletononcontrollinginterest": 5888000,
        "netincomelossavailabletocommonstockholdersbasic": 89784000,
        "weightedaveragenumberofsharesoutstandingbasic": 454327000,
        "weightedaveragenumberofdilutedsharesoutstanding": 457082000,
        "incomelossfromcontinuingoperationsperbasicshare": 0.21,
        "earningspersharebasic": 0.2,
        "incomelossfromcontinuingoperationsperdilutedshare": 0.21,
        "earningspersharediluted": 0.2,
        "commonstockdividendspersharecashpaid": 0.61,
        "othercomprehensiveincomeforeigncurrencytransactionandtranslationgainlossarisingduringperiodnetoftax": -306723000,
        "othercomprehensiveincomelossderivativeexcludedcomponentincreasedecreaseafteradjustmentsandtax": 284081000,
        "othercomprehensiveincomelossnetoftax": -22642000,
        "comprehensiveincomenetoftaxincludingportionattributabletononcontrollinginterest": 73030000,
        "comprehensiveincomenetoftaxattributabletononcontrollinginterest": -10031000,
        "comprehensiveincomenetoftax": 83061000
    },
    {
        "date": "2022-03-30",
        "symbol": "WELL",
        "period": "Q1",
        "revenuefromcontractwithcustomerexcludingassessedtax": 606000,
        "operatingleaseleaseincome": 160389000,
        "revenues": 112197000,
        "costofgoodsandservicessold": 2615000,
        "depreciationandamortization": 304088000,
        "interestexpensedebt": 109165000,
        "sellinggeneralandadministrativeexpense": 37706000,
        "derivativegainlossonderivativenet": -2578000,
        "gainslossesonextinguishmentofdebt": -3000,
        "provisionforloanandleaselosses": -6000,
        "otherexpenses": 26069000,
        "costsandexpenses": 1344990000,
        "incomelossfromcontinuingoperationsbeforeincometaxesminorityinterestandincomelossfromequitymethodinvestments": -154925000,
        "incometaxexpensebenefit": 5013000,
        "incomelossfromequitymethodinvestments": -645000,
        "gainslossesonsalesofinvestmentrealestate": -216000,
        "incomelossfromcontinuingoperationsincludingportionattributabletononcontrollinginterest": -159938000,
        "profitloss": -159938000,
        "netincomelossattributabletononcontrollinginterest": 3826000,
        "netincomelossavailabletocommonstockholdersbasic": 61925000,
        "weightedaveragenumberofsharesoutstandingbasic": 447379000,
        "weightedaveragenumberofdilutedsharesoutstanding": 449802000,
        "incomelossfromcontinuingoperationsperbasicshare": 0.15,
        "earningspersharebasic": 0.14,
        "incomelossfromcontinuingoperationsperdilutedshare": 0.15,
        "earningspersharediluted": 0.14,
        "commonstockdividendspersharecashpaid": 0.61,
        "othercomprehensiveincomeforeigncurrencytransactionandtranslationgainlossarisingduringperiodnetoftax": -66948000,
        "othercomprehensiveincomelossderivativeexcludedcomponentincreasedecreaseafteradjustmentsandtax": 51940000,
        "othercomprehensiveincomelossnetoftax": -15008000,
        "comprehensiveincomenetoftaxincludingportionattributabletononcontrollinginterest": 50743000,
        "comprehensiveincomenetoftaxattributabletononcontrollinginterest": 5974000,
        "comprehensiveincomenetoftax": 44769000
    },
    {
        "date": "2021-12-30",
        "symbol": "WELL",
        "period": "Q4",
        "revenuefromcontractwithcustomerexcludingassessedtax": 817000,
        "operatingleaseleaseincome": 155533000,
        "revenues": 105199000,
        "costofgoodsandservicessold": 1935000,
        "depreciationandamortization": 284501000,
        "interestexpensedebt": 107837000,
        "sellinggeneralandadministrativeexpense": 33109000,
        "derivativegainlossonderivativenet": 830000,
        "gainslossesonextinguishmentofdebt": -4648000,
        "assetimpairmentcharges": -20454000,
        "costsandexpenses": 3422722000,
        "incomelossfromcontinuingoperationsbeforeincometaxesminorityinterestandincomelossfromequitymethodinvestments": -143615000,
        "incometaxexpensebenefit": 125000,
        "incomelossfromequitymethodinvestments": -2328000,
        "gainslossesonsalesofinvestmentrealestate": 661000,
        "incomelossfromcontinuingoperationsincludingportionattributabletononcontrollinginterest": -145666000,
        "profitloss": -145666000,
        "netincomelossattributabletononcontrollinginterest": 7522000,
        "netincomelossavailabletocommonstockholdersbasic": 58672000,
        "weightedaveragenumberofsharesoutstandingbasic": -837748000,
        "weightedaveragenumberofdilutedsharesoutstanding": -841526000,
        "incomelossfromcontinuingoperationsperbasicshare": 0.16,
        "earningspersharebasic": 0.14000000000000004,
        "incomelossfromcontinuingoperationsperdilutedshare": 0.16,
        "earningspersharediluted": 0.13000000000000003,
        "othercomprehensiveincomeforeigncurrencytransactionandtranslationgainlossarisingduringperiodnetoftax": 2233000,
        "othercomprehensiveincomelossderivativeexcludedcomponentincreasedecreaseafteradjustmentsandtax": -21164000,
        "othercomprehensiveincomelossnetoftax": -18931000,
        "comprehensiveincomenetoftaxincludingportionattributabletononcontrollinginterest": 47263000,
        "comprehensiveincomenetoftaxattributabletononcontrollinginterest": 6730000,
        "comprehensiveincomenetoftax": 40533000
    },
    {
        "date": "2021-09-29",
        "symbol": "WELL",
        "period": "Q3",
        "revenuefromcontractwithcustomerexcludingassessedtax": 790000,
        "operatingleaseleaseincome": 157343000,
        "revenues": 103455000,
        "costofgoodsandservicessold": 3054000,
        "depreciationandamortization": 267754000,
        "interestexpensedebt": 106803000,
        "sellinggeneralandadministrativeexpense": 32256000,
        "derivativegainlossonderivativenet": 8078000,
        "gainslossesonextinguishmentofdebt": 5000,
        "provisionforloanandleaselosses": -100000,
        "assetimpairmentcharges": 1490000,
        "otherexpenses": 3575000,
        "costsandexpenses": 1148643000,
        "incomelossfromcontinuingoperationsbeforeincometaxesminorityinterestandincomelossfromequitymethodinvestments": -143057000,
        "incometaxexpensebenefit": 4940000,
        "incomelossfromequitymethodinvestments": -5060000,
        "gainslossesonsalesofinvestmentrealestate": 38857000,
        "incomelossfromcontinuingoperationsincludingportionattributabletononcontrollinginterest": -147997000,
        "profitloss": -147997000,
        "netincomelossattributabletononcontrollinginterest": 10673000,
        "netincomelossavailabletocommonstockholdersbasic": 179663000,
        "weightedaveragenumberofsharesoutstandingbasic": 428031000,
        "weightedaveragenumberofdilutedsharesoutstanding": 429983000,
        "incomelossfromcontinuingoperationsperbasicshare": 0.44,
        "earningspersharebasic": 0.42,
        "incomelossfromcontinuingoperationsperdilutedshare": 0.44,
        "earningspersharediluted": 0.42,
        "commonstockdividendspersharecashpaid": 0.61,
        "othercomprehensiveincomeforeigncurrencytransactionandtranslationgainlossarisingduringperiodnetoftax": -112263000,
        "othercomprehensiveincomelossderivativeexcludedcomponentincreasedecreaseafteradjustmentsandtax": 130711000,
        "othercomprehensiveincomelossnetoftax": 18448000,
        "comprehensiveincomenetoftaxincludingportionattributabletononcontrollinginterest": 208784000,
        "comprehensiveincomenetoftaxattributabletononcontrollinginterest": 4350000,
        "comprehensiveincomenetoftax": 204434000
    },
    {
        "date": "2021-06-29",
        "symbol": "WELL",
        "period": "Q2",
        "revenuefromcontractwithcustomerexcludingassessedtax": 740891000,
        "operatingleaseleaseincome": 354723000,
        "revenues": 1140992000,
        "costofgoodsandservicessold": 642657000,
        "depreciationandamortization": 240885000,
        "interestexpensedebt": 122341000,
        "sellinggeneralandadministrativeexpense": 31436000,
        "derivativegainlossonderivativenet": 359000,
        "gainslossesonextinguishmentofdebt": -55612000,
        "provisionforloanandleaselosses": 6197000,
        "assetimpairmentcharges": 23692000,
        "otherexpenses": 11687000,
        "costsandexpenses": 1134148000,
        "incomelossfromcontinuingoperationsbeforeincometaxesminorityinterestandincomelossfromequitymethodinvestments": 6844000,
        "incometaxexpensebenefit": -2221000,
        "incomelossfromequitymethodinvestments": -7976000,
        "gainslossesonsalesofinvestmentrealestate": 44668000,
        "incomelossfromcontinuingoperationsincludingportionattributabletononcontrollinginterest": 45757000,
        "profitloss": 45757000,
        "netincomelossattributabletononcontrollinginterest": 19500000,
        "netincomelossavailabletocommonstockholdersbasic": 26257000,
        "weightedaveragenumberofsharesoutstandingbasic": 417452000,
        "weightedaveragenumberofdilutedsharesoutstanding": 419305000,
        "incomelossfromcontinuingoperationsperbasicshare": 0.11,
        "earningspersharebasic": 0.06,
        "incomelossfromcontinuingoperationsperdilutedshare": 0.11,
        "earningspersharediluted": 0.06,
        "commonstockdividendspersharecashpaid": 0.61,
        "othercomprehensiveincomeforeigncurrencytransactionandtranslationgainlossarisingduringperiodnetoftax": 12994000,
        "othercomprehensiveincomelossderivativeexcludedcomponentincreasedecreaseafteradjustmentsandtax": -9808000,
        "othercomprehensiveincomelossnetoftax": 3186000,
        "comprehensiveincomenetoftaxincludingportionattributabletononcontrollinginterest": 48943000,
        "comprehensiveincomenetoftaxattributabletononcontrollinginterest": 22498000,
        "comprehensiveincomenetoftax": 26445000
    },
    {
        "date": "2021-03-30",
        "symbol": "WELL",
        "period": "Q1",
        "revenuefromcontractwithcustomerexcludingassessedtax": 723464000,
        "operatingleaseleaseincome": 302843000,
        "revenues": 1052062000,
        "costofgoodsandservicessold": 617326000,
        "depreciationandamortization": 244426000,
        "interestexpensedebt": 123142000,
        "sellinggeneralandadministrativeexpense": 29926000,
        "derivativegainlossonderivativenet": -1934000,
        "gainslossesonextinguishmentofdebt": 4643000,
        "provisionforloanandleaselosses": 1383000,
        "assetimpairmentcharges": 23568000,
        "otherexpenses": 10994000,
        "costsandexpenses": 1048056000,
        "incomelossfromcontinuingoperationsbeforeincometaxesminorityinterestandincomelossfromequitymethodinvestments": 4006000,
        "incometaxexpensebenefit": 3943000,
        "incomelossfromequitymethodinvestments": 13049000,
        "gainslossesonsalesofinvestmentrealestate": 59080000,
        "incomelossfromcontinuingoperationsincludingportionattributabletononcontrollinginterest": 72192000,
        "profitloss": 72192000,
        "netincomelossattributabletononcontrollinginterest": 646000,
        "netincomelossavailabletocommonstockholdersbasic": 71546000,
        "weightedaveragenumberofsharesoutstandingbasic": 417241000,
        "weightedaveragenumberofdilutedsharesoutstanding": 419079000,
        "incomelossfromcontinuingoperationsperbasicshare": 0.17,
        "earningspersharebasic": 0.17,
        "incomelossfromcontinuingoperationsperdilutedshare": 0.17,
        "earningspersharediluted": 0.17,
        "commonstockdividendspersharecashpaid": 0.61,
        "othercomprehensiveincomeforeigncurrencytransactionandtranslationgainlossarisingduringperiodnetoftax": 44210000,
        "othercomprehensiveincomelossderivativeexcludedcomponentincreasedecreaseafteradjustmentsandtax": -20037000,
        "othercomprehensiveincomelossnetoftax": 24173000,
        "comprehensiveincomenetoftaxincludingportionattributabletononcontrollinginterest": 96365000,
        "comprehensiveincomenetoftaxattributabletononcontrollinginterest": 4451000,
        "comprehensiveincomenetoftax": 91914000
    },
    {
        "date": "2020-12-30",
        "symbol": "WELL",
        "period": "Q4",
        "revenuefromcontractwithcustomerexcludingassessedtax": 713534000,
        "operatingleaseleaseincome": 382049000,
        "revenues": 1122016000,
        "costofgoodsandservicessold": 620561000,
        "depreciationandamortization": 242733000,
        "interestexpensedebt": 121173000,
        "sellinggeneralandadministrativeexpense": 27848000,
        "derivativegainlossonderivativenet": -569000,
        "assetimpairmentcharges": 9317000,
        "costsandexpenses": 1152170000,
        "incomelossfromcontinuingoperationsbeforeincometaxesminorityinterestandincomelossfromequitymethodinvestments": -30154000,
        "incometaxexpensebenefit": 290000,
        "incomelossfromequitymethodinvestments": 258000,
        "gainslossesonsalesofinvestmentrealestate": 185464000,
        "incomelossfromcontinuingoperationsincludingportionattributabletononcontrollinginterest": 155278000,
        "profitloss": 155278000,
        "netincomelossattributabletononcontrollinginterest": -8451000,
        "netincomelossavailabletocommonstockholdersbasic": 163729000,
        "weightedaveragenumberofsharesoutstandingbasic": -828966000,
        "weightedaveragenumberofdilutedsharesoutstanding": -833141000,
        "incomelossfromcontinuingoperationsperbasicshare": 0.3699999999999999,
        "earningspersharebasic": 0.3899999999999999,
        "incomelossfromcontinuingoperationsperdilutedshare": 0.37000000000000033,
        "earningspersharediluted": 0.3900000000000001,
        "othercomprehensiveincomeforeigncurrencytransactionandtranslationgainlossarisingduringperiodnetoftax": 212821000,
        "othercomprehensiveincomelossderivativeexcludedcomponentincreasedecreaseafteradjustmentsandtax": -220798000,
        "othercomprehensiveincomelossnetoftax": -7977000,
        "comprehensiveincomenetoftaxincludingportionattributabletononcontrollinginterest": 147301000,
        "comprehensiveincomenetoftaxattributabletononcontrollinginterest": 5607000,
        "comprehensiveincomenetoftax": 141694000
    },
    {
        "date": "2020-09-29",
        "symbol": "WELL",
        "period": "Q3",
        "revenuefromcontractwithcustomerexcludingassessedtax": 740956000,
        "operatingleaseleaseincome": 275046000,
        "revenues": 1036874000,
        "costofgoodsandservicessold": 634717000,
        "depreciationandamortization": 255532000,
        "interestexpensedebt": 124851000,
        "sellinggeneralandadministrativeexpense": 31003000,
        "derivativegainlossonderivativenet": -1395000,
        "gainslossesonextinguishmentofdebt": -33004000,
        "provisionforloanandleaselosses": 2857000,
        "assetimpairmentcharges": 23313000,
        "otherexpenses": 11544000,
        "costsandexpenses": 1118216000,
        "incomelossfromcontinuingoperationsbeforeincometaxesminorityinterestandincomelossfromequitymethodinvestments": -81342000,
        "incometaxexpensebenefit": 2003000,
        "incomelossfromequitymethodinvestments": -5981000,
        "gainslossesonsalesofinvestmentrealestate": 484304000,
        "incomelossfromcontinuingoperationsincludingportionattributabletononcontrollinginterest": 394978000,
        "profitloss": 394978000,
        "netincomelossattributabletononcontrollinginterest": 69393000,
        "netincomelossavailabletocommonstockholdersbasic": 325585000,
        "weightedaveragenumberofsharesoutstandingbasic": 417027000,
        "weightedaveragenumberofdilutedsharesoutstanding": 418987000,
        "incomelossfromcontinuingoperationsperbasicshare": 0.95,
        "earningspersharebasic": 0.78,
        "incomelossfromcontinuingoperationsperdilutedshare": 0.94,
        "earningspersharediluted": 0.77,
        "commonstockdividendspersharecashpaid": 0.61,
        "othercomprehensiveincomeforeigncurrencytransactionandtranslationgainlossarisingduringperiodnetoftax": 143353000,
        "othercomprehensiveincomelossderivativeexcludedcomponentincreasedecreaseafteradjustmentsandtax": -145512000,
        "othercomprehensiveincomelossnetoftax": -2159000,
        "comprehensiveincomenetoftaxincludingportionattributabletononcontrollinginterest": 392819000,
        "comprehensiveincomenetoftaxattributabletononcontrollinginterest": 76847000,
        "comprehensiveincomenetoftax": 315972000
    },
    {
        "date": "2020-06-29",
        "symbol": "WELL",
        "period": "Q2",
        "revenuefromcontractwithcustomerexcludingassessedtax": 769560000,
        "operatingleaseleaseincome": 396305000,
        "revenues": 1188475000,
        "costofgoodsandservicessold": 660764000,
        "depreciationandamortization": 265371000,
        "interestexpensedebt": 126357000,
        "sellinggeneralandadministrativeexpense": 34062000,
        "derivativegainlossonderivativenet": -1434000,
        "gainslossesonextinguishmentofdebt": -249000,
        "provisionforloanandleaselosses": 1422000,
        "assetimpairmentcharges": 75151000,
        "otherexpenses": 19411000,
        "costsandexpenses": 1184221000,
        "incomelossfromcontinuingoperationsbeforeincometaxesminorityinterestandincomelossfromequitymethodinvestments": 4254000,
        "incometaxexpensebenefit": 2233000,
        "incomelossfromequitymethodinvestments": 1332000,
        "gainslossesonsalesofinvestmentrealestate": 155863000,
        "incomelossfromcontinuingoperationsincludingportionattributabletononcontrollinginterest": 159216000,
        "profitloss": 159216000,
        "netincomelossattributabletononcontrollinginterest": -20030000,
        "netincomelossavailabletocommonstockholdersbasic": 179246000,
        "weightedaveragenumberofsharesoutstandingbasic": 417084000,
        "weightedaveragenumberofdilutedsharesoutstanding": 419121000,
        "incomelossfromcontinuingoperationsperbasicshare": 0.38,
        "earningspersharebasic": 0.43,
        "incomelossfromcontinuingoperationsperdilutedshare": 0.38,
        "earningspersharediluted": 0.42,
        "commonstockdividendspersharecashpaid": 0.61,
        "othercomprehensiveincomeforeigncurrencytransactionandtranslationgainlossarisingduringperiodnetoftax": 13015000,
        "othercomprehensiveincomelossderivativeexcludedcomponentincreasedecreaseafteradjustmentsandtax": -27171000,
        "othercomprehensiveincomelossnetoftax": -14156000,
        "comprehensiveincomenetoftaxincludingportionattributabletononcontrollinginterest": 145060000,
        "comprehensiveincomenetoftaxattributabletononcontrollinginterest": -13543000,
        "comprehensiveincomenetoftax": 158603000
    },
    {
        "date": "2020-03-30",
        "symbol": "WELL",
        "period": "Q1",
        "revenuefromcontractwithcustomerexcludingassessedtax": 849972000,
        "operatingleaseleaseincome": 389960000,
        "revenues": 1258602000,
        "costofgoodsandservicessold": 681781000,
        "depreciationandamortization": 274801000,
        "interestexpensedebt": 142007000,
        "sellinggeneralandadministrativeexpense": 35481000,
        "derivativegainlossonderivativenet": -7651000,
        "provisionforloanandleaselosses": 7072000,
        "assetimpairmentcharges": 27827000,
        "otherexpenses": 6292000,
        "costsandexpenses": 1182912000,
        "incomelossfromcontinuingoperationsbeforeincometaxesminorityinterestandincomelossfromequitymethodinvestments": 75690000,
        "incometaxexpensebenefit": 5442000,
        "incomelossfromequitymethodinvestments": -3692000,
        "gainslossesonsalesofinvestmentrealestate": 262824000,
        "incomelossfromcontinuingoperationsincludingportionattributabletononcontrollinginterest": 329380000,
        "profitloss": 329380000,
        "netincomelossattributabletononcontrollinginterest": 19096000,
        "netincomelossavailabletocommonstockholdersbasic": 310284000,
        "weightedaveragenumberofsharesoutstandingbasic": 410306000,
        "weightedaveragenumberofdilutedsharesoutstanding": 412420000,
        "incomelossfromcontinuingoperationsperbasicshare": 0.8,
        "earningspersharebasic": 0.76,
        "incomelossfromcontinuingoperationsperdilutedshare": 0.8,
        "earningspersharediluted": 0.75,
        "commonstockdividendspersharecashpaid": 0.87,
        "othercomprehensiveincomeforeigncurrencytransactionandtranslationgainlossarisingduringperiodnetoftax": -265577000,
        "othercomprehensiveincomelossderivativeexcludedcomponentincreasedecreaseafteradjustmentsandtax": 259112000,
        "othercomprehensiveincomelossnetoftax": -6465000,
        "comprehensiveincomenetoftaxincludingportionattributabletononcontrollinginterest": 322915000,
        "comprehensiveincomenetoftaxattributabletononcontrollinginterest": -3313000,
        "comprehensiveincomenetoftax": 326228000
    },
    {
        "date": "2019-12-30",
        "symbol": "WELL",
        "period": "Q4",
        "profitloss": 240136000,
        "othercomprehensiveincomeforeigncurrencytransactionandtranslationgainlossarisingduringperiodnetoftax": 238156000,
        "othercomprehensiveincomelossderivativeexcludedcomponentincreasedecreaseafteradjustmentsandtax": -222792000,
        "othercomprehensiveincomelossnetoftax": 15904000,
        "comprehensiveincomenetoftaxincludingportionattributabletononcontrollinginterest": 256040000,
        "comprehensiveincomenetoftaxattributabletononcontrollinginterest": 26197000,
        "comprehensiveincomenetoftax": 229843000,
        "revenuefromcontractwithcustomerexcludingassessedtax": 831684000,
        "operatingleaseleaseincome": 409583000,
        "revenues": 1262822000,
        "costofgoodsandservicessold": 662520000,
        "depreciationandamortization": 262644000,
        "interestexpensedebt": 131648000,
        "sellinggeneralandadministrativeexpense": 26507000,
        "derivativegainlossonderivativenet": 5069000,
        "otherexpenses": 16042000,
        "incomelossfromcontinuingoperationsbeforeincometaxesminorityinterestandincomelossfromequitymethodinvestments": 165820000,
        "incometaxexpensebenefit": -4832000,
        "incomelossfromequitymethodinvestments": 57420000,
        "gainslossesonsalesofinvestmentrealestate": 12064000,
        "incomelossfromcontinuingoperationsincludingportionattributabletononcontrollinginterest": 240136000,
        "netincomelossattributabletononcontrollinginterest": 15812000,
        "netincomelossavailabletocommonstockholdersbasic": 224324000,
        "weightedaveragenumberofsharesoutstandingbasic": 1404000,
        "weightedaveragenumberofdilutedsharesoutstanding": 1396000,
        "incomelossfromcontinuingoperationsperbasicshare": 0.5899999999999996,
        "earningspersharebasic": 0.5499999999999998,
        "incomelossfromcontinuingoperationsperdilutedshare": 0.5800000000000001,
        "earningspersharediluted": 0.5399999999999998
    },
    {
        "date": "2019-09-29",
        "symbol": "WELL",
        "period": "Q3",
        "operatingleaseleaseincome": 412147000,
        "revenuefromcontractwithcustomerexcludingassessedtax": 834121000,
        "revenues": 1266133000,
        "costofgoodsandservicessold": 655588000,
        "depreciationandamortization": 272445000,
        "interestexpensedebt": 137343000,
        "sellinggeneralandadministrativeexpense": 31019000,
        "derivativegainlossonderivativenet": -1244000,
        "otherexpenses": 6186000,
        "operatingexpenses": 1187745000,
        "incomelossfromcontinuingoperationsbeforeincometaxesminorityinterestandincomelossfromequitymethodinvestments": 78388000,
        "incometaxexpensebenefit": 3968000,
        "incomelossfromequitymethodinvestments": 3262000,
        "gainslossesonsalesofinvestmentrealestate": 570250000,
        "incomelossfromcontinuingoperationsincludingportionattributabletononcontrollinginterest": 647932000,
        "profitloss": 647932000,
        "netincomelossattributabletononcontrollinginterest": 58056000,
        "netincomelossavailabletocommonstockholdersbasic": 589876000,
        "weightedaveragenumberofsharesoutstandingbasic": 2368000,
        "weightedaveragenumberofdilutedsharesoutstanding": 2316000,
        "incomelossfromcontinuingoperationsperbasicshare": 1.6100000000000003,
        "earningspersharebasic": 1.47,
        "incomelossfromcontinuingoperationsperdilutedshare": 1.5999999999999999,
        "earningspersharediluted": 1.46,
        "commonstockdividendspersharecashpaid": 0.8699999999999998,
        "othercomprehensiveincomeforeigncurrencytransactionandtranslationgainlossarisingduringperiodnetoftax": -100837000,
        "othercomprehensiveincomelossderivativeexcludedcomponentincreasedecreaseafteradjustmentsandtax": 78947000,
        "othercomprehensiveincomelossnetoftax": -21890000,
        "comprehensiveincomenetoftaxincludingportionattributabletononcontrollinginterest": 626042000,
        "comprehensiveincomenetoftaxattributabletononcontrollinginterest": 53220000,
        "comprehensiveincomenetoftax": 572822000
    },
    {
        "date": "2019-06-29",
        "symbol": "WELL",
        "period": "Q2",
        "operatingleaseleaseincome": 385586000,
        "revenuefromcontractwithcustomerexcludingassessedtax": 914085000,
        "revenues": 1320106000,
        "costofgoodsandservicessold": 701127000,
        "depreciationandamortization": 248052000,
        "interestexpensedebt": 141336000,
        "sellinggeneralandadministrativeexpense": 33741000,
        "derivativegainlossonderivativenet": -1913000,
        "gainslossesonextinguishmentofdebt": 0,
        "provisionforloanandleaselosses": 0,
        "otherexpenses": 21628000,
        "operatingexpenses": 1157736000,
        "incomelossfromcontinuingoperationsbeforeincometaxesminorityinterestandincomelossfromequitymethodinvestments": 162370000,
        "incometaxexpensebenefit": 1599000,
        "incomelossfromequitymethodinvestments": -9049000,
        "gainslossesonsalesofinvestmentrealestate": -1682000,
        "incomelossfromcontinuingoperationsincludingportionattributabletononcontrollinginterest": 150040000,
        "profitloss": 150040000,
        "netincomelossattributabletononcontrollinginterest": 12278000,
        "netincomelossavailabletocommonstockholdersbasic": 137762000,
        "weightedaveragenumberofsharesoutstandingbasic": 6599000,
        "weightedaveragenumberofdilutedsharesoutstanding": 6644000,
        "incomelossfromcontinuingoperationsperbasicshare": 0.3600000000000001,
        "earningspersharebasic": 0.33000000000000007,
        "incomelossfromcontinuingoperationsperdilutedshare": 0.3700000000000001,
        "earningspersharediluted": 0.3400000000000001,
        "commonstockdividendspersharecashpaid": 0.87,
        "othercomprehensiveincomeforeigncurrencytransactionandtranslationgainlossarisingduringperiodnetoftax": -54024000,
        "othercomprehensiveincomelossderivativeexcludedcomponentincreasedecreaseafteradjustmentsandtax": 100407000,
        "othercomprehensiveincomelossnetoftax": 46383000,
        "comprehensiveincomenetoftaxincludingportionattributabletononcontrollinginterest": 196423000,
        "comprehensiveincomenetoftaxattributabletononcontrollinginterest": 14665000,
        "comprehensiveincomenetoftax": 181758000
    },
    {
        "date": "2019-03-30",
        "symbol": "WELL",
        "period": "Q1",
        "revenuefromcontractwithcustomerexcludingassessedtax": 868285000,
        "operatingleaseleaseincome": 381084000,
        "revenues": 1272245000,
        "costofgoodsandservicessold": 670807000,
        "depreciationandamortization": 243932000,
        "interestexpensedebt": 145232000,
        "sellinggeneralandadministrativeexpense": 35282000,
        "derivativegainlossonderivativenet": 2487000,
        "gainslossesonextinguishmentofdebt": -15719000,
        "provisionforloanandleaselosses": 18690000,
        "otherexpenses": 8756000,
        "operatingexpenses": 1135931000,
        "incomelossfromcontinuingoperationsbeforeincometaxesminorityinterestandincomelossfromequitymethodinvestments": 136314000,
        "incometaxexpensebenefit": 2222000,
        "incomelossfromequitymethodinvestments": -9199000,
        "gainslossesonsalesofinvestmentrealestate": 167409000,
        "incomelossfromcontinuingoperationsincludingportionattributabletononcontrollinginterest": 292302000,
        "profitloss": 292302000,
        "netincomelossattributabletononcontrollinginterest": 11832000,
        "netincomelossavailabletocommonstockholdersbasic": 280470000,
        "weightedaveragenumberofsharesoutstandingbasic": 391474000,
        "weightedaveragenumberofdilutedsharesoutstanding": 393452000,
        "incomelossfromcontinuingoperationsperbasicshare": 0.75,
        "earningspersharebasic": 0.72,
        "incomelossfromcontinuingoperationsperdilutedshare": 0.74,
        "earningspersharediluted": 0.71,
        "commonstockdividendspersharecashpaid": 0.87,
        "othercomprehensiveincomeforeigncurrencytransactionandtranslationgainlossarisingduringperiodnetoftax": 78620000,
        "othercomprehensiveincomelossderivativeexcludedcomponentincreasedecreaseafteradjustmentsandtax": -87682000,
        "othercomprehensiveincomelossnetoftax": -9062000,
        "comprehensiveincomenetoftaxincludingportionattributabletononcontrollinginterest": 283240000,
        "comprehensiveincomenetoftaxattributabletononcontrollinginterest": 17619000,
        "comprehensiveincomenetoftax": 265621000
    },
    {
        "date": "2018-12-30",
        "symbol": "WELL",
        "period": "Q4",
        "profitloss": 697955000,
        "othercomprehensiveincomeforeigncurrencytransactionandtranslationgainlossarisingduringperiodnetoftax": -4742000,
        "othercomprehensiveincomelossnetoftax": -8284000,
        "comprehensiveincomenetoftaxincludingportionattributabletononcontrollinginterest": 120298000,
        "comprehensiveincomenetoftaxattributabletononcontrollinginterest": -1863000,
        "comprehensiveincomenetoftax": 122161000,
        "ownedpropertymanagementcosts": 2432434000,
        "depreciationandamortization": 778735000,
        "interestexpensedebt": 418570000,
        "sellinggeneralandadministrativeexpense": 31101000,
        "gainslossesonextinguishmentofdebt": -11792000,
        "assetimpairmentcharges": 104680000,
        "otherexpenses": 22683000,
        "operatingexpenses": 1157151000,
        "incomelossfromcontinuingoperationsbeforeincometaxesminorityinterestandincomelossfromequitymethodinvestments": 337917000,
        "incometaxexpensebenefit": 8916000,
        "incomelossfromequitymethodinvestments": -12310000,
        "gainslossesonsalesofinvestmentrealestate": 380029000,
        "incomelossfromcontinuingoperationsincludingportionattributabletononcontrollinginterest": 733496000,
        "dividendspreferredstock": 11676000,
        "netincomelossattributabletononcontrollinginterest": 11257000,
        "netincomelossavailabletocommonstockholdersbasic": 101763000,
        "weightedaveragenumberofsharesoutstandingbasic": -742469000,
        "weightedaveragenumberofdilutedsharesoutstanding": -745569000,
        "incomelossfromcontinuingoperationsperbasicshare": 1.33,
        "earningspersharebasic": 0.26,
        "incomelossfromcontinuingoperationsperdilutedshare": 1.3199999999999998,
        "earningspersharediluted": 0.27000000000000024
    },
    {
        "date": "2018-09-29",
        "symbol": "WELL",
        "period": "Q3",
        "profitloss": 83831000,
        "othercomprehensiveincomeforeigncurrencytransactionandtranslationgainlossarisingduringperiodnetoftax": -3093000,
        "othercomprehensiveincomelossnetoftax": -3093000,
        "comprehensiveincomenetoftaxincludingportionattributabletononcontrollinginterest": 81133000,
        "comprehensiveincomenetoftaxattributabletononcontrollinginterest": 10933000,
        "comprehensiveincomenetoftax": 70200000,
        "revenuefromcontractwithcustomerexcludingassessedtax": 1007203000,
        "interestexpensedebt": 3500000,
        "ownedpropertymanagementcosts": 426000,
        "depreciationandamortization": 60383000,
        "sellinggeneralandadministrativeexpense": 28746000,
        "derivativegainlossonderivativenet": -8991000,
        "gainslossesonextinguishmentofdebt": -4038000,
        "assetimpairmentcharges": 6178000,
        "otherexpenses": 87076000,
        "operatingexpenses": 1175479000,
        "incomelossfromcontinuingoperationsbeforeincometaxesminorityinterestandincomelossfromequitymethodinvestments": 52556000,
        "incometaxexpensebenefit": -1116000,
        "incomelossfromequitymethodinvestments": 5377000,
        "incomelossfromcontinuingoperationsincludingportionattributabletononcontrollinginterest": 59049000,
        "gainslossesonsalesofinvestmentrealestate": 24782000,
        "dividendspreferredstock": 11676000,
        "netincomelossattributabletononcontrollinginterest": 8166000,
        "netincomelossavailabletocommonstockholdersbasic": 64384000,
        "weightedaveragenumberofsharesoutstandingbasic": 373023000,
        "weightedaveragenumberofdilutedsharesoutstanding": 374487000,
        "incomelossfromcontinuingoperationsperbasicshare": 0.16,
        "earningspersharebasic": 0.17,
        "incomelossfromcontinuingoperationsperdilutedshare": 0.16,
        "earningspersharediluted": 0.17,
        "commonstockdividendspersharecashpaid": 0.87
    },
    {
        "date": "2018-06-29",
        "symbol": "WELL",
        "period": "Q2",
        "profitloss": 184391000,
        "othercomprehensiveincomeforeigncurrencytransactionandtranslationgainlossarisingduringperiodnetoftax": -50123000,
        "othercomprehensiveincomelossnetoftax": -50123000,
        "comprehensiveincomenetoftaxincludingportionattributabletononcontrollinginterest": 117150000,
        "comprehensiveincomenetoftaxattributabletononcontrollinginterest": -7580000,
        "comprehensiveincomenetoftax": 124730000,
        "revenuefromcontractwithcustomerexcludingassessedtax": 895734000,
        "interestexpensedebt": 3800000,
        "ownedpropertymanagementcosts": 136000,
        "depreciationandamortization": 55309000,
        "sellinggeneralandadministrativeexpense": 32831000,
        "derivativegainlossonderivativenet": 7460000,
        "gainslossesonextinguishmentofdebt": -299000,
        "assetimpairmentcharges": 2420000,
        "otherexpenses": 957000,
        "operatingexpenses": 966802000,
        "incomelossfromcontinuingoperationsbeforeincometaxesminorityinterestandincomelossfromequitymethodinvestments": 169258000,
        "incometaxexpensebenefit": 688000,
        "incomelossfromequitymethodinvestments": 5062000,
        "incomelossfromcontinuingoperationsincludingportionattributabletononcontrollinginterest": 173632000,
        "gainslossesonsalesofinvestmentrealestate": 10759000,
        "dividendspreferredstock": 11676000,
        "netincomelossattributabletononcontrollinginterest": 1165000,
        "netincomelossavailabletocommonstockholdersbasic": 154432000,
        "weightedaveragenumberofsharesoutstandingbasic": 371640000,
        "weightedaveragenumberofdilutedsharesoutstanding": 373075000,
        "incomelossfromcontinuingoperationsperbasicshare": 0.42,
        "earningspersharebasic": 0.42,
        "incomelossfromcontinuingoperationsperdilutedshare": 0.42,
        "earningspersharediluted": 0.41,
        "commonstockdividendspersharecashpaid": 0.87
    },
    {
        "date": "2018-03-30",
        "symbol": "WELL",
        "period": "Q1",
        "incomelossfromcontinuingoperationsperbasicshare": 0.31,
        "earningspersharebasic": 1.18,
        "incomelossfromcontinuingoperationsperdilutedshare": 0.31,
        "earningspersharediluted": 1.17,
        "operatingleasesincomestatementleaserevenue": 206831000,
        "healthcareorganizationresidentservicerevenue": 735934000,
        "interestincomeoperating": 14551000,
        "otheroperatingincome": 368000,
        "revenues": 116651000,
        "interestexpensedebt": 100722000,
        "ownedpropertymanagementcosts": 21000,
        "depreciationandamortization": 56032000,
        "sellinggeneralandadministrativeexpense": 33705000,
        "derivativegainlossonderivativeandfinancialinstrumentnet": 7173000,
        "gainslossesonextinguishmentofdebt": 32000,
        "assetimpairmentcharges": 2301000,
        "otherexpenses": 2182000,
        "operatingexpenses": 977577000,
        "incomelossfromcontinuingoperationsbeforeincometaxesminorityinterestandincomelossfromequitymethodinvestments": -136241000,
        "incometaxexpensebenefit": 186000,
        "incomelossfromequitymethodinvestments": 1230000,
        "incomelossfromcontinuingoperationsincludingportionattributabletononcontrollinginterest": -136427000,
        "gainslossesonsalesofinvestmentrealestate": 5000,
        "profitloss": -136427000,
        "dividendspreferredstock": 11676000,
        "netincomelossattributabletononcontrollinginterest": 4208000,
        "netincomelossavailabletocommonstockholdersbasic": 437671000,
        "weightedaveragenumberofsharesoutstandingbasic": 371426000,
        "weightedaveragenumberofdilutedsharesoutstanding": 373257000,
        "commonstockdividendspersharecashpaid": 0.87,
        "othercomprehensiveincomeforeigncurrencytransactionandtranslationgainlossarisingduringperiodnetoftax": 16326000,
        "othercomprehensiveincomelossnetoftax": 20212000,
        "comprehensiveincomenetoftaxincludingportionattributabletononcontrollinginterest": 469881000,
        "comprehensiveincomenetoftaxattributabletononcontrollinginterest": 322000,
        "comprehensiveincomenetoftax": 469559000
    },
    {
        "date": "2017-12-30",
        "symbol": "WELL",
        "period": "Q4",
        "incomelossfromcontinuingoperationsperbasicshare": -1.04,
        "earningspersharebasic": -0.31000000000000005,
        "incomelossfromcontinuingoperationsperdilutedshare": -1.0299999999999998,
        "earningspersharediluted": -0.2999999999999998,
        "operatingleasesincomestatementleaserevenue": -106675000,
        "healthcareorganizationresidentservicerevenue": 729666000,
        "interestincomeoperating": -61698000,
        "otheroperatingincome": 367000,
        "revenues": 1742416000,
        "interestexpensedebt": 105319000,
        "ownedpropertymanagementcosts": 368572000,
        "depreciationandamortization": 302124000,
        "sellinggeneralandadministrativeexpense": 28365000,
        "derivativegainlossonderivativenet": 0,
        "otherexpenses": 39947000,
        "operatingexpenses": 1165270000,
        "incomelossfromcontinuingoperationsbeforeincometaxesminorityinterestandincomelossfromequitymethodinvestments": -173264000,
        "incometaxexpensebenefit": -2943000,
        "incomelossfromequitymethodinvestments": -107104000,
        "incomelossfromcontinuingoperationsincludingportionattributabletononcontrollinginterest": -170321000,
        "profitloss": 130583000,
        "dividendspreferredstock": 11676000,
        "netincomelossattributabletononcontrollinginterest": 10104000,
        "netincomelossavailabletocommonstockholdersbasic": -111523000,
        "weightedaveragenumberofsharesoutstandingbasic": 1141000,
        "weightedaveragenumberofdilutedsharesoutstanding": 1107000
    },
    {
        "date": "2017-09-29",
        "symbol": "WELL",
        "period": "Q3",
        "incomelossfromcontinuingoperationsperbasicshare": 0.20000000000000007,
        "earningspersharebasic": 0.20000000000000007,
        "incomelossfromcontinuingoperationsperdilutedshare": 0.18999999999999984,
        "earningspersharediluted": 0.18999999999999984,
        "operatingleasesincomestatementleaserevenue": 221555000,
        "healthcareorganizationresidentservicerevenue": 702380000,
        "interestincomeoperating": 20187000,
        "otheroperatingincome": 699000,
        "revenues": 115024000,
        "interestexpensedebt": 99659000,
        "ownedpropertymanagementcosts": 523997000,
        "depreciationandamortization": 62891000,
        "sellinggeneralandadministrativeexpense": 29910000,
        "derivativegainlossonderivativenet": -324000,
        "gainslossesonextinguishmentofdebt": 0,
        "otherexpenses": 4672000,
        "operatingexpenses": 1006541000,
        "incomelossfromcontinuingoperationsbeforeincometaxesminorityinterestandincomelossfromequitymethodinvestments": -133542000,
        "incometaxexpensebenefit": 187000,
        "incomelossfromequitymethodinvestments": 817000,
        "incomelossfromcontinuingoperationsincludingportionattributabletononcontrollinginterest": -134415000,
        "profitloss": -134415000,
        "dividendspreferredstock": 11675000,
        "netincomelossattributabletononcontrollinginterest": 3579000,
        "netincomelossavailabletocommonstockholdersbasic": 74050000,
        "weightedaveragenumberofsharesoutstandingbasic": 1545000,
        "weightedaveragenumberofdilutedsharesoutstanding": 1471000,
        "commonstockdividendspersharecashpaid": 0.8699999999999998,
        "othercomprehensiveincomeunrealizedholdinggainlossonsecuritiesarisingduringperiodnetoftax": -3808000,
        "othercomprehensiveincomeforeigncurrencytransactionandtranslationgainlossarisingduringperiodnetoftax": 37343000,
        "othercomprehensiveincomelossnetoftax": 22384000,
        "comprehensiveincomenetoftaxincludingportionattributabletononcontrollinginterest": 122841000,
        "comprehensiveincomenetoftaxattributabletononcontrollinginterest": 14732000,
        "comprehensiveincomenetoftax": 108109000
    },
    {
        "date": "2017-06-29",
        "symbol": "WELL",
        "period": "Q2",
        "incomelossfromcontinuingoperationsperbasicshare": 0.5100000000000001,
        "earningspersharebasic": 0.5100000000000001,
        "incomelossfromcontinuingoperationsperdilutedshare": 0.5100000000000001,
        "earningspersharediluted": 0.5100000000000001,
        "operatingleasesincomestatementleaserevenue": 217890000,
        "healthcareorganizationresidentservicerevenue": 677040000,
        "interestincomeoperating": 20901000,
        "otheroperatingincome": 239000,
        "revenues": 106912000,
        "interestexpensedebt": 96191000,
        "ownedpropertymanagementcosts": 501855000,
        "depreciationandamortization": 60173000,
        "sellinggeneralandadministrativeexpense": 32632000,
        "derivativegainlossonderivativenet": -736000,
        "gainslossesonextinguishmentofdebt": 1000,
        "assetimpairmentcharges": 0,
        "otherexpenses": 1683000,
        "operatingexpenses": 901785000,
        "incomelossfromcontinuingoperationsbeforeincometaxesminorityinterestandincomelossfromequitymethodinvestments": -130267000,
        "incometaxexpensebenefit": 663000,
        "incomelossfromequitymethodinvestments": 604000,
        "incomelossfromcontinuingoperationsincludingportionattributabletononcontrollinginterest": -130244000,
        "gainslossesonsalesofinvestmentrealestate": 0,
        "profitloss": -130244000,
        "dividendspreferredstock": 11680000,
        "preferredstockredemptionpremium": 0,
        "netincomelossattributabletononcontrollinginterest": 3333000,
        "netincomelossavailabletocommonstockholdersbasic": 188429000,
        "weightedaveragenumberofsharesoutstandingbasic": 2017000,
        "weightedaveragenumberofdilutedsharesoutstanding": 1771000,
        "commonstockdividendspersharecashpaid": 0.87,
        "othercomprehensiveincomeunrealizedholdinggainlossonsecuritiesarisingduringperiodnetoftax": -5908000,
        "othercomprehensiveincomeforeigncurrencytransactionandtranslationgainlossarisingduringperiodnetoftax": 27713000,
        "othercomprehensiveincomelossnetoftax": 13576000,
        "comprehensiveincomenetoftaxincludingportionattributabletononcontrollinginterest": 225247000,
        "comprehensiveincomenetoftaxattributabletononcontrollinginterest": 11562000,
        "comprehensiveincomenetoftax": 213685000
    },
    {
        "date": "2017-03-30",
        "symbol": "WELL",
        "period": "Q1",
        "incomelossfromcontinuingoperationsperbasicshare": 0.86,
        "earningspersharebasic": 0.86,
        "incomelossfromcontinuingoperationsperdilutedshare": 0.86,
        "earningspersharediluted": 0.86,
        "operatingleasesincomestatementleaserevenue": 227290000,
        "healthcareorganizationresidentservicerevenue": 670337000,
        "interestincomeoperating": 20679000,
        "otheroperatingincome": 233000,
        "revenues": 109787000,
        "interestexpensedebt": 94979000,
        "ownedpropertymanagementcosts": 510169000,
        "depreciationandamortization": 59608000,
        "sellinggeneralandadministrativeexpense": 31101000,
        "derivativegainlossonderivativenet": -1224000,
        "gainslossesonextinguishmentofdebt": -29084000,
        "assetimpairmentcharges": 5625000,
        "otherexpenses": 4527000,
        "operatingexpenses": 943429000,
        "incomelossfromcontinuingoperationsbeforeincometaxesminorityinterestandincomelossfromequitymethodinvestments": -130374000,
        "incometaxexpensebenefit": 23000,
        "incomelossfromequitymethodinvestments": 447000,
        "incomelossfromcontinuingoperationsincludingportionattributabletononcontrollinginterest": -130397000,
        "gainslossesonsalesofinvestmentrealestate": 13011000,
        "profitloss": -130397000,
        "dividendspreferredstock": 14379000,
        "preferredstockredemptionpremium": 9769000,
        "netincomelossattributabletononcontrollinginterest": 823000,
        "netincomelossavailabletocommonstockholdersbasic": 312639000,
        "weightedaveragenumberofsharesoutstandingbasic": 362534000,
        "weightedaveragenumberofdilutedsharesoutstanding": 364652000,
        "commonstockdividendspersharecashpaid": 0.87,
        "othercomprehensiveincomeunrealizedholdinggainlossonsecuritiesarisingduringperiodnetoftax": -10569000,
        "othercomprehensiveincomeforeigncurrencytransactionandtranslationgainlossarisingduringperiodnetoftax": 5713000,
        "othercomprehensiveincomelossnetoftax": -7669000,
        "comprehensiveincomenetoftaxincludingportionattributabletononcontrollinginterest": 332754000,
        "comprehensiveincomenetoftaxattributabletononcontrollinginterest": 3636000,
        "comprehensiveincomenetoftax": 329118000
    },
    {
        "date": "2016-12-30",
        "symbol": "WELL",
        "period": "Q4",
        "incomelossfromcontinuingoperationsperbasicshare": 0.9300000000000002,
        "earningspersharebasic": 0.9300000000000002,
        "incomelossfromcontinuingoperationsperdilutedshare": 0.9200000000000002,
        "earningspersharediluted": 0.9200000000000002,
        "operatingleasesincomestatementleaserevenue": -320694000,
        "interestincomeoperating": -63662000,
        "otheroperatingincome": 234000,
        "revenues": 113190000,
        "interestexpensedebt": 151235000,
        "ownedpropertymanagementcosts": 329734000,
        "depreciationandamortization": 185523000,
        "sellinggeneralandadministrativeexpense": 32807000,
        "businesscombinationacquisitionrelatedcosts": 23447000,
        "operatingexpenses": 941134000,
        "incomelossfromcontinuingoperationsbeforeincometaxesminorityinterestandincomelossfromequitymethodinvestments": -209084000,
        "incometaxexpensebenefit": -25765000,
        "incomelossfromequitymethodinvestments": -20530000,
        "incomelossfromcontinuingoperationsincludingportionattributabletononcontrollinginterest": -183319000,
        "profitloss": -183319000,
        "dividendspreferredstock": 16351000,
        "netincomelossattributabletononcontrollinginterest": 1714000,
        "netincomelossavailabletocommonstockholdersbasic": 333044000,
        "weightedaveragenumberofsharesoutstandingbasic": 1364000,
        "weightedaveragenumberofdilutedsharesoutstanding": 1475000
    },
    {
        "date": "2016-09-29",
        "symbol": "WELL",
        "period": "Q3",
        "incomelossfromcontinuingoperationsperbasicshare": 0.9299999999999999,
        "earningspersharebasic": 0.9299999999999999,
        "incomelossfromcontinuingoperationsperdilutedshare": 0.9299999999999999,
        "earningspersharediluted": 0.9299999999999999,
        "operatingleasesincomestatementleaserevenue": 286226000,
        "interestincomeoperating": 23018000,
        "otheroperatingincome": -1990000,
        "revenues": 110015000,
        "interestexpensedebt": 240177000,
        "ownedpropertymanagementcosts": 473680000,
        "depreciationandamortization": 74297000,
        "sellinggeneralandadministrativeexpense": 36828000,
        "businesscombinationacquisitionrelatedcosts": 1617000,
        "gainslossesonextinguishmentofdebt": 0,
        "operatingexpenses": 885300000,
        "incomelossfromcontinuingoperationsbeforeincometaxesminorityinterestandincomelossfromequitymethodinvestments": -806865000,
        "incometaxexpensebenefit": -269000,
        "incomelossfromequitymethodinvestments": 144000,
        "incomelossfromcontinuingoperationsincludingportionattributabletononcontrollinginterest": -118652000,
        "profitloss": -118652000,
        "dividendspreferredstock": 16352000,
        "netincomelossattributabletononcontrollinginterest": 3477000,
        "netincomelossavailabletocommonstockholdersbasic": 334909000,
        "weightedaveragenumberofsharesoutstandingbasic": 1032000,
        "weightedaveragenumberofdilutedsharesoutstanding": 1263000,
        "commonstockdividendspersharecashpaid": 0.8600000000000002,
        "othercomprehensiveincomeunrealizedholdinggainlossonsecuritiesarisingduringperiodnetoftax": 5908000,
        "othercomprehensiveincomeunrealizedgainlossonderivativesarisingduringperiodnetoftax": 401000,
        "othercomprehensiveincomeforeigncurrencytransactionandtranslationgainlossarisingduringperiodnetoftax": 516000,
        "othercomprehensiveincomelossnetoftax": 8454000,
        "comprehensiveincomenetoftaxincludingportionattributabletononcontrollinginterest": 361561000,
        "comprehensiveincomenetoftaxattributabletononcontrollinginterest": 1846000,
        "comprehensiveincomenetoftax": 359715000
    },
    {
        "date": "2016-06-29",
        "symbol": "WELL",
        "period": "Q2",
        "incomelossfromcontinuingoperationsperbasicshare": 0.55,
        "earningspersharebasic": 0.55,
        "incomelossfromcontinuingoperationsperdilutedshare": 0.54,
        "earningspersharediluted": 0.54,
        "operatingleasesincomestatementleaserevenue": 155295000,
        "otherrealestaterevenue": 615220000,
        "interestincomeoperating": 21971000,
        "otheroperatingincome": 1205000,
        "revenues": 111949000,
        "interestexpensedebt": 2017000,
        "ownedpropertymanagementcosts": 458832000,
        "depreciationandamortization": 75809000,
        "sellinggeneralandadministrativeexpense": 39915000,
        "businesscombinationacquisitionrelatedcosts": 1291000,
        "gainslossesonextinguishmentofdebt": -121000,
        "assetimpairmentcharges": 0,
        "operatingexpenses": 865992000,
        "incomelossfromcontinuingoperationsbeforeincometaxesminorityinterestandincomelossfromequitymethodinvestments": 231071000,
        "incometaxexpensebenefit": 1049000,
        "incomelossfromequitymethodinvestments": -90000,
        "incomelossfromcontinuingoperationsincludingportionattributabletononcontrollinginterest": -125887000,
        "profitloss": -125887000,
        "dividendspreferredstock": 16351000,
        "netincomelossattributabletononcontrollinginterest": -1077000,
        "netincomelossavailabletocommonstockholdersbasic": 195475000,
        "weightedaveragenumberofsharesoutstandingbasic": 803000,
        "weightedaveragenumberofdilutedsharesoutstanding": 1438000,
        "commonstockdividendspersharecashpaid": 0.86,
        "othercomprehensiveincomeunrealizedholdinggainlossonsecuritiesarisingduringperiodnetoftax": -3611000,
        "othercomprehensiveincomeunrealizedgainlossonderivativesarisingduringperiodnetoftax": 487000,
        "definedbenefitplanamountsrecognizedinothercomprehensiveincomelossnetgainlossbeforetax": 0,
        "othercomprehensiveincomeforeigncurrencytransactionandtranslationgainlossarisingduringperiodnetoftax": -50384000,
        "othercomprehensiveincomelossnetoftax": -50585000,
        "comprehensiveincomenetoftaxincludingportionattributabletononcontrollinginterest": 157241000,
        "comprehensiveincomenetoftaxattributabletononcontrollinginterest": -4000000,
        "comprehensiveincomenetoftax": 161241000
    },
    {
        "date": "2016-03-30",
        "symbol": "WELL",
        "period": "Q1",
        "incomelossfromcontinuingoperationsperbasicshare": 0.42,
        "earningspersharebasic": 0.42,
        "incomelossfromcontinuingoperationsperdilutedshare": 0.42,
        "earningspersharediluted": 0.42,
        "operatingleasesincomestatementleaserevenue": 415663000,
        "otherrealestaterevenue": 602149000,
        "interestincomeoperating": 22853000,
        "otheroperatingincome": 1490000,
        "revenues": 104138000,
        "interestexpensedebt": 5606000,
        "ownedpropertymanagementcosts": 449636000,
        "depreciationandamortization": 79800000,
        "sellinggeneralandadministrativeexpense": 45691000,
        "businesscombinationacquisitionrelatedcosts": 2852000,
        "gainslossesonextinguishmentofdebt": 24000,
        "assetimpairmentcharges": 14314000,
        "operatingexpenses": 879481000,
        "incomelossfromcontinuingoperationsbeforeincometaxesminorityinterestandincomelossfromequitymethodinvestments": 205620000,
        "incometaxexpensebenefit": 497000,
        "incomelossfromequitymethodinvestments": 34000,
        "incomelossfromcontinuingoperationsincludingportionattributabletononcontrollinginterest": -126912000,
        "profitloss": -126912000,
        "dividendspreferredstock": 16352000,
        "netincomelossattributabletononcontrollinginterest": 153000,
        "netincomelossavailabletocommonstockholdersbasic": 148969000,
        "weightedaveragenumberofsharesoutstandingbasic": 355076000,
        "weightedaveragenumberofdilutedsharesoutstanding": 356051000,
        "commonstockdividendspersharecashpaid": 0.86,
        "othercomprehensiveincomeunrealizedholdinggainlossonsecuritiesarisingduringperiodnetoftax": -7549000,
        "othercomprehensiveincomeunrealizedgainlossonderivativesarisingduringperiodnetoftax": 483000,
        "definedbenefitplanamountsrecognizedinothercomprehensiveincomelossnetgainlossbeforetax": 2000,
        "othercomprehensiveincomeforeigncurrencytransactionandtranslationgainlossarisingduringperiodnetoftax": 1372000,
        "othercomprehensiveincomelossnetoftax": -20810000,
        "comprehensiveincomenetoftaxincludingportionattributabletononcontrollinginterest": 159782000,
        "comprehensiveincomenetoftaxattributabletononcontrollinginterest": 15271000,
        "comprehensiveincomenetoftax": 144511000
    },
    {
        "date": "2015-09-29",
        "symbol": "WELL",
        "period": "Q3",
        "incomelossfromcontinuingoperationsperbasicshare": 0.5199999999999999,
        "earningspersharebasic": 0.5199999999999999,
        "incomelossfromcontinuingoperationsperdilutedshare": 0.51,
        "earningspersharediluted": 0.51,
        "operatingleasesincomestatementleaserevenue": 285026000,
        "otherrealestaterevenue": 545255000,
        "interestincomeoperating": 19455000,
        "otheroperatingincome": 970000,
        "revenues": 305451000,
        "interestexpensedebt": 12358000,
        "ownedpropertymanagementcosts": 408704000,
        "depreciationandamortization": 74487000,
        "sellinggeneralandadministrativeexpense": 36950000,
        "businesscombinationacquisitionrelatedcosts": 1865000,
        "gainslossesonextinguishmentofdebt": -20331000,
        "operatingexpenses": 782501000,
        "incomelossfromcontinuingoperationsbeforeincometaxesminorityinterestandincomelossfromequitymethodinvestments": 216880000,
        "incometaxexpensebenefit": -134000,
        "incomelossfromequitymethodinvestments": 147000,
        "incomelossfromcontinuingoperationsincludingportionattributabletononcontrollinginterest": -108447000,
        "gainlossondispositionofassets1": -108000,
        "profitloss": -108447000,
        "dividendspreferredstock": 16352000,
        "netincomelossattributabletononcontrollinginterest": 862000,
        "netincomelossavailabletocommonstockholdersbasic": 182040000,
        "weightedaveragenumberofsharesoutstandingbasic": 2801000,
        "weightedaveragenumberofdilutedsharesoutstanding": 2924000,
        "commonstockdividendspersharecashpaid": 0.8250000000000002,
        "othercomprehensiveincomeunrealizedholdinggainlossonsecuritiesarisingduringperiodnetoftax": -3086000,
        "othercomprehensiveincomeunrealizedgainlossonderivativesarisingduringperiodnetoftax": 462000,
        "othercomprehensiveincomeforeigncurrencytransactionandtranslationgainlossarisingduringperiodnetoftax": -25198000,
        "othercomprehensiveincomelossnetoftax": -27822000,
        "comprehensiveincomenetoftaxincludingportionattributabletononcontrollinginterest": 171432000,
        "comprehensiveincomenetoftaxattributabletononcontrollinginterest": -14271000,
        "comprehensiveincomenetoftax": 185703000
    },
    {
        "date": "2015-06-29",
        "symbol": "WELL",
        "period": "Q2",
        "incomelossfromcontinuingoperationsperbasicshare": 0.89,
        "earningspersharebasic": 0.89,
        "incomelossfromcontinuingoperationsperdilutedshare": 0.8999999999999999,
        "earningspersharediluted": 0.8999999999999999,
        "operatingleasesincomestatementleaserevenue": 279990000,
        "otherrealestaterevenue": 535553000,
        "interestincomeoperating": 18189000,
        "otheroperatingincome": 970000,
        "revenues": 299149000,
        "interestexpensedebt": 2679000,
        "ownedpropertymanagementcosts": 398354000,
        "depreciationandamortization": 72403000,
        "sellinggeneralandadministrativeexpense": 38474000,
        "businesscombinationacquisitionrelatedcosts": 7578000,
        "gainslossesonextinguishmentofdebt": -101000,
        "assetimpairmentcharges": 0,
        "operatingexpenses": 806453000,
        "incomelossfromcontinuingoperationsbeforeincometaxesminorityinterestandincomelossfromequitymethodinvestments": 216590000,
        "incometaxexpensebenefit": -685000,
        "incomelossfromequitymethodinvestments": 1678000,
        "incomelossfromcontinuingoperationsincludingportionattributabletononcontrollinginterest": -138893000,
        "gainlossondispositionofassets1": 190110000,
        "profitloss": -138893000,
        "dividendspreferredstock": 16351000,
        "netincomelossattributabletononcontrollinginterest": 1533000,
        "netincomelossavailabletocommonstockholdersbasic": 312574000,
        "weightedaveragenumberofsharesoutstandingbasic": 343287246,
        "weightedaveragenumberofdilutedsharesoutstanding": 344285188,
        "commonstockdividendspersharecashpaid": 0.825,
        "othercomprehensiveincomeunrealizedholdinggainlossonsecuritiesarisingduringperiodnetoftax": -3413000,
        "othercomprehensiveincomeunrealizedgainlossonderivativesarisingduringperiodnetoftax": 462000,
        "othercomprehensiveincomeforeigncurrencytransactionandtranslationgainlossarisingduringperiodnetoftax": 32384000,
        "othercomprehensiveincomelossnetoftax": -1054000,
        "comprehensiveincomenetoftaxincludingportionattributabletononcontrollinginterest": 359891000,
        "comprehensiveincomenetoftaxattributabletononcontrollinginterest": 5140000,
        "comprehensiveincomenetoftax": 354751000
    },
    {
        "date": "2015-03-30",
        "symbol": "WELL",
        "period": "Q1",
        "incomelossfromcontinuingoperationsperbasicshare": 0.57,
        "earningspersharebasic": 0.57,
        "incomelossfromcontinuingoperationsperdilutedshare": 0.56,
        "earningspersharediluted": 0.56,
        "operatingleasesincomestatementleaserevenue": 264406000,
        "otherrealestaterevenue": 492510000,
        "interestincomeoperating": 14699000,
        "otheroperatingincome": 3883000,
        "revenues": 282988000,
        "interestexpensedebt": 10027000,
        "ownedpropertymanagementcosts": 376461000,
        "depreciationandamortization": 70031000,
        "sellinggeneralandadministrativeexpense": 35138000,
        "businesscombinationacquisitionrelatedcosts": 36172000,
        "derivativelossonderivative": -58427000,
        "gainslossesonextinguishmentofdebt": 10336000,
        "assetimpairmentcharges": 2220000,
        "operatingexpenses": 729256000,
        "incomelossfromcontinuingoperationsbeforeincometaxesminorityinterestandincomelossfromequitymethodinvestments": 212629000,
        "incometaxexpensebenefit": -48000,
        "incomelossfromequitymethodinvestments": 1032000,
        "incomelossfromcontinuingoperationsincludingportionattributabletononcontrollinginterest": -109198000,
        "discontinuedoperationgainlossondisposalofdiscontinuedoperationnetoftax": 56845000,
        "gainlossondispositionofassets1": 2749000,
        "profitloss": -109198000,
        "dividendspreferredstock": 16352000,
        "netincomelossattributabletononcontrollinginterest": 2271000,
        "netincomelossavailabletocommonstockholdersbasic": 190799000,
        "weightedaveragenumberofsharesoutstandingbasic": 336754,
        "weightedaveragenumberofdilutedsharesoutstanding": 337812,
        "commonstockdividendspersharecashpaid": 0.825,
        "othercomprehensiveincomeunrealizedholdinggainlossonsecuritiesarisingduringperiodnetoftax": -11687000,
        "othercomprehensiveincomeunrealizedgainlossonderivativesarisingduringperiodnetoftax": -2159000,
        "othercomprehensiveincomeforeigncurrencytransactionandtranslationgainlossarisingduringperiodnetoftax": -29197000,
        "othercomprehensiveincomelossnetoftax": -12556000,
        "comprehensiveincomenetoftaxincludingportionattributabletononcontrollinginterest": 166379000,
        "comprehensiveincomenetoftaxattributabletononcontrollinginterest": -10285000,
        "comprehensiveincomenetoftax": 176664000
    },
    {
        "date": "2014-09-29",
        "symbol": "WELL",
        "period": "Q3",
        "incomelossfromcontinuingoperationsperbasicshare": 0.44999999999999996,
        "earningspersharebasic": 0.44999999999999996,
        "incomelossfromcontinuingoperationsperdilutedshare": 0.43999999999999995,
        "earningspersharediluted": 0.44999999999999996,
        "operatingleasesincomestatementleaserevenue": 690482373,
        "otherrealestaterevenue": 482412000,
        "interestincomeoperating": 9344000,
        "otheroperatingincome": 1619000,
        "revenues": 847524000,
        "interestexpensedebt": 361213000,
        "ownedpropertymanagementcosts": 355157000,
        "depreciationandamortization": 200970000,
        "sellinggeneralandadministrativeexpense": 30802000,
        "businesscombinationacquisitionrelatedcosts": 13554000,
        "gainslossesonextinguishmentofdebt": -3458000,
        "operatingexpenses": 731922000,
        "incomelossfromcontinuingoperationsbeforeincometaxesminorityinterestandincomelossfromequitymethodinvestments": 115602000,
        "incometaxexpensebenefit": 10198000,
        "incomelossfromequitymethodinvestments": -2633000,
        "incomelossfromcontinuingoperationsincludingportionattributabletononcontrollinginterest": 123167000,
        "discontinuedoperationamountofotherincomelossfromdispositionofdiscontinuedoperationnetoftax": 0,
        "incomelossfromdiscontinuedoperationsnetoftax": 0,
        "profitloss": 152771000,
        "dividendspreferredstock": 16352000,
        "netincomelossattributabletononcontrollinginterest": 163000,
        "netincomelossavailabletocommonstockholdersbasic": 136256000,
        "weightedaveragenumberofsharesoutstandingbasic": -286725000,
        "weightedaveragenumberofdilutedsharesoutstanding": -288267000,
        "commonstockdividendspersharecashpaid": 0.7949999999999998,
        "othercomprehensiveincomeunrealizedholdinggainlossonsecuritiesarisingduringperiodnetoftax": 0,
        "othercomprehensiveincomeunrealizedgainlossonderivativesarisingduringperiodnetoftax": 455000,
        "othercomprehensiveincomeforeigncurrencytransactionandtranslationgainlossarisingduringperiodnetoftax": -42664000,
        "othercomprehensiveincomelossnetoftax": -32654000,
        "comprehensiveincomenetoftaxincludingportionattributabletononcontrollinginterest": 110562000,
        "comprehensiveincomenetoftaxattributabletononcontrollinginterest": -7984000,
        "comprehensiveincomenetoftax": 118546000
    },
    {
        "date": "2014-06-29",
        "symbol": "WELL",
        "period": "Q2",
        "incomelossfromcontinuingoperationsperbasicshare": 0.22,
        "incomelossfromdiscontinuedoperationsnetoftaxperbasicshare": 0.02,
        "earningspersharebasic": 0.24,
        "incomelossfromcontinuingoperationsperdilutedshare": 0.22,
        "incomelossfromdiscontinuedoperationsnetoftaxperdilutedshare": 0.02,
        "earningspersharediluted": 0.24,
        "operatingleasesincomestatementleaserevenue": 347847000,
        "otherrealestaterevenue": 467639000,
        "interestincomeoperating": 8933000,
        "otheroperatingincome": 2027000,
        "revenues": 826446000,
        "interestexpensedebt": -436000,
        "ownedpropertymanagementcosts": 343754000,
        "depreciationandamortization": 214449000,
        "sellinggeneralandadministrativeexpense": 51660000,
        "businesscombinationacquisitionrelatedcosts": 7040000,
        "derivativelossonderivative": 351000,
        "gainslossesonextinguishmentofdebt": 531000,
        "operatingexpenses": 738850000,
        "incomelossfromcontinuingoperationsbeforeincometaxesminorityinterestandincomelossfromequitymethodinvestments": 87596000,
        "incometaxexpensebenefit": -1569000,
        "incomelossfromequitymethodinvestments": -11516000,
        "incomelossfromcontinuingoperationsincludingportionattributabletononcontrollinginterest": 74511000,
        "discontinuedoperationgainlossondisposalofdiscontinuedoperationnetoftax": 6411000,
        "discontinuedoperationamountofotherincomelossfromdispositionofdiscontinuedoperationnetoftax": 264000,
        "incomelossfromdiscontinuedoperationsnetoftax": 6675000,
        "gainlossondispositionofassets1": 6668000,
        "profitloss": 87854000,
        "dividendspreferredstock": 16352000,
        "netincomelossattributabletononcontrollinginterest": -327000,
        "netincomelossavailabletocommonstockholdersbasic": 71829000,
        "weightedaveragenumberofsharesoutstandingbasic": 296256000,
        "weightedaveragenumberofdilutedsharesoutstanding": 297995000,
        "commonstockdividendspersharecashpaid": 0.795,
        "othercomprehensiveincomeunrealizedholdinggainlossonsecuritiesarisingduringperiodnetoftax": -160000,
        "othercomprehensiveincomeunrealizedgainlossonderivativesarisingduringperiodnetoftax": 432000,
        "othercomprehensiveincomeforeigncurrencytransactionandtranslationgainlossarisingduringperiodnetoftax": 13109000,
        "othercomprehensiveincomelossnetoftax": 13381000,
        "comprehensiveincomenetoftaxincludingportionattributabletononcontrollinginterest": 101235000,
        "comprehensiveincomenetoftaxattributabletononcontrollinginterest": 6277000,
        "comprehensiveincomenetoftax": 94958000
    },
    {
        "date": "2014-03-30",
        "symbol": "WELL",
        "period": "Q1",
        "incomelossfromcontinuingoperationsperbasicshare": 0.17,
        "earningspersharebasic": 0.17,
        "incomelossfromcontinuingoperationsperdilutedshare": 0.17,
        "earningspersharediluted": 0.17,
        "operatingleasesincomestatementleaserevenue": 121627,
        "otherrealestaterevenue": 456265000,
        "interestincomeoperating": 8594000,
        "otheroperatingincome": 493000,
        "revenues": 801807000,
        "interestexpensedebt": -443000,
        "ownedpropertymanagementcosts": 341431000,
        "depreciationandamortization": 233318000,
        "sellinggeneralandadministrativeexpense": 32865000,
        "businesscombinationacquisitionrelatedcosts": 952000,
        "gainslossesonextinguishmentofdebt": -148000,
        "operatingexpenses": 729251000,
        "incomelossfromcontinuingoperationsbeforeincometaxesminorityinterestandincomelossfromequitymethodinvestments": 72556000,
        "incometaxexpensebenefit": -2260000,
        "incomelossfromequitymethodinvestments": -5556000,
        "incomelossfromcontinuingoperationsincludingportionattributabletononcontrollinginterest": 64740000,
        "discontinuedoperationamountofotherincomelossfromdispositionofdiscontinuedoperationnetoftax": 460000,
        "incomelossfromdiscontinuedoperationsnetoftax": 460000,
        "profitloss": 65200000,
        "dividendspreferredstock": 16353000,
        "netincomelossattributabletononcontrollinginterest": -1175000,
        "netincomelossavailabletocommonstockholdersbasic": 50022000,
        "weightedaveragenumberofsharesoutstandingbasic": 289606000,
        "weightedaveragenumberofdilutedsharesoutstanding": 290917000,
        "commonstockdividendspersharecashpaid": 0.795,
        "othercomprehensiveincomeunrealizedholdinggainlossonsecuritiesarisingduringperiodnetoftax": 549000,
        "othercomprehensiveincomeunrealizedgainlossonderivativesarisingduringperiodnetoftax": 440000,
        "othercomprehensiveincomeforeigncurrencytransactionandtranslationgainlossarisingduringperiodnetoftax": -9889000,
        "othercomprehensiveincomelossnetoftax": -8900000,
        "comprehensiveincomenetoftaxincludingportionattributabletononcontrollinginterest": 56300000,
        "comprehensiveincomenetoftaxattributabletononcontrollinginterest": -9187000,
        "comprehensiveincomenetoftax": 65487000
    },
    {
        "date": "2013-09-29",
        "symbol": "WELL",
        "period": "Q3",
        "incomelossfromcontinuingoperationsperbasicshare": 0.05,
        "incomelossfromdiscontinuedoperationsnetoftaxperbasicshare": 0.02,
        "earningspersharebasic": 0.07,
        "incomelossfromcontinuingoperationsperdilutedshare": 0.05,
        "incomelossfromdiscontinuedoperationsnetoftaxperdilutedshare": 0.02,
        "earningspersharediluted": 0.07,
        "operatingleasesincomestatementleaserevenue": 112323000,
        "otherrealestaterevenue": 466127000,
        "interestincomeoperating": 2594000,
        "otheroperatingincome": 32000,
        "revenues": 201941000,
        "interestexpensedebt": -76726000,
        "ownedpropertymanagementcosts": -31155000,
        "depreciationandamortization": -39942000,
        "sellinggeneralandadministrativeexpense": -28718000,
        "businesscombinationacquisitionrelatedcosts": -18882000,
        "derivativeinstrumentslossrecognizedinincome": -4872000,
        "gainslossesonextinguishmentofdebt": -1184000,
        "operatingexpenses": 755041000,
        "incomelossfromcontinuingoperationsbeforeincometaxesminorityinterestandincomelossfromequitymethodinvestments": -106596000,
        "incometaxexpensebenefit": 3077000,
        "incomelossfromequitymethodinvestments": -331000,
        "incomelossfromcontinuingoperationsincludingportionattributabletononcontrollinginterest": 28481000,
        "discontinuedoperationgainlossondisposalofdiscontinuedoperationnetoftax": 4707000,
        "discontinuedoperationamountofotherincomelossfromdispositionofdiscontinuedoperationnetoftax": 417000,
        "incomelossfromdiscontinuedoperationsnetoftax": 5124000,
        "profitloss": 33605000,
        "dividendspreferredstock": 16602000,
        "netincomelossattributabletononcontrollinginterest": -3688000,
        "netincomelossavailabletocommonstockholdersbasic": 20691000,
        "weightedaveragenumberofsharesoutstandingbasic": 286020000,
        "weightedaveragenumberofdilutedsharesoutstanding": 288029000,
        "commonstockdividendspersharecashpaid": 0.765,
        "othercomprehensiveincomeunrealizedholdinggainlossonsecuritiesarisingduringperiodnetoftax": -260000,
        "othercomprehensiveincomeunrealizedgainlossonderivativesarisingduringperiodnetoftax": 473000,
        "othercomprehensiveincomeforeigncurrencytransactionandtranslationgainlossarisingduringperiodnetoftax": 25693000,
        "othercomprehensiveincomelossnetoftax": 25906000,
        "comprehensiveincomenetoftaxincludingportionattributabletononcontrollinginterest": 59511000,
        "comprehensiveincomenetoftaxattributabletononcontrollinginterest": -3881000,
        "comprehensiveincomenetoftax": 63392000
    },
    {
        "date": "2013-06-29",
        "symbol": "WELL",
        "period": "Q2",
        "incomelossfromcontinuingoperationsperbasicshare": 0.08,
        "incomelossfromdiscontinuedoperationsnetoftaxperbasicshare": -0.12,
        "earningspersharebasic": -0.03999999999999998,
        "incomelossfromcontinuingoperationsperdilutedshare": 0.08,
        "incomelossfromdiscontinuedoperationsnetoftaxperdilutedshare": -0.12,
        "earningspersharediluted": -0.03999999999999998,
        "operatingleasesincomestatementleaserevenue": 113525000,
        "otherrealestaterevenue": 370995000,
        "interestincomeoperating": 2207000,
        "otheroperatingincome": 164000,
        "revenues": 87024000,
        "interestexpensedebt": -77300000,
        "ownedpropertymanagementcosts": -29615000,
        "depreciationandamortization": -40891000,
        "sellinggeneralandadministrativeexpense": -23902000,
        "businesscombinationacquisitionrelatedcosts": 65038000,
        "derivativeinstrumentslossrecognizedinincome": 2716000,
        "gainslossesonextinguishmentofdebt": 0,
        "operatingexpenses": 637943000,
        "incomelossfromcontinuingoperationsbeforeincometaxesminorityinterestandincomelossfromequitymethodinvestments": -101038000,
        "incometaxexpensebenefit": 1215000,
        "incomelossfromequitymethodinvestments": 1357000,
        "incomelossfromcontinuingoperationsincludingportionattributabletononcontrollinginterest": 36960000,
        "discontinuedoperationgainlossondisposalofdiscontinuedoperationnetoftax": -29997000,
        "discontinuedoperationamountofotherincomelossfromdispositionofdiscontinuedoperationnetoftax": 218000,
        "incomelossfromdiscontinuedoperationsnetoftax": -29779000,
        "profitloss": 7181000,
        "dividendspreferredstock": 16601000,
        "netincomelossattributabletononcontrollinginterest": -913000,
        "netincomelossavailabletocommonstockholdersbasic": -8507000,
        "weightedaveragenumberofsharesoutstandingbasic": 6566000,
        "weightedaveragenumberofdilutedsharesoutstanding": 6566000,
        "commonstockdividendspersharecashpaid": 0.765,
        "othercomprehensiveincomeunrealizedholdinggainlossonsecuritiesarisingduringperiodnetoftax": -258000,
        "othercomprehensiveincomeunrealizedgainlossonderivativesarisingduringperiodnetoftax": 472000,
        "othercomprehensiveincomeforeigncurrencytransactionandtranslationgainlossarisingduringperiodnetoftax": -20751000,
        "othercomprehensiveincomelossnetoftax": 17609000,
        "comprehensiveincomenetoftaxincludingportionattributabletononcontrollinginterest": -13356000,
        "comprehensiveincomenetoftaxattributabletononcontrollinginterest": -5367000,
        "comprehensiveincomenetoftax": -8267000
    },
    {
        "date": "2013-03-30",
        "symbol": "WELL",
        "period": "Q1",
        "incomelossfromcontinuingoperationsperbasicshare": -0.11,
        "incomelossfromdiscontinuedoperationsnetoftaxperbasicshare": 0.32,
        "earningspersharebasic": 0.21,
        "incomelossfromcontinuingoperationsperdilutedshare": -0.11,
        "incomelossfromdiscontinuedoperationsnetoftaxperdilutedshare": 0.32,
        "earningspersharediluted": 0.21,
        "operatingleasesincomestatementleaserevenue": 111525000,
        "otherrealestaterevenue": 327324000,
        "interestincomeoperating": 2456000,
        "otheroperatingincome": 81000,
        "revenues": 60544000,
        "interestexpensedebt": -75102000,
        "ownedpropertymanagementcosts": -28851000,
        "depreciationandamortization": -40969000,
        "sellinggeneralandadministrativeexpense": -27179000,
        "businesscombinationacquisitionrelatedcosts": -65325000,
        "derivativeinstrumentslossrecognizedinincome": -2309000,
        "gainslossesonextinguishmentofdebt": 308000,
        "operatingexpenses": 645902000,
        "incomelossfromcontinuingoperationsbeforeincometaxesminorityinterestandincomelossfromequitymethodinvestments": -102200000,
        "incometaxexpensebenefit": 2763000,
        "incomelossfromequitymethodinvestments": 2520000,
        "incomelossfromcontinuingoperationsincludingportionattributabletononcontrollinginterest": -12488000,
        "discontinuedoperationgainlossondisposalofdiscontinuedoperationnetoftax": 82492000,
        "discontinuedoperationamountofotherincomelossfromdispositionofdiscontinuedoperationnetoftax": 1795000,
        "incomelossfromdiscontinuedoperationsnetoftax": 84287000,
        "profitloss": 71799000,
        "dividendspreferredstock": 16602000,
        "netincomelossattributabletononcontrollinginterest": 139000,
        "netincomelossavailabletocommonstockholdersbasic": 55058000,
        "weightedaveragenumberofsharesoutstandingbasic": 260036000,
        "weightedaveragenumberofdilutedsharesoutstanding": 260036000,
        "commonstockdividendspersharecashpaid": 0.765,
        "comprehensiveincomenetoftaxincludingportionattributabletononcontrollinginterest": 49736000,
        "othercomprehensiveincomeunrealizedholdinggainlossonsecuritiesarisingduringperiodnetoftax": 172000,
        "othercomprehensiveincomeunrealizedgainlossonderivativesarisingduringperiodnetoftax": 471000,
        "othercomprehensiveincomeforeigncurrencytransactionandtranslationgainlossarisingduringperiodnetoftax": -22706000,
        "othercomprehensiveincomelossnetoftax": -22063000,
        "comprehensiveincomenetoftaxattributabletononcontrollinginterest": 139000,
        "comprehensiveincomenetoftax": 49875000
    },
    {
        "date": "2012-06-29",
        "symbol": "WELL",
        "period": "Q2",
        "incomelossfromcontinuingoperationsperbasicshare": 0.07,
        "incomelossfromdiscontinuedoperationsnetoftaxperbasicshare": 0.18,
        "earningspersharebasic": 0.26,
        "incomelossfromcontinuingoperationsperdilutedshare": 0.07,
        "incomelossfromdiscontinuedoperationsnetoftaxperdilutedshare": 0.18,
        "earningspersharediluted": 0.25,
        "operatingleasesincomestatementleaserevenue": 101290000,
        "otherrealestaterevenue": 165654000,
        "interestincomeoperating": 1895000,
        "othernonoperatingincome": 243000,
        "revenues": 2055000,
        "interestexpensedebt": -68476000,
        "ownedpropertymanagementcosts": -24963000,
        "depreciationandamortization": 131917000,
        "sellinggeneralandadministrativeexpense": -25870000,
        "businesscombinationacquisitionrelatedcosts": -2821000,
        "derivativeinstrumentslossrecognizedinincome": 2772000,
        "gainslossesonextinguishmentofdebt": 483000,
        "operatingexpenses": 415649000,
        "incomelossfromcontinuingoperationsbeforeincometaxesminorityinterestandincomelossfromequitymethodinvestments": -94103000,
        "incometaxexpensebenefit": 1447000,
        "incomelossfromequitymethodinvestments": 1456000,
        "incomelossfromcontinuingoperationsincludingportionattributabletononcontrollinginterest": 37442000,
        "discontinuedoperationgainlossondisposalofdiscontinuedoperationnetoftax": 32450000,
        "discontinuedoperationamountofotherincomelossfromdispositionofdiscontinuedoperationnetoftax": 6983000,
        "incomelossfromdiscontinuedoperationsnetoftax": 39433000,
        "profitloss": 76875000,
        "dividendspreferredstock": 16719000,
        "preferredstockredemptionpremium": 6242000,
        "netincomelossattributabletononcontrollinginterest": -821000,
        "netincomelossavailabletocommonstockholdersbasic": 54735000,
        "weightedaveragenumberofsharesoutstandingbasic": 213498000,
        "weightedaveragenumberofdilutedsharesoutstanding": 215138000,
        "commonstockdividendspersharecashpaid": 0.74,
        "comprehensiveincomenetoftaxincludingportionattributabletononcontrollinginterest": 74927000
    },
    {
        "date": "2012-03-30",
        "symbol": "WELL",
        "period": "Q1",
        "incomelossfromcontinuingoperationsperbasicshare": 0.18,
        "incomelossfromdiscontinuedoperationsnetoftaxperbasicshare": 0.02,
        "earningspersharebasic": 0.2,
        "incomelossfromcontinuingoperationsperdilutedshare": 0.18,
        "incomelossfromdiscontinuedoperationsnetoftaxperdilutedshare": 0.02,
        "earningspersharediluted": 0.19,
        "operatingleasesincomestatementleaserevenue": 94464000,
        "otherrealestaterevenue": 158174000,
        "interestincomeoperating": 2264000,
        "othernonoperatingincome": 235000,
        "revenues": 435359000,
        "interestexpensedebt": 92712000,
        "ownedpropertymanagementcosts": -22025000,
        "depreciationandamortization": 125955000,
        "businesscombinationacquisitionrelatedcosts": -1578000,
        "sellinggeneralandadministrativeexpense": -27751000,
        "derivativeinstrumentsgainlossrecognizedinincomeineffectiveportionandamountexcludedfromeffectivenesstestingnet": -555000,
        "operatingexpenses": 381820000,
        "incomelossfromcontinuingoperationsbeforeincometaxesminorityinterestandincomelossfromequitymethodinvestments": -91632000,
        "incometaxexpensebenefit": 1470000,
        "incomelossfromequitymethodinvestments": 1532000,
        "incomelossfromcontinuingoperationsincludingportionattributabletononcontrollinginterest": 53601000,
        "discontinuedoperationgainlossondisposalofdiscontinuedoperationnetoftax": 769000,
        "discontinuedoperationamountofotherincomelossfromdispositionofdiscontinuedoperationnetoftax": 3088000,
        "incomelossfromdiscontinuedoperationsnetoftax": 3857000,
        "profitloss": 57458000,
        "preferredstockdividends": 19207000,
        "netincomelossattributabletononcontrollinginterest": -1056000,
        "netincomelossavailabletocommonstockholdersbasic": 39307000,
        "weightedaveragenumberofsharesoutstandingbasic": 199661000,
        "weightedaveragenumberofdilutedsharesoutstanding": 201658000,
        "commonstockdividendspersharecashpaid": 0.74,
        "comprehensiveincomenetoftaxincludingportionattributabletononcontrollinginterest": 57744000
    },
    {
        "date": "2011-09-29",
        "symbol": "WELL",
        "period": "Q3",
        "operatingleasesincomestatementleaserevenue": 249995000,
        "otherrealestaterevenue": 125124000,
        "interestincomeoperating": 23063000,
        "othernonoperatingincome": 4548000,
        "revenues": 384786000,
        "interestexpensedebt": 87796000,
        "ownedpropertymanagementcosts": 103855000,
        "businesscombinationacquisitionrelatedcosts": 6739000,
        "sellinggeneralandadministrativeexpense": 19733000,
        "provisionforloanandleaselosses": 131000,
        "operatingexpenses": 333894000,
        "incomelossfromcontinuingoperationsbeforeincometaxesminorityinterestandincomelossfromequitymethodinvestments": 50892000,
        "incometaxexpensebenefit": 223000,
        "incomelossfromequitymethodinvestments": 1642000,
        "incomelossfromcontinuingoperationsincludingportionattributabletononcontrollinginterest": 52311000,
        "discontinuedoperationgainlossondisposalofdiscontinuedoperationnetoftax": 185000,
        "impairmentofrealestate": 0,
        "discontinuedoperationamountofotherincomelossfromdispositionofdiscontinuedoperationnetoftax": -141000,
        "incomelossfromdiscontinuedoperationsnetoftax": 44000,
        "profitloss": 52355000,
        "preferredstockdividends": 17235000,
        "netincomelossattributabletononcontrollinginterest": -1487000,
        "netincomelossavailabletocommonstockholdersbasic": 36607000,
        "weightedaveragenumberofsharesoutstandingbasic": 3881000,
        "weightedaveragenumberofdilutedsharesoutstanding": 3843000,
        "incomelossfromcontinuingoperationsperbasicshare": 0.21999999999999997,
        "incomelossfromdiscontinuedoperationsnetoftaxperbasicshare": -0.010000000000000009,
        "earningspersharebasic": 0.21,
        "incomelossfromcontinuingoperationsperdilutedshare": 0.21999999999999997,
        "incomelossfromdiscontinuedoperationsnetoftaxperdilutedshare": 0,
        "earningspersharediluted": 0.19999999999999998,
        "commonstockdividendspersharecashpaid": 0.7150000000000001
    },
    {
        "date": "2011-06-29",
        "symbol": "WELL",
        "period": "Q2",
        "operatingleasesincomestatementleaserevenue": 237190000,
        "otherrealestaterevenue": 123149000,
        "interestincomeoperating": 1830000,
        "othernonoperatingincome": 379000,
        "revenues": 378546000,
        "interestexpensedebt": 83450000,
        "ownedpropertymanagementcosts": 99641000,
        "costofservicesdepreciationandamortization": 109710000,
        "businesscombinationacquisitionrelatedcosts": 13738000,
        "sellinggeneralandadministrativeexpense": 19562000,
        "provisionforloanandleaselosses": 168000,
        "operatingexpenses": 326269000,
        "incomelossfromcontinuingoperationsbeforeincometaxesminorityinterestandincomelossfromequitymethodinvestments": 52277000,
        "incometaxexpensebenefit": 211000,
        "incomelossfromequitymethodinvestments": 971000,
        "incomelossfromcontinuingoperationsincludingportionattributabletononcontrollinginterest": 53037000,
        "discontinuedoperationgainlossondisposalofdiscontinuedoperationnetoftax": -26099620000,
        "impairmentofrealestate": -201798000,
        "discontinuedoperationamountofotherincomelossfromdispositionofdiscontinuedoperationnetoftax": 2947000,
        "incomelossfromdiscontinuedoperationsnetoftax": 33171000,
        "profitloss": 86208000,
        "preferredstockdividends": 17353000,
        "netincomelossattributabletononcontrollinginterest": -992000,
        "netincomelossavailabletocommonstockholdersbasic": 69847000,
        "weightedaveragenumberofsharesoutstandingbasic": 10810000,
        "weightedaveragenumberofdilutedsharesoutstanding": 10973000,
        "incomelossfromcontinuingoperationsperbasicshare": 0.22,
        "incomelossfromdiscontinuedoperationsnetoftaxperbasicshare": 0.18999999999999997,
        "earningspersharebasic": 0.41000000000000003,
        "incomelossfromcontinuingoperationsperdilutedshare": 0.22,
        "incomelossfromdiscontinuedoperationsnetoftaxperdilutedshare": 0.17999999999999997,
        "earningspersharediluted": 0.41000000000000003,
        "commonstockdividendspersharecashpaid": 0.7150000000000001
    },
    {
        "date": "2011-03-30",
        "symbol": "WELL",
        "period": "Q1",
        "operatingleasesincomestatementleaserevenue": 169658000,
        "otherrealestaterevenue": 71286000,
        "interestincomeoperating": 2331000,
        "othernonoperatingincome": 531000,
        "revenues": 255477000,
        "interestexpensedebt": 58897000,
        "ownedpropertymanagementcosts": 64485000,
        "costofservicesdepreciationandamortization": 73476000,
        "businesscombinationacquisitionrelatedcosts": 36065000,
        "sellinggeneralandadministrativeexpense": 17714000,
        "provisionforloanandleaselosses": 248000,
        "operatingexpenses": 250885000,
        "incomelossfromcontinuingoperationsbeforeincometaxesminorityinterestandincomelossfromequitymethodinvestments": 4592000,
        "incometaxexpensebenefit": 129000,
        "incomelossfromequitymethodinvestments": 1543000,
        "incomelossfromcontinuingoperationsincludingportionattributabletononcontrollinginterest": 6006000,
        "discontinuedoperationgainlossondisposalofdiscontinuedoperationnetoftax": 26156000000,
        "impairmentofrealestate": 202000000,
        "discontinuedoperationamountofotherincomelossfromdispositionofdiscontinuedoperationnetoftax": -150000,
        "incomelossfromdiscontinuedoperationsnetoftax": 25804000,
        "profitloss": 31810000,
        "preferredstockdividends": 8680000,
        "netincomelossattributabletononcontrollinginterest": -242000,
        "netincomelossavailabletocommonstockholdersbasic": 23372000,
        "weightedaveragenumberofsharesoutstandingbasic": 154945000,
        "weightedaveragenumberofdilutedsharesoutstanding": 155485000,
        "incomelossfromcontinuingoperationsperbasicshare": -0.02,
        "incomelossfromdiscontinuedoperationsnetoftaxperbasicshare": 0.17,
        "earningspersharebasic": 0.15,
        "incomelossfromcontinuingoperationsperdilutedshare": -0.02,
        "incomelossfromdiscontinuedoperationsnetoftaxperdilutedshare": 0.17,
        "earningspersharediluted": 0.15,
        "commonstockdividendspersharecashpaid": 0.69
    },
    {
        "date": "2010-09-29",
        "symbol": "WELL",
        "period": "Q3",
        "operatingleasesincomestatementleaserevenue": 152127000,
        "otherrealestaterevenue": 12809000,
        "interestincomeoperating": 10054000,
        "othernonoperatingincome": 1156000,
        "revenues": 176146000,
        "interestexpensedebt": 44408000,
        "ownedpropertymanagementcosts": 20849000,
        "costofservicesdepreciationandamortization": 48565000,
        "businesscombinationacquisitionrelatedcosts": 18835000,
        "sellinggeneralandadministrativeexpense": 11628000,
        "gainslossesonextinguishmentofdebt": -9099000,
        "provisionforloanandleaselosses": 28918000,
        "operatingexpenses": 182302000,
        "incomelossfromcontinuingoperationsbeforeincometaxesminorityinterestandincomelossfromequitymethodinvestments": -6156000,
        "incometaxexpensebenefit": 52000,
        "incomelossfromequitymethodinvestments": 1899000,
        "incomelossfromcontinuingoperationsincludingportionattributabletononcontrollinginterest": -4309000,
        "discontinuedoperationgainlossondisposalofdiscontinuedoperationnetoftax": 10526000,
        "impairmentofrealestate": 947000,
        "discontinuedoperationamountofotherincomelossfromdispositionofdiscontinuedoperationnetoftax": 511000,
        "incomelossfromdiscontinuedoperationsnetoftax": 10090000,
        "profitloss": 5781000,
        "preferredstockdividends": 5347000,
        "netincomelossattributabletononcontrollinginterest": -690000,
        "netincomelossavailabletocommonstockholdersbasic": 1124000,
        "weightedaveragenumberofsharesoutstandingbasic": 125298000,
        "weightedaveragenumberofdilutedsharesoutstanding": 125842000,
        "incomefromcontinuingoperationsattributabletocommonstockholdersperbasicshare": -0.08,
        "incomelossfromdiscontinuedoperationsnetoftaxperbasicshare": 0.08,
        "earningspersharebasic": 0.01,
        "incomefromcontinuingoperationsattributabletocommonstockholderperdilutedshare": -0.08,
        "incomelossfromdiscontinuedoperationsnetoftaxperdilutedshare": 0.08,
        "earningspersharediluted": 0.01,
        "commonstockdividendspersharecashpaid": 0.69
    },
    {
        "date": "2010-06-29",
        "symbol": "WELL",
        "period": "Q2",
        "operatingleasesincomestatementleaserevenue": 151146000,
        "interestincomeoperating": 9335000,
        "othernonoperatingincome": 2650000,
        "revenues": 163131000,
        "interestexpensedebt": 37454000,
        "ownedpropertymanagementcosts": 12498000,
        "costofservicesdepreciationandamortization": 47451000,
        "businesscombinationacquisitionrelatedcosts": 752000,
        "sellinggeneralandadministrativeexpense": 11878000,
        "gainslossesonextinguishmentofdebt": -7035000,
        "operatingexpenses": 117068000,
        "discontinuedoperationgainlossondisposalofdiscontinuedoperationnetoftax": 3314000,
        "discontinuedoperationamountofotherincomelossfromdispositionofdiscontinuedoperationnetoftax": 47000,
        "incomelossfromdiscontinuedoperationsnetoftax": 3361000,
        "profitloss": 51064000,
        "weightedaveragenumberofsharesoutstandingbasic": 123808000,
        "weightedaveragenumberofdilutedsharesoutstanding": 124324000,
        "incomefromcontinuingoperationsattributabletocommonstockholdersperbasicshare": 0.34,
        "incomelossfromdiscontinuedoperationsnetoftaxperbasicshare": 0.03,
        "earningspersharebasic": 0.37,
        "incomefromcontinuingoperationsattributabletocommonstockholderperdilutedshare": 0.34,
        "incomelossfromdiscontinuedoperationsnetoftaxperdilutedshare": 0.03,
        "earningspersharediluted": 0.37,
        "commonstockdividendspersharecashpaid": 0.68,
        "incomelossfromcontinuingoperationsbeforeincometaxesminorityinterestandincomelossfromequitymethodinvestments": 46063000,
        "incometaxexpensebenefit": 188000,
        "incomelossfromequitymethodinvestments": 1828000,
        "incomelossfromcontinuingoperationsincludingportionattributabletononcontrollinginterest": 47703000,
        "preferredstockdividends": 5484000,
        "netincomelossattributabletononcontrollinginterest": -66000,
        "netincomelossavailabletocommonstockholdersbasic": 45646000
    }
]