[
    {
        "date": "2024-09-29",
        "symbol": "NOW",
        "period": "Q3",
        "revenuefromcontractwithcustomerexcludingassessedtax": 2715000000,
        "costofrevenue": 584000000,
        "grossprofit": 2213000000,
        "sellingandmarketingexpense": 944000000,
        "researchanddevelopmentexpense": 626000000,
        "generalandadministrativeexpense": 225000000,
        "operatingexpenses": 1795000000,
        "operatingincomeloss": 418000000,
        "interestincomenonoperating": 108000000,
        "othernonoperatingincomeexpense": -10000000,
        "incomelossfromcontinuingoperationsbeforeincometaxesextraordinaryitemsnoncontrollinginterest": 516000000,
        "incometaxexpensebenefit": 84000000,
        "netincomeloss": 432000000,
        "earningspersharebasic": 2.09,
        "earningspersharediluted": 2.07,
        "weightedaveragenumberofsharesoutstandingbasic": 206158000,
        "weightedaveragenumberofdilutedsharesoutstanding": 208552000,
        "othercomprehensiveincomelossforeigncurrencytransactionandtranslationadjustmentnetoftax": 50000000,
        "othercomprehensiveincomeunrealizedholdinggainlossonsecuritiesarisingduringperiodnetoftax": 60000000,
        "othercomprehensiveincomelosscashflowhedgegainlossbeforereclassificationaftertax": -52000000,
        "othercomprehensiveincomelossnetoftax": 58000000,
        "comprehensiveincomenetoftax": 490000000,
        "sharebasedcompensation": 57000000
    },
    {
        "date": "2024-06-29",
        "symbol": "NOW",
        "period": "Q2",
        "revenuefromcontractwithcustomerexcludingassessedtax": 2542000000,
        "costofrevenue": 469000000,
        "grossprofit": 2075000000,
        "sellingandmarketingexpense": 960000000,
        "researchanddevelopmentexpense": 643000000,
        "generalandadministrativeexpense": 232000000,
        "operatingexpenses": 1835000000,
        "operatingincomeloss": 240000000,
        "interestincomenonoperating": 104000000,
        "othernonoperatingincomeexpense": -10000000,
        "incomelossfromcontinuingoperationsbeforeincometaxesextraordinaryitemsnoncontrollinginterest": 334000000,
        "incometaxexpensebenefit": 72000000,
        "netincomeloss": 262000000,
        "earningspersharebasic": 1.27,
        "earningspersharediluted": 1.26,
        "weightedaveragenumberofsharesoutstandingbasic": 205644000,
        "weightedaveragenumberofdilutedsharesoutstanding": 207799000,
        "othercomprehensiveincomelossforeigncurrencytransactionandtranslationadjustmentnetoftax": -17000000,
        "othercomprehensiveincomeunrealizedholdinggainlossonsecuritiesarisingduringperiodnetoftax": -3000000,
        "othercomprehensiveincomelosscashflowhedgegainlossbeforereclassificationaftertax": 10000000,
        "othercomprehensiveincomelossnetoftax": -10000000,
        "comprehensiveincomenetoftax": 252000000,
        "sharebasedcompensation": 62000000
    },
    {
        "date": "2024-03-30",
        "symbol": "NOW",
        "period": "Q1",
        "revenuefromcontractwithcustomerexcludingassessedtax": 2523000000,
        "costofrevenue": 441000000,
        "grossprofit": 2083000000,
        "sellingandmarketingexpense": 923000000,
        "researchanddevelopmentexpense": 606000000,
        "generalandadministrativeexpense": 222000000,
        "operatingexpenses": 1751000000,
        "operatingincomeloss": 332000000,
        "interestincomenonoperating": 101000000,
        "othernonoperatingincomeexpense": -8000000,
        "incomelossfromcontinuingoperationsbeforeincometaxesextraordinaryitemsnoncontrollinginterest": 425000000,
        "incometaxexpensebenefit": 78000000,
        "netincomeloss": 347000000,
        "earningspersharebasic": 1.69,
        "earningspersharediluted": 1.67,
        "weightedaveragenumberofsharesoutstandingbasic": 205108000,
        "weightedaveragenumberofdilutedsharesoutstanding": 207684000,
        "othercomprehensiveincomelossforeigncurrencytransactionandtranslationadjustmentnetoftax": -30000000,
        "othercomprehensiveincomeunrealizedholdinggainlossonsecuritiesarisingduringperiodnetoftax": -13000000,
        "othercomprehensiveincomelosscashflowhedgegainlossbeforereclassificationaftertax": 12000000,
        "othercomprehensiveincomelossnetoftax": -31000000,
        "comprehensiveincomenetoftax": 316000000,
        "sharebasedcompensation": 58000000
    },
    {
        "date": "2023-12-30",
        "symbol": "NOW",
        "period": "Q4",
        "revenuefromcontractwithcustomerexcludingassessedtax": 5991000000,
        "costofrevenue": 277000000,
        "grossprofit": 1921000000,
        "sellingandmarketingexpense": 847000000,
        "researchanddevelopmentexpense": 562000000,
        "generalandadministrativeexpense": 242000000,
        "operatingexpenses": 1651000000,
        "operatingincomeloss": 270000000,
        "interestincomenonoperating": 86000000,
        "othernonoperatingincomeexpense": -9000000,
        "incomelossfromcontinuingoperationsbeforeincometaxesextraordinaryitemsnoncontrollinginterest": 347000000,
        "incometaxexpensebenefit": 52000000,
        "netincomeloss": 295000000,
        "earningspersharebasic": 1.4400000000000006,
        "earningspersharediluted": 1.4200000000000004,
        "weightedaveragenumberofsharesoutstandingbasic": 204137000,
        "weightedaveragenumberofdilutedsharesoutstanding": 205591000,
        "othercomprehensiveincomeunrealizedholdinggainlossonsecuritiesarisingduringperiodnetoftax": 42000000,
        "othercomprehensiveincomelossnetoftax": 120000000,
        "comprehensiveincomenetoftax": 415000000
    },
    {
        "date": "2023-09-29",
        "symbol": "NOW",
        "period": "Q3",
        "revenuefromcontractwithcustomerexcludingassessedtax": 2216000000,
        "costofrevenue": 420000000,
        "grossprofit": 1792000000,
        "sellingandmarketingexpense": 799000000,
        "researchanddevelopmentexpense": 549000000,
        "generalandadministrativeexpense": 213000000,
        "operatingexpenses": 1561000000,
        "operatingincomeloss": 231000000,
        "interestincomenonoperating": 82000000,
        "othernonoperatingincomeexpense": -14000000,
        "incomelossfromcontinuingoperationsbeforeincometaxesextraordinaryitemsnoncontrollinginterest": 299000000,
        "incometaxexpensebenefit": 57000000,
        "netincomeloss": 242000000,
        "earningspersharebasic": 1.18,
        "earningspersharediluted": 1.17,
        "weightedaveragenumberofsharesoutstandingbasic": 204464000,
        "weightedaveragenumberofdilutedsharesoutstanding": 206277000,
        "othercomprehensiveincomelossforeigncurrencytransactionandtranslationadjustmentnetoftax": -64000000,
        "othercomprehensiveincomeunrealizedholdinggainlossonsecuritiesarisingduringperiodnetoftax": -2000000,
        "othercomprehensiveincomelossnetoftax": -66000000,
        "comprehensiveincomenetoftax": 176000000,
        "allocatedsharebasedcompensationexpense": 52000000
    },
    {
        "date": "2023-06-29",
        "symbol": "NOW",
        "period": "Q2",
        "revenuefromcontractwithcustomerexcludingassessedtax": 239000000,
        "costofrevenue": 471000000,
        "grossprofit": 1679000000,
        "sellingandmarketingexpense": 832000000,
        "researchanddevelopmentexpense": 521000000,
        "generalandadministrativeexpense": 209000000,
        "operatingexpenses": 1562000000,
        "operatingincomeloss": 117000000,
        "interestincomenonoperating": 74000000,
        "othernonoperatingincomeexpense": -17000000,
        "incomelossfromcontinuingoperationsbeforeincometaxesextraordinaryitemsnoncontrollinginterest": 174000000,
        "incometaxexpensebenefit": -870000000,
        "netincomeloss": 1044000000,
        "earningspersharebasic": 5.12,
        "earningspersharediluted": 5.1,
        "weightedaveragenumberofsharesoutstandingbasic": 320000,
        "weightedaveragenumberofdilutedsharesoutstanding": 427000,
        "othercomprehensiveincomelossforeigncurrencytransactionandtranslationadjustmentnetoftax": 0,
        "othercomprehensiveincomeunrealizedholdinggainlossonsecuritiesarisingduringperiodnetoftax": -21000000,
        "othercomprehensiveincomelossnetoftax": -21000000,
        "comprehensiveincomenetoftax": 1023000000,
        "allocatedsharebasedcompensationexpense": 35000000
    },
    {
        "date": "2023-03-30",
        "symbol": "NOW",
        "period": "Q1",
        "revenuefromcontractwithcustomerexcludingassessedtax": 234000000,
        "costofrevenue": 438000000,
        "grossprofit": 1658000000,
        "sellingandmarketingexpense": 823000000,
        "researchanddevelopmentexpense": 492000000,
        "generalandadministrativeexpense": 199000000,
        "operatingexpenses": 1514000000,
        "operatingincomeloss": 144000000,
        "interestincomenonoperating": 60000000,
        "othernonoperatingincomeexpense": -16000000,
        "incomelossfromcontinuingoperationsbeforeincometaxesextraordinaryitemsnoncontrollinginterest": 188000000,
        "incometaxexpensebenefit": 38000000,
        "netincomeloss": 150000000,
        "earningspersharebasic": 0.74,
        "earningspersharediluted": 0.73,
        "weightedaveragenumberofsharesoutstandingbasic": 203385000,
        "weightedaveragenumberofdilutedsharesoutstanding": 204263000,
        "othercomprehensiveincomelossforeigncurrencytransactionandtranslationadjustmentnetoftax": 13000000,
        "othercomprehensiveincomeunrealizedholdinggainlossonsecuritiesarisingduringperiodnetoftax": 19000000,
        "othercomprehensiveincomelossnetoftax": 32000000,
        "comprehensiveincomenetoftax": 182000000,
        "allocatedsharebasedcompensationexpense": 35000000
    },
    {
        "date": "2022-12-30",
        "symbol": "NOW",
        "period": "Q4",
        "revenuefromcontractwithcustomerexcludingassessedtax": 220000000,
        "costofrevenue": 415000000,
        "grossprofit": 1525000000,
        "sellingandmarketingexpense": 722000000,
        "researchanddevelopmentexpense": 454000000,
        "generalandadministrativeexpense": 194000000,
        "operatingexpenses": 1370000000,
        "operatingincomeloss": 155000000,
        "interestexpense": 7000000,
        "othernonoperatingincomeexpense": 35000000,
        "incomelossfromcontinuingoperationsbeforeincometaxesextraordinaryitemsnoncontrollinginterest": 183000000,
        "incometaxexpensebenefit": 33000000,
        "netincomeloss": 22000000,
        "earningspersharebasic": 0.11000000000000001,
        "earningspersharediluted": 0.1,
        "weightedaveragenumberofsharesoutstandingbasic": -401658000,
        "weightedaveragenumberofdilutedsharesoutstanding": -405404000,
        "othercomprehensiveincomelossforeigncurrencytransactionandtranslationadjustmentnetoftax": 55000000,
        "othercomprehensiveincomeunrealizedholdinggainlossonsecuritiesarisingduringperiodnetoftax": 15000000,
        "othercomprehensiveincomelossnetoftax": 70000000,
        "comprehensiveincomenetoftax": 220000000
    },
    {
        "date": "2022-09-29",
        "symbol": "NOW",
        "period": "Q3",
        "revenuefromcontractwithcustomerexcludingassessedtax": 208000000,
        "costofrevenue": 400000000,
        "grossprofit": 1431000000,
        "sellingandmarketingexpense": 697000000,
        "researchanddevelopmentexpense": 456000000,
        "generalandadministrativeexpense": 187000000,
        "operatingexpenses": 1340000000,
        "operatingincomeloss": 91000000,
        "interestexpense": 8000000,
        "othernonoperatingincomeexpense": 19000000,
        "incomelossfromcontinuingoperationsbeforeincometaxesextraordinaryitemsnoncontrollinginterest": 102000000,
        "incometaxexpensebenefit": 22000000,
        "netincomeloss": 18000000,
        "earningspersharebasic": 0.1,
        "earningspersharediluted": 0.09,
        "weightedaveragenumberofsharesoutstandingbasic": 202045000,
        "weightedaveragenumberofdilutedsharesoutstanding": 203121000,
        "othercomprehensiveincomelossforeigncurrencytransactionandtranslationadjustmentnetoftax": -51000000,
        "othercomprehensiveincomeunrealizedholdinggainlossonsecuritiesarisingduringperiodnetoftax": -21000000,
        "othercomprehensiveincomelossnetoftax": -72000000,
        "comprehensiveincomenetoftax": 8000000,
        "allocatedsharebasedcompensationexpense": 57000000
    },
    {
        "date": "2022-06-29",
        "symbol": "NOW",
        "period": "Q2",
        "revenuefromcontractwithcustomerexcludingassessedtax": 195000000,
        "costofrevenue": 389000000,
        "grossprofit": 1363000000,
        "sellingandmarketingexpense": 722000000,
        "researchanddevelopmentexpense": 444000000,
        "generalandadministrativeexpense": 175000000,
        "operatingexpenses": 1341000000,
        "operatingincomeloss": 22000000,
        "interestexpense": 6000000,
        "othernonoperatingincomeexpense": 13000000,
        "incomelossfromcontinuingoperationsbeforeincometaxesextraordinaryitemsnoncontrollinginterest": 29000000,
        "incometaxexpensebenefit": 9000000,
        "netincomeloss": 16000000,
        "earningspersharebasic": 0.07,
        "earningspersharediluted": 0.08,
        "weightedaveragenumberofsharesoutstandingbasic": 200955000,
        "weightedaveragenumberofdilutedsharesoutstanding": 203018000,
        "othercomprehensiveincomelossforeigncurrencytransactionandtranslationadjustmentnetoftax": -62000000,
        "othercomprehensiveincomeunrealizedholdinggainlossonsecuritiesarisingduringperiodnetoftax": -22000000,
        "othercomprehensiveincomelossnetoftax": -84000000,
        "comprehensiveincomenetoftax": -64000000,
        "allocatedsharebasedcompensationexpense": 56000000
    },
    {
        "date": "2022-03-30",
        "symbol": "NOW",
        "period": "Q1",
        "revenuefromcontractwithcustomerexcludingassessedtax": 191000000,
        "costofrevenue": 369000000,
        "grossprofit": 1353000000,
        "sellingandmarketingexpense": 673000000,
        "researchanddevelopmentexpense": 414000000,
        "generalandadministrativeexpense": 179000000,
        "operatingexpenses": 1266000000,
        "operatingincomeloss": 87000000,
        "interestexpense": 6000000,
        "othernonoperatingincomeexpense": 4000000,
        "incomelossfromcontinuingoperationsbeforeincometaxesextraordinaryitemsnoncontrollinginterest": 85000000,
        "incometaxexpensebenefit": 10000000,
        "netincomeloss": 20000000,
        "earningspersharebasic": 0.1,
        "earningspersharediluted": 0.1,
        "weightedaveragenumberofsharesoutstandingbasic": 200088000,
        "weightedaveragenumberofdilutedsharesoutstanding": 202800000,
        "othercomprehensiveincomelossforeigncurrencytransactionandtranslationadjustmentnetoftax": -12000000,
        "othercomprehensiveincomeunrealizedholdinggainlossonsecuritiesarisingduringperiodnetoftax": -38000000,
        "othercomprehensiveincomelossnetoftax": -50000000,
        "comprehensiveincomenetoftax": 25000000,
        "sharebasedcompensation": 325000000
    },
    {
        "date": "2021-12-30",
        "symbol": "NOW",
        "period": "Q4",
        "revenuefromcontractwithcustomerexcludingassessedtax": 189000000,
        "costofrevenue": 375000000,
        "grossprofit": 1240000000,
        "sellingandmarketingexpense": 632000000,
        "researchanddevelopmentexpense": 392000000,
        "generalandadministrativeexpense": 181000000,
        "operatingexpenses": 1205000000,
        "operatingincomeloss": 35000000,
        "interestexpense": 7000000,
        "incometaxexpensebenefit": 6000000,
        "netincomeloss": 26000000,
        "earningspersharebasic": 0.12999999999999984,
        "earningspersharediluted": 0.11999999999999983,
        "weightedaveragenumberofsharesoutstandingbasic": -197722000,
        "weightedaveragenumberofdilutedsharesoutstanding": -202305000,
        "othercomprehensiveincomelossforeigncurrencytransactionandtranslationadjustmentnetoftax": -4000000,
        "othercomprehensiveincomelossnetoftax": -14000000,
        "comprehensiveincomenetoftax": 12000000,
        "sharebasedcompensation": 554000000
    },
    {
        "date": "2021-09-29",
        "symbol": "NOW",
        "period": "Q3",
        "revenuefromcontractwithcustomerexcludingassessedtax": 174000000,
        "costofrevenue": 350000000,
        "grossprofit": 1162000000,
        "sellingandmarketingexpense": 579000000,
        "researchanddevelopmentexpense": 358000000,
        "generalandadministrativeexpense": 151000000,
        "operatingexpenses": 1088000000,
        "operatingincomeloss": 74000000,
        "interestexpense": 7000000,
        "nonoperatingincomeexpense": 1000000,
        "incomelossfromcontinuingoperationsbeforeincometaxesextraordinaryitemsnoncontrollinginterest": 68000000,
        "incometaxexpensebenefit": 5000000,
        "netincomeloss": 63000000,
        "earningspersharebasic": 0.32,
        "earningspersharediluted": 0.31,
        "weightedaveragenumberofsharesoutstandingbasic": 198600000,
        "weightedaveragenumberofdilutedsharesoutstanding": 203124000,
        "othercomprehensiveincomelossforeigncurrencytransactionandtranslationadjustmentnetoftax": -20000000,
        "othercomprehensiveincomeunrealizedholdinggainlossonsecuritiesarisingduringperiodnetoftax": -2000000,
        "othercomprehensiveincomelossnetoftax": -22000000,
        "comprehensiveincomenetoftax": 41000000,
        "sharebasedcompensation": 40000000
    },
    {
        "date": "2021-06-29",
        "symbol": "NOW",
        "period": "Q2",
        "revenuefromcontractwithcustomerexcludingassessedtax": 166000000,
        "costofrevenue": 329000000,
        "grossprofit": 1080000000,
        "sellingandmarketingexpense": 557000000,
        "researchanddevelopmentexpense": 333000000,
        "generalandadministrativeexpense": 139000000,
        "operatingexpenses": 1029000000,
        "operatingincomeloss": 51000000,
        "interestexpense": 7000000,
        "nonoperatingincomeexpense": 6000000,
        "incomelossfromcontinuingoperationsbeforeincometaxesminorityinterestandincomelossfromequitymethodinvestments": 50000000,
        "incometaxexpensebenefit": -9000000,
        "netincomeloss": 59000000,
        "earningspersharebasic": 0.29,
        "earningspersharediluted": 0.29,
        "weightedaveragenumberofsharesoutstandingbasic": 592000,
        "weightedaveragenumberofdilutedsharesoutstanding": 80000,
        "othercomprehensiveincomelossforeigncurrencytransactionandtranslationadjustmentnetoftax": 14000000,
        "othercomprehensiveincomeunrealizedholdinggainlossonsecuritiesarisingduringperiodnetoftax": 0,
        "othercomprehensiveincomelossnetoftax": 14000000,
        "comprehensiveincomenetoftax": 73000000,
        "sharebasedcompensation": 281000000
    },
    {
        "date": "2021-03-30",
        "symbol": "NOW",
        "period": "Q1",
        "revenuefromcontractwithcustomerexcludingassessedtax": 162000000,
        "costofrevenue": 299000000,
        "grossprofit": 1061000000,
        "sellingandmarketingexpense": 524000000,
        "researchanddevelopmentexpense": 314000000,
        "generalandadministrativeexpense": 126000000,
        "operatingexpenses": 964000000,
        "operatingincomeloss": 97000000,
        "interestexpense": 7000000,
        "nonoperatingincomeexpense": 9000000,
        "incomelossfromcontinuingoperationsbeforeincometaxesminorityinterestandincomelossfromequitymethodinvestments": 99000000,
        "incometaxexpensebenefit": 17000000,
        "netincomeloss": 82000000,
        "earningspersharebasic": 0.42,
        "earningspersharediluted": 0.41,
        "weightedaveragenumberofsharesoutstandingbasic": 196624000,
        "weightedaveragenumberofdilutedsharesoutstanding": 202268000,
        "othercomprehensiveincomelossforeigncurrencytransactionandtranslationadjustmentnetoftax": -31000000,
        "othercomprehensiveincomeunrealizedholdinggainlossonsecuritiesarisingduringperiodnetoftax": -7000000,
        "othercomprehensiveincomelossnetoftax": -38000000,
        "comprehensiveincomenetoftax": 44000000,
        "sharebasedcompensation": 256000000
    },
    {
        "date": "2020-12-30",
        "symbol": "NOW",
        "period": "Q4",
        "revenuefromcontractwithcustomerexcludingassessedtax": 1184181000,
        "costofrevenue": 209900000,
        "grossprofit": 971226000,
        "sellingandmarketingexpense": 533853000,
        "researchanddevelopmentexpense": 284297000,
        "generalandadministrativeexpense": 135146000,
        "operatingexpenses": 953296000,
        "operatingincomeloss": 17930000,
        "interestexpense": 7708000,
        "incomelossfromcontinuingoperationsbeforeincometaxesminorityinterestandincomelossfromequitymethodinvestments": 13360000,
        "incometaxexpensebenefit": -3288000,
        "netincomeloss": 16648000,
        "earningspersharebasic": 0.08000000000000007,
        "earningspersharediluted": 0.09000000000000002,
        "weightedaveragenumberofsharesoutstandingbasic": -381623000,
        "weightedaveragenumberofdilutedsharesoutstanding": -400774000,
        "othercomprehensiveincomelossforeigncurrencytransactionandtranslationadjustmentnetoftax": 44122000,
        "othercomprehensiveincomeunrealizedholdinggainlossonsecuritiesarisingduringperiodnetoftax": -1468000,
        "othercomprehensiveincomelossnetoftax": 42654000,
        "comprehensiveincomenetoftax": 59302000,
        "sharebasedcompensation": 26172000
    },
    {
        "date": "2020-09-29",
        "symbol": "NOW",
        "period": "Q3",
        "revenuefromcontractwithcustomerexcludingassessedtax": 1091386000,
        "costofrevenue": 189280000,
        "grossprofit": 900268000,
        "sellingandmarketingexpense": 453410000,
        "researchanddevelopmentexpense": 268292000,
        "generalandadministrativeexpense": 109234000,
        "operatingexpenses": 830936000,
        "operatingincomeloss": 69332000,
        "interestexpense": 7980000,
        "nonoperatingincomeexpense": -35919000,
        "incomelossfromcontinuingoperationsbeforeincometaxesminorityinterestandincomelossfromequitymethodinvestments": 25433000,
        "incometaxexpensebenefit": 12575000,
        "netincomeloss": 12858000,
        "earningspersharebasic": 0.07,
        "earningspersharediluted": 0.06,
        "weightedaveragenumberofsharesoutstandingbasic": 193237000,
        "weightedaveragenumberofdilutedsharesoutstanding": 201861000,
        "othercomprehensiveincomelossforeigncurrencytransactionandtranslationadjustmentnetoftax": 24937000,
        "othercomprehensiveincomeunrealizedholdinggainlossonsecuritiesarisingduringperiodnetoftax": -3134000,
        "othercomprehensiveincomelossnetoftax": 21803000,
        "comprehensiveincomenetoftax": 34661000,
        "sharebasedcompensation": 25602000
    },
    {
        "date": "2020-06-29",
        "symbol": "NOW",
        "period": "Q2",
        "revenuefromcontractwithcustomerexcludingassessedtax": 1015528000,
        "costofrevenue": 171934000,
        "grossprofit": 837903000,
        "sellingandmarketingexpense": 426519000,
        "researchanddevelopmentexpense": 245081000,
        "generalandadministrativeexpense": 104037000,
        "operatingexpenses": 775637000,
        "operatingincomeloss": 62266000,
        "interestexpense": 8488000,
        "nonoperatingincomeexpense": 8252000,
        "incomelossfromcontinuingoperationsbeforeincometaxesminorityinterestandincomelossfromequitymethodinvestments": 62030000,
        "incometaxexpensebenefit": 21264000,
        "netincomeloss": 40766000,
        "earningspersharebasic": 0.21,
        "earningspersharediluted": 0.2,
        "weightedaveragenumberofsharesoutstandingbasic": 191319000,
        "weightedaveragenumberofdilutedsharesoutstanding": 201453000,
        "othercomprehensiveincomelossforeigncurrencytransactionandtranslationadjustmentnetoftax": 17577000,
        "othercomprehensiveincomeunrealizedholdinggainlossonsecuritiesarisingduringperiodnetoftax": 26575000,
        "othercomprehensiveincomelossnetoftax": 44152000,
        "comprehensiveincomenetoftax": 84918000,
        "sharebasedcompensation": 24960000
    },
    {
        "date": "2020-03-30",
        "symbol": "NOW",
        "period": "Q1",
        "revenuefromcontractwithcustomerexcludingassessedtax": 994702000,
        "costofrevenue": 159721000,
        "grossprofit": 822974000,
        "sellingandmarketingexpense": 441234000,
        "researchanddevelopmentexpense": 226657000,
        "generalandadministrativeexpense": 105748000,
        "operatingexpenses": 773639000,
        "operatingincomeloss": 49335000,
        "interestexpense": 8570000,
        "nonoperatingincomeexpense": 7597000,
        "incomelossfromcontinuingoperationsbeforeincometaxesminorityinterestandincomelossfromequitymethodinvestments": 48362000,
        "incometaxexpensebenefit": 131000,
        "netincomeloss": 48231000,
        "earningspersharebasic": 0.25,
        "earningspersharediluted": 0.24,
        "weightedaveragenumberofsharesoutstandingbasic": 190163000,
        "weightedaveragenumberofdilutedsharesoutstanding": 199938000,
        "othercomprehensiveincomelossforeigncurrencytransactionandtranslationadjustmentnetoftax": -20393000,
        "othercomprehensiveincomeunrealizedholdinggainlossonsecuritiesarisingduringperiodnetoftax": -19242000,
        "othercomprehensiveincomelossnetoftax": -39635000,
        "comprehensiveincomenetoftax": 8596000,
        "sharebasedcompensation": 21524000
    },
    {
        "date": "2019-12-30",
        "symbol": "NOW",
        "period": "Q4",
        "revenuefromcontractwithcustomerexcludingassessedtax": 899194000,
        "costofrevenue": 148244000,
        "grossprofit": 740321000,
        "sellingandmarketingexpense": 416005000,
        "researchanddevelopmentexpense": 202328000,
        "generalandadministrativeexpense": 93476000,
        "operatingexpenses": 711809000,
        "operatingincomeloss": 28512000,
        "interestexpense": 8475000,
        "nonoperatingincomeexpense": 14149000,
        "incomelossfromcontinuingoperationsbeforeincometaxesminorityinterestandincomelossfromequitymethodinvestments": 34186000,
        "incometaxexpensebenefit": -564538000,
        "netincomeloss": 598724000,
        "othercomprehensiveincomelossforeigncurrencytransactionandtranslationadjustmentnetoftax": 5807000,
        "othercomprehensiveincomeunrealizedholdinggainlossonsecuritiesarisingduringperiodnetoftax": -183000,
        "othercomprehensiveincomelossnetoftax": 5624000,
        "comprehensiveincomenetoftax": 604348000,
        "sharebasedcompensation": 18709000
    },
    {
        "date": "2019-09-29",
        "symbol": "NOW",
        "period": "Q3",
        "revenuefromcontractwithcustomerexcludingassessedtax": 834910000,
        "costofrevenue": 139330000,
        "grossprofit": 685040000,
        "sellingandmarketingexpense": 362975000,
        "researchanddevelopmentexpense": 190099000,
        "generalandadministrativeexpense": 75642000,
        "operatingexpenses": 628716000,
        "operatingincomeloss": 56324000,
        "interestexpense": 8371000,
        "nonoperatingincomeexpense": 12817000,
        "incomelossfromcontinuingoperationsbeforeincometaxesminorityinterestandincomelossfromequitymethodinvestments": 60770000,
        "incometaxexpensebenefit": 20172000,
        "netincomeloss": 40598000,
        "earningspersharebasic": 0.22,
        "earningspersharediluted": 0.21,
        "weightedaveragenumberofsharesoutstandingbasic": 188074303,
        "weightedaveragenumberofdilutedsharesoutstanding": 197878215,
        "othercomprehensiveincomelossforeigncurrencytransactionandtranslationadjustmentnetoftax": 5507000,
        "othercomprehensiveincomeunrealizedholdinggainlossonsecuritiesarisingduringperiodnetoftax": 582000,
        "othercomprehensiveincomelossnetoftax": 6089000,
        "comprehensiveincomenetoftax": 46687000,
        "sharebasedcompensation": 18880000
    },
    {
        "date": "2019-06-29",
        "symbol": "NOW",
        "period": "Q2",
        "revenuefromcontractwithcustomerexcludingassessedtax": 780989000,
        "costofrevenue": 135479000,
        "grossprofit": 635757000,
        "sellingandmarketingexpense": 393895000,
        "researchanddevelopmentexpense": 183420000,
        "generalandadministrativeexpense": 85442000,
        "operatingexpenses": 662757000,
        "operatingincomeloss": -27000000,
        "interestexpense": 8269000,
        "nonoperatingincomeexpense": 18954000,
        "incomelossfromcontinuingoperationsbeforeincometaxesminorityinterestandincomelossfromequitymethodinvestments": -16315000,
        "incometaxexpensebenefit": -5236000,
        "netincomeloss": -11079000,
        "earningspersharebasicanddiluted": -0.06,
        "weightedaveragenumberofshareoutstandingbasicanddiluted": 186677622,
        "othercomprehensiveincomelossforeigncurrencytransactionandtranslationadjustmentnetoftax": -410000,
        "othercomprehensiveincomeunrealizedholdinggainlossonsecuritiesarisingduringperiodnetoftax": 3629000,
        "othercomprehensiveincomelossnetoftax": 3219000,
        "comprehensiveincomenetoftax": -7860000,
        "sharebasedcompensation": 19117000
    },
    {
        "date": "2019-03-30",
        "symbol": "NOW",
        "period": "Q1",
        "revenuefromcontractwithcustomerexcludingassessedtax": 739986000,
        "costofrevenue": 126589000,
        "grossprofit": 602674000,
        "sellingandmarketingexpense": 361409000,
        "researchanddevelopmentexpense": 172522000,
        "generalandadministrativeexpense": 84456000,
        "operatingexpenses": 618387000,
        "operatingincomeloss": -15713000,
        "interestexpense": 8168000,
        "nonoperatingincomeexpense": 12425000,
        "incomelossfromcontinuingoperationsbeforeincometaxesminorityinterestandincomelossfromequitymethodinvestments": -11456000,
        "incometaxexpensebenefit": -9911000,
        "netincomeloss": -1545000,
        "earningspersharebasic": -0.01,
        "earningspersharediluted": -0.01,
        "weightedaveragenumberofsharesoutstandingbasic": 182061579,
        "weightedaveragenumberofdilutedsharesoutstanding": 182061579,
        "othercomprehensiveincomelossforeigncurrencytransactionandtranslationadjustmentnetoftax": 9635000,
        "othercomprehensiveincomeunrealizedholdinggainlossonsecuritiesarisingduringperiodnetoftax": 4723000,
        "othercomprehensiveincomelossnetoftax": 14358000,
        "comprehensiveincomenetoftax": 12813000,
        "sharebasedcompensation": 16022000
    },
    {
        "date": "2018-12-30",
        "symbol": "NOW",
        "period": "Q4",
        "costofrevenue": 13962000,
        "grossprofit": 547279000,
        "sellingandmarketingexpense": 319163000,
        "researchanddevelopmentexpense": 148662000,
        "generalandadministrativeexpense": 79176000,
        "operatingexpenses": 547001000,
        "operatingincomeloss": 278000,
        "interestexpense": 8938000,
        "nonoperatingincomeexpense": 10615000,
        "incomelossfromcontinuingoperationsbeforeincometaxesminorityinterestandincomelossfromequitymethodinvestments": 1955000,
        "incometaxexpensebenefit": -5060000,
        "netincomeloss": 7015000,
        "othercomprehensiveincomelossforeigncurrencytransactionandtranslationadjustmentnetoftax": -2115000,
        "othercomprehensiveincomelossnetoftax": -2617000,
        "comprehensiveincomenetoftax": 4398000,
        "sharebasedcompensation": 12134000
    },
    {
        "date": "2018-09-29",
        "symbol": "NOW",
        "period": "Q3",
        "revenuefromcontractwithcustomerexcludingassessedtax": 626567000,
        "costofrevenue": 106821000,
        "grossprofit": 515239000,
        "sellingandmarketingexpense": 289323000,
        "researchanddevelopmentexpense": 135655000,
        "generalandadministrativeexpense": 80693000,
        "operatingexpenses": 505671000,
        "operatingincomeloss": 9568000,
        "interestexpense": 11233000,
        "nonoperatingincomeexpense": 8895000,
        "incomelossfromcontinuingoperationsbeforeincometaxesminorityinterestandincomelossfromequitymethodinvestments": 7230000,
        "incometaxexpensebenefit": -1175000,
        "netincomeloss": 8405000,
        "earningspersharebasic": 0.05,
        "earningspersharediluted": 0.04,
        "weightedaveragenumberofsharesoutstandingbasic": 178719694,
        "weightedaveragenumberofdilutedsharesoutstanding": 192190899,
        "othercomprehensiveincomelossforeigncurrencytransactionandtranslationadjustmentnetoftax": 1655000,
        "othercomprehensiveincomeunrealizedholdinggainlossonsecuritiesarisingduringperiodnetoftax": 922000,
        "othercomprehensiveincomelossnetoftax": 2577000,
        "comprehensiveincomenetoftax": 10982000,
        "sharebasedcompensation": 12775000
    },
    {
        "date": "2018-06-29",
        "symbol": "NOW",
        "period": "Q2",
        "licenseandservicesrevenue": 585282000,
        "technologyservicesrevenue": 45774000,
        "salesrevenuenet": 631056000,
        "costofgoodssoldsubscription": 101699000,
        "technologyservicescosts": 51466000,
        "costofrevenue": 153165000,
        "grossprofit": 477891000,
        "sellingandmarketingexpense": 310869000,
        "researchanddevelopmentexpense": 127916000,
        "generalandadministrativeexpense": 71095000,
        "operatingexpenses": 509880000,
        "operatingincomeloss": -31989000,
        "interestexpense": 15498000,
        "nonoperatingincomeexpense": 6638000,
        "incomelossfromcontinuingoperationsbeforeincometaxesminorityinterestandincomelossfromequitymethodinvestments": -40849000,
        "incometaxexpensebenefit": 11897000,
        "netincomeloss": -52746000,
        "earningspersharebasicanddiluted": -0.3,
        "weightedaveragenumberofshareoutstandingbasicanddiluted": 177343176,
        "othercomprehensiveincomelossforeigncurrencytransactionandtranslationadjustmentnetoftax": 6992000,
        "unrealizedgainlossoninvestments": 1983000,
        "othercomprehensiveincomelossnetoftax": 8975000,
        "comprehensiveincomenetoftax": -43771000,
        "sharebasedcompensation": 12538000
    },
    {
        "date": "2018-03-30",
        "symbol": "NOW",
        "period": "Q1",
        "licenseandservicesrevenue": 543325000,
        "technologyservicesrevenue": 45897000,
        "salesrevenuenet": 589222000,
        "costofgoodssoldsubscription": 95398000,
        "technologyservicescosts": 48075000,
        "costofrevenue": 143473000,
        "grossprofit": 445749000,
        "sellingandmarketingexpense": 283701000,
        "researchanddevelopmentexpense": 117268000,
        "generalandadministrativeexpense": 65063000,
        "operatingexpenses": 466032000,
        "operatingincomeloss": -20283000,
        "interestexpense": 17064000,
        "nonoperatingincomeexpense": 29987000,
        "incomelossfromcontinuingoperationsbeforeincometaxesminorityinterestandincomelossfromequitymethodinvestments": -7360000,
        "incometaxexpensebenefit": -17982000,
        "netincomeloss": 10622000,
        "earningspersharebasicanddiluted": 0.06,
        "weightedaveragenumberofsharesoutstandingbasic": 175482833,
        "weightedaveragenumberofdilutedsharesoutstanding": 190249786,
        "othercomprehensiveincomelossforeigncurrencytransactionandtranslationadjustmentnetoftax": -8435000,
        "unrealizedgainlossoninvestments": -3068000,
        "othercomprehensiveincomelossnetoftax": -11503000,
        "comprehensiveincomenetoftax": -881000,
        "sharebasedcompensation": 11291000
    },
    {
        "date": "2017-09-29",
        "symbol": "NOW",
        "period": "Q3",
        "licenseandservicesrevenue": 455421000,
        "technologyservicesrevenue": 42749000,
        "salesrevenuenet": 498170000,
        "costofgoodssoldsubscription": 81878000,
        "technologyservicescosts": 45402000,
        "costofrevenue": 127280000,
        "grossprofit": 370890000,
        "sellingandmarketingexpense": 227015000,
        "researchanddevelopmentexpense": 98465000,
        "generalandadministrativeexpense": 52465000,
        "operatingexpenses": 377945000,
        "operatingincomeloss": -7055000,
        "interestexpense": 16566000,
        "nonoperatingincomeexpense": 853000,
        "incomelossfromcontinuingoperationsbeforeincometaxesminorityinterestandincomelossfromequitymethodinvestments": -22768000,
        "incometaxexpensebenefit": 1420000,
        "netincomeloss": -24188000,
        "earningspersharebasicanddiluted": -0.14,
        "weightedaveragenumberofshareoutstandingbasicanddiluted": 171883190,
        "othercomprehensiveincomelossforeigncurrencytransactionandtranslationadjustmentnetoftax": 3389000,
        "unrealizedgainlossoninvestments": -2864000,
        "othercomprehensiveincomelossnetoftax": 525000,
        "comprehensiveincomenetoftax": -23663000,
        "sharebasedcompensation": 8980000
    },
    {
        "date": "2017-06-29",
        "symbol": "NOW",
        "period": "Q2",
        "licenseandservicesrevenue": 411007000,
        "technologyservicesrevenue": 60696000,
        "salesrevenuenet": 471703000,
        "costofgoodssoldsubscription": 75793000,
        "technologyservicescosts": 45892000,
        "costofrevenue": 121685000,
        "grossprofit": 350018000,
        "sellingandmarketingexpense": 247224000,
        "researchanddevelopmentexpense": 90005000,
        "generalandadministrativeexpense": 51526000,
        "operatingexpenses": 388755000,
        "operatingincomeloss": -38737000,
        "interestexpense": 11337000,
        "nonoperatingincomeexpense": -7830000,
        "incomelossfromcontinuingoperationsbeforeincometaxesminorityinterestandincomelossfromequitymethodinvestments": -57904000,
        "incometaxexpensebenefit": -1431000,
        "netincomeloss": -56473000,
        "earningspersharebasicanddiluted": -0.33,
        "weightedaveragenumberofshareoutstandingbasicanddiluted": 170419083,
        "othercomprehensiveincomelossforeigncurrencytransactionandtranslationadjustmentnetoftax": 10221000,
        "unrealizedgainlossoninvestments": 524000,
        "othercomprehensiveincomelossnetoftax": 10745000,
        "comprehensiveincomenetoftax": -45728000,
        "sharebasedcompensation": 8942000
    },
    {
        "date": "2017-03-30",
        "symbol": "NOW",
        "period": "Q1",
        "licenseandservicesrevenue": 376135000,
        "technologyservicesrevenue": 40648000,
        "salesrevenuenet": 416783000,
        "costofgoodssoldsubscription": 70375000,
        "technologyservicescosts": 46072000,
        "costofrevenue": 116447000,
        "grossprofit": 300336000,
        "sellingandmarketingexpense": 212086000,
        "researchanddevelopmentexpense": 84489000,
        "generalandadministrativeexpense": 46251000,
        "operatingexpenses": 342826000,
        "operatingincomeloss": -42490000,
        "interestexpense": 8678000,
        "nonoperatingincomeexpense": 7716000,
        "incomelossfromcontinuingoperationsbeforeincometaxesminorityinterestandincomelossfromequitymethodinvestments": -43452000,
        "incometaxexpensebenefit": -2790000,
        "netincomeloss": -40662000,
        "earningspersharebasicanddiluted": -0.24,
        "weightedaveragenumberofshareoutstandingbasicanddiluted": 168742366,
        "othercomprehensiveincomelossforeigncurrencytransactionandtranslationadjustmentnetoftax": 1872000,
        "unrealizedgainlossoninvestments": 7583000,
        "othercomprehensiveincomelossnetoftax": 9455000,
        "comprehensiveincomenetoftax": -31207000,
        "allocatedsharebasedcompensationexpense": 7938000
    },
    {
        "date": "2016-12-30",
        "symbol": "NOW",
        "period": "Q4",
        "subscriptionrevenues": 344604000,
        "salesrevenueservicesnet": 41062000,
        "salesrevenuenet": 385666000,
        "costofgoodssoldsubscription": 64707000,
        "technologyservicescosts": 40229000,
        "costofrevenue": 104936000,
        "grossprofit": 280730000,
        "sellingandmarketingexpense": 188857000,
        "researchanddevelopmentexpense": 73933000,
        "generalandadministrativeexpense": 41543000,
        "operatingexpenses": 304333000,
        "operatingincomeloss": -23603000,
        "interestexpense": 8532000,
        "nonoperatingincomeexpense": 1290000,
        "incomelossfromcontinuingoperationsbeforeincometaxesminorityinterestandincomelossfromequitymethodinvestments": -30845000,
        "incometaxexpensebenefit": 1744000,
        "netincomeloss": -32589000,
        "earningspersharebasicanddiluted": -0.18999999999999995,
        "weightedaveragenumberofshareoutstandingbasicanddiluted": 766494,
        "othercomprehensiveincomelossforeigncurrencytransactionandtranslationadjustmentnetoftax": -3733000,
        "unrealizedgainlossoninvestments": -935000,
        "othercomprehensiveincomelossnetoftax": -4668000,
        "comprehensiveincomenetoftax": -37257000,
        "sharebasedcompensation": 7722000
    },
    {
        "date": "2016-09-29",
        "symbol": "NOW",
        "period": "Q3",
        "subscriptionrevenues": 318934000,
        "salesrevenueservicesnet": 38722000,
        "salesrevenuenet": 357656000,
        "costofgoodssoldsubscription": 61566000,
        "technologyservicescosts": 41271000,
        "costofrevenue": 102837000,
        "grossprofit": 254819000,
        "sellingandmarketingexpense": 166491000,
        "researchanddevelopmentexpense": 75018000,
        "generalandadministrativeexpense": 40085000,
        "operatingexpenses": 281594000,
        "operatingincomeloss": -26775000,
        "interestexpense": 8389000,
        "nonoperatingincomeexpense": 1783000,
        "incomelossfromcontinuingoperationsbeforeincometaxesminorityinterestandincomelossfromequitymethodinvestments": -33381000,
        "incometaxexpensebenefit": 2877000,
        "netincomeloss": -36258000,
        "earningspersharebasicanddiluted": -0.20999999999999996,
        "weightedaveragenumberofshareoutstandingbasicanddiluted": 814608,
        "othercomprehensiveincomelossforeigncurrencytransactionandtranslationadjustmentnetoftax": 203000,
        "unrealizedgainlossoninvestments": -615000,
        "othercomprehensiveincomelossnetoftax": -412000,
        "comprehensiveincomenetoftax": -36670000,
        "sharebasedcompensation": -20882000
    },
    {
        "date": "2016-06-29",
        "symbol": "NOW",
        "period": "Q2",
        "subscriptionrevenues": 290679000,
        "salesrevenueservicesnet": 50633000,
        "salesrevenuenet": 341312000,
        "costofgoodssoldsubscription": 56360000,
        "technologyservicescosts": 40289000,
        "costofrevenue": 96649000,
        "grossprofit": 244663000,
        "sellingandmarketingexpense": 186506000,
        "researchanddevelopmentexpense": 70364000,
        "generalandadministrativeexpense": 36071000,
        "litigationsettlementexpense": 0,
        "operatingexpenses": 292941000,
        "operatingincomeloss": -48278000,
        "interestexpense": 8248000,
        "nonoperatingincomeexpense": 2260000,
        "incomelossfromcontinuingoperationsbeforeincometaxesminorityinterestandincomelossfromequitymethodinvestments": -54266000,
        "incometaxexpensebenefit": -4641000,
        "netincomeloss": -49625000,
        "earningspersharebasicanddiluted": -0.29000000000000004,
        "weightedaveragenumberofshareoutstandingbasicanddiluted": 885613,
        "othercomprehensiveincomelossforeigncurrencytransactionandtranslationadjustmentnetoftax": -1989000,
        "unrealizedgainlossoninvestments": 505000,
        "othercomprehensiveincomelossnetoftax": -1484000,
        "comprehensiveincomenetoftax": -51109000,
        "sharebasedcompensation": -33728000
    },
    {
        "date": "2016-03-30",
        "symbol": "NOW",
        "period": "Q1",
        "subscriptionrevenues": 267422000,
        "salesrevenueservicesnet": 38457000,
        "salesrevenuenet": 305879000,
        "costofgoodssoldsubscription": 52781000,
        "technologyservicescosts": 41479000,
        "costofrevenue": 94260000,
        "grossprofit": 211619000,
        "sellingandmarketingexpense": 158610000,
        "researchanddevelopmentexpense": 65924000,
        "generalandadministrativeexpense": 41237000,
        "litigationsettlementexpense": 270000000,
        "operatingexpenses": 535771000,
        "operatingincomeloss": -324152000,
        "interestexpense": 8109000,
        "nonoperatingincomeexpense": 702000,
        "incomelossfromcontinuingoperationsbeforeincometaxesminorityinterestandincomelossfromequitymethodinvestments": -331559000,
        "incometaxexpensebenefit": 1773000,
        "netincomeloss": -333332000,
        "earningspersharebasicanddiluted": -2.06,
        "weightedaveragenumberofshareoutstandingbasicanddiluted": 162067108,
        "othercomprehensiveincomelossforeigncurrencytransactionandtranslationadjustmentnetoftax": 680000,
        "unrealizedgainlossoninvestments": 1633000,
        "othercomprehensiveincomelossnetoftax": 2313000,
        "comprehensiveincomenetoftax": -331019000,
        "sharebasedcompensation": 75308000
    },
    {
        "date": "2015-12-30",
        "symbol": "NOW",
        "period": "Q4",
        "subscriptionrevenues": 244702000,
        "salesrevenueservicesnet": 40948000,
        "salesrevenuenet": 285650000,
        "costofgoodssoldsubscription": 49511000,
        "technologyservicescosts": 41398000,
        "costofrevenue": 90909000,
        "grossprofit": 194741000,
        "sellingandmarketingexpense": 133909000,
        "researchanddevelopmentexpense": 58443000,
        "generalandadministrativeexpense": 33247000,
        "operatingexpenses": 225599000,
        "operatingincomeloss": -30858000,
        "nonoperatingincomeexpense": 26301000,
        "incomelossfromcontinuingoperationsbeforeincometaxesminorityinterestandincomelossfromequitymethodinvestments": -35654000,
        "incometaxexpensebenefit": 1724000,
        "netincomeloss": -37378000,
        "netincomelossavailabletocommonstockholdersbasic": -37378000,
        "netincomelossavailabletocommonstockholdersdiluted": -37378000,
        "earningspersharebasicanddiluted": -0.22999999999999998,
        "weightedaveragenumberofshareoutstandingbasicanddiluted": -307291110,
        "othercomprehensiveincomelossforeigncurrencytransactionandtranslationadjustmentnetoftax": -149000,
        "unrealizedgainlossoninvestments": -1700000,
        "othercomprehensiveincomelossnetoftax": -1810000,
        "comprehensiveincomenetoftax": -39188000,
        "sharebasedcompensation": 24592000
    },
    {
        "date": "2015-09-29",
        "symbol": "NOW",
        "period": "Q3",
        "subscriptionrevenues": 223208000,
        "salesrevenueservicesnet": 37942000,
        "salesrevenuenet": 261150000,
        "costofgoodssoldsubscription": 46053000,
        "technologyservicescosts": 35835000,
        "costofrevenue": 81888000,
        "grossprofit": 179262000,
        "sellingandmarketingexpense": 117899000,
        "researchanddevelopmentexpense": 55822000,
        "generalandadministrativeexpense": 33581000,
        "operatingexpenses": 207302000,
        "operatingincomeloss": -28040000,
        "nonoperatingincomeexpense": -11791000,
        "incomelossfromcontinuingoperationsbeforeincometaxesminorityinterestandincomelossfromequitymethodinvestments": -39831000,
        "incometaxexpensebenefit": 1199000,
        "netincomeloss": -41030000,
        "earningspersharebasicanddiluted": -0.26,
        "netincomelossavailabletocommonstockholdersbasic": -41030000,
        "netincomelossavailabletocommonstockholdersdiluted": -41030000,
        "weightedaveragenumberofshareoutstandingbasicanddiluted": 156930506,
        "othercomprehensiveincomelossforeigncurrencytransactionandtranslationadjustmentnetoftax": -2689000,
        "unrealizedgainlossoninvestments": -173000,
        "othercomprehensiveincomelosstax": -62000,
        "othercomprehensiveincomelossnetoftax": -2800000,
        "comprehensiveincomenetoftax": -43830000,
        "sharebasedcompensation": 9215000
    },
    {
        "date": "2015-06-29",
        "symbol": "NOW",
        "period": "Q2",
        "subscriptionrevenues": 200461000,
        "salesrevenueservicesnet": 46255000,
        "salesrevenuenet": 246716000,
        "costofgoodssoldsubscription": 45392000,
        "technologyservicescosts": 34325000,
        "costofrevenue": 79717000,
        "grossprofit": 166999000,
        "sellingandmarketingexpense": 136574000,
        "researchanddevelopmentexpense": 53276000,
        "generalandadministrativeexpense": 30384000,
        "operatingexpenses": 220234000,
        "operatingincomeloss": -53235000,
        "nonoperatingincomeexpense": -7186000,
        "incomelossfromcontinuingoperationsbeforeincometaxesminorityinterestandincomelossfromequitymethodinvestments": -60421000,
        "incometaxexpensebenefit": 1504000,
        "netincomeloss": -61925000,
        "earningspersharebasicanddiluted": -0.4,
        "netincomelossavailabletocommonstockholdersbasic": -61925000,
        "netincomelossavailabletocommonstockholdersdiluted": -61925000,
        "weightedaveragenumberofshareoutstandingbasicanddiluted": 154465367,
        "othercomprehensiveincomelossforeigncurrencytransactionandtranslationadjustmentnetoftax": 3720000,
        "unrealizedgainlossoninvestments": -491000,
        "othercomprehensiveincomelosstax": -177000,
        "othercomprehensiveincomelossnetoftax": 3406000,
        "comprehensiveincomenetoftax": -58519000,
        "sharebasedcompensation": 10468000
    },
    {
        "date": "2015-03-30",
        "symbol": "NOW",
        "period": "Q1",
        "subscriptionrevenues": 179907000,
        "salesrevenueservicesnet": 32057000,
        "salesrevenuenet": 211964000,
        "costofgoodssoldsubscription": 42444000,
        "technologyservicescosts": 34455000,
        "costofrevenue": 76899000,
        "grossprofit": 135065000,
        "sellingandmarketingexpense": 110057000,
        "researchanddevelopmentexpense": 49848000,
        "generalandadministrativeexpense": 29392000,
        "operatingexpenses": 189297000,
        "operatingincomeloss": -54232000,
        "nonoperatingincomeexpense": -2874000,
        "incomelossfromcontinuingoperationsbeforeincometaxesminorityinterestandincomelossfromequitymethodinvestments": -57106000,
        "incometaxexpensebenefit": 987000,
        "netincomeloss": -58093000,
        "earningspersharebasicanddiluted": -0.38,
        "netincomelossavailabletocommonstockholdersbasic": -58093000,
        "netincomelossavailabletocommonstockholdersdiluted": -58093000,
        "weightedaveragenumberofshareoutstandingbasicanddiluted": 151601880,
        "othercomprehensiveincomelossforeigncurrencytransactionandtranslationadjustmentnetoftax": -4059000,
        "unrealizedgainlossoninvestments": 772000,
        "othercomprehensiveincomelosstax": 278000,
        "othercomprehensiveincomelossnetoftax": -3565000,
        "comprehensiveincomenetoftax": -61658000,
        "sharebasedcompensation": 58074000
    },
    {
        "date": "2014-12-30",
        "symbol": "NOW",
        "period": "Q4",
        "salesrevenueservicesnet": 31253000,
        "salesrevenuenet": 198004000,
        "costofgoodssoldsubscription": 40330000,
        "costofrevenue": 70638000,
        "grossprofit": 127366000,
        "sellingandmarketingexpense": 95764000,
        "researchanddevelopmentexpense": 42026000,
        "generalandadministrativeexpense": 26260000,
        "operatingexpenses": 164050000,
        "operatingincomeloss": -36684000,
        "nonoperatingincomeexpense": -6562000,
        "incomelossfromcontinuingoperationsbeforeincometaxesminorityinterestandincomelossfromequitymethodinvestments": -43246000,
        "incometaxexpensebenefit": 1417000,
        "netincomeloss": -44663000,
        "netincomelossavailabletocommonstockholdersbasic": -44663000,
        "netincomelossavailabletocommonstockholdersdiluted": -44663000,
        "earningspersharebasicanddiluted": -0.3,
        "weightedaveragenumberofshareoutstandingbasicanddiluted": -287496676,
        "unrealizedgainlossoninvestments": -788000,
        "othercomprehensiveincomelossnetoftax": -5791000,
        "comprehensiveincomenetoftax": -50454000,
        "sharebasedcompensation": -4815000
    },
    {
        "date": "2014-09-29",
        "symbol": "NOW",
        "period": "Q3",
        "subscriptionrevenues": 150367000,
        "salesrevenueservicesnet": 28345000,
        "salesrevenuenet": 178712000,
        "costofgoodssoldsubscription": 37925000,
        "technologyservicescosts": 28161000,
        "costofrevenue": 66086000,
        "grossprofit": 112626000,
        "sellingandmarketingexpense": 84002000,
        "researchanddevelopmentexpense": 39683000,
        "generalandadministrativeexpense": 23440000,
        "operatingexpenses": 147125000,
        "operatingincomeloss": -34499000,
        "nonoperatingincomeexpense": -5949000,
        "incomelossfromcontinuingoperationsbeforeincometaxesminorityinterestandincomelossfromequitymethodinvestments": -40448000,
        "incometaxexpensebenefit": 602000,
        "netincomeloss": -41050000,
        "earningspersharebasicanddiluted": -0.28,
        "netincomelossavailabletocommonstockholdersbasic": -41050000,
        "netincomelossavailabletocommonstockholdersdiluted": -41050000,
        "weightedaveragenumberofshareoutstandingbasicanddiluted": 146335519,
        "othercomprehensiveincomelossforeigncurrencytransactionandtranslationadjustmentnetoftax": -6710000,
        "unrealizedgainlossoninvestments": -212000,
        "othercomprehensiveincomelossnetoftax": -6922000,
        "comprehensiveincomenetoftax": -47972000,
        "sharebasedcompensation": 41490000
    },
    {
        "date": "2014-06-29",
        "symbol": "NOW",
        "period": "Q2",
        "subscriptionrevenues": 132724000,
        "salesrevenueservicesnet": 34033000,
        "salesrevenuenet": 166757000,
        "costofgoodssoldsubscription": 33243000,
        "costofservices": 25695000,
        "costofrevenue": 58938000,
        "grossprofit": 107819000,
        "sellingandmarketingexpense": 91937000,
        "researchanddevelopmentexpense": 35439000,
        "generalandadministrativeexpense": 24914000,
        "operatingexpenses": 152290000,
        "operatingincomeloss": -44471000,
        "nonoperatingincomeexpense": -5231000,
        "incomelossfromcontinuingoperationsbeforeincometaxesminorityinterestandincomelossfromequitymethodinvestments": -49702000,
        "incometaxexpensebenefit": 661000,
        "netincomeloss": -50363000,
        "earningspersharebasicanddiluted": -0.35,
        "netincomelossavailabletocommonstockholdersbasic": -50363000,
        "netincomelossavailabletocommonstockholdersdiluted": -50363000,
        "weightedaveragenumberofshareoutstandingbasicanddiluted": 144456675,
        "othercomprehensiveincomelossforeigncurrencytransactionandtranslationadjustmentbeforetax": 511000,
        "unrealizedgainlossoninvestments": 365000,
        "othercomprehensiveincomelossnetoftax": 876000,
        "comprehensiveincomenetoftax": -49487000,
        "sharebasedcompensation": 10452000
    },
    {
        "date": "2014-03-30",
        "symbol": "NOW",
        "period": "Q1",
        "subscriptionrevenue": 117375000,
        "salesrevenueservicesnet": 21715000,
        "salesrevenuenet": 139090000,
        "costofgoodssoldsubscription": 31189000,
        "costofservices": 21925000,
        "costofrevenue": 53114000,
        "grossprofit": 85976000,
        "sellingandmarketingexpense": 69416000,
        "researchanddevelopmentexpense": 31110000,
        "generalandadministrativeexpense": 21631000,
        "operatingexpenses": 122157000,
        "operatingincomeloss": -36181000,
        "nonoperatingincomeexpense": -5963000,
        "incomelossfromcontinuingoperationsbeforeincometaxesminorityinterestandincomelossfromequitymethodinvestments": -42144000,
        "incometaxexpensebenefit": 1167000,
        "netincomeloss": -43311000,
        "earningspersharebasicanddiluted": -0.3,
        "netincomelossavailabletocommonstockholdersbasic": -43311000,
        "netincomelossavailabletocommonstockholdersdiluted": -43311000,
        "weightedaveragenumberofshareoutstandingbasicanddiluted": 142060025,
        "othercomprehensiveincomelossforeigncurrencytransactionandtranslationadjustmentbeforetax": 175000,
        "unrealizedgainlossoninvestments": 25000,
        "othercomprehensiveincomelossnetoftax": 200000,
        "comprehensiveincomenetoftax": -43111000,
        "sharebasedcompensation": 6879000
    },
    {
        "date": "2013-12-30",
        "symbol": "NOW",
        "period": "Q4",
        "subscriptionrevenue": 104878000,
        "salesrevenueservicesnet": 20352000,
        "salesrevenuenet": 125230000,
        "costofgoodssoldsubscription": 25968000,
        "costofservices": 19410000,
        "costofrevenue": 45378000,
        "grossprofit": 79852000,
        "sellingandmarketingexpense": 57337000,
        "researchanddevelopmentexpense": 23869000,
        "generalandadministrativeexpense": 18007000,
        "operatingexpenses": 99213000,
        "operatingincomeloss": -19361000,
        "nonoperatingincomeexpense": -4326000,
        "incomelossfromcontinuingoperationsbeforeincometaxesminorityinterestandincomelossfromequitymethodinvestments": -23687000,
        "incometaxexpensebenefit": 545000,
        "netincomeloss": -24232000,
        "netincomelossavailabletocommonstockholdersbasic": -24232000,
        "netincomelossavailabletocommonstockholdersdiluted": -24232000,
        "earningspersharebasic": -0.17,
        "earningspersharediluted": -0.17,
        "othercomprehensiveincomelossforeigncurrencytransactionandtranslationadjustmentbeforetax": 306000,
        "unrealizedgainlossoninvestments": -87000,
        "othercomprehensiveincomelossnetoftax": 186000,
        "comprehensiveincomenetoftax": -24046000,
        "sharebasedcompensation": 8048000
    },
    {
        "date": "2013-09-29",
        "symbol": "NOW",
        "period": "Q3",
        "subscriptionrevenue": 92992000,
        "salesrevenueservicesnet": 18267000,
        "salesrevenuenet": 111259000,
        "costofgoodssoldsubscription": 23429000,
        "costofservices": 18146000,
        "costofrevenue": 41575000,
        "grossprofit": 69684000,
        "sellingandmarketingexpense": 47336000,
        "researchanddevelopmentexpense": 20819000,
        "generalandadministrativeexpense": 16179000,
        "operatingexpenses": 84334000,
        "operatingincomeloss": -14650000,
        "nonoperatingincomeexpense": 600000,
        "incomelossfromcontinuingoperationsbeforeincometaxesminorityinterestandincomelossfromequitymethodinvestments": -14050000,
        "incometaxexpensebenefit": 663000,
        "netincomeloss": -14713000,
        "netincomelossavailabletocommonstockholdersbasic": -14713000,
        "netincomelossavailabletocommonstockholdersdiluted": -14713000,
        "earningspersharebasic": -0.11,
        "earningspersharediluted": -0.11,
        "weightedaveragenumberofshareoutstandingbasicanddiluted": 137456531,
        "othercomprehensiveincomelossforeigncurrencytransactionandtranslationadjustmentbeforetax": 758000,
        "unrealizedgainlossoninvestments": 412000,
        "othercomprehensiveincomelossnetoftax": 1170000,
        "comprehensiveincomenetoftax": -13543000,
        "sharebasedcompensation": 2190000
    },
    {
        "date": "2013-06-29",
        "symbol": "NOW",
        "period": "Q2",
        "subscriptionrevenue": 80376000,
        "salesrevenueservicesnet": 21846000,
        "salesrevenuenet": 102222000,
        "costofgoodssoldsubscription": 20219000,
        "costofservices": 15779000,
        "costofrevenue": 35998000,
        "grossprofit": 66224000,
        "sellingandmarketingexpense": 52291000,
        "researchanddevelopmentexpense": 17951000,
        "generalandadministrativeexpense": 15325000,
        "operatingexpenses": 85567000,
        "operatingincomeloss": -19343000,
        "nonoperatingincomeexpense": -1323000,
        "incomelossfromcontinuingoperationsbeforeincometaxesminorityinterestandincomelossfromequitymethodinvestments": -20666000,
        "incometaxexpensebenefit": 739000,
        "netincomeloss": -21405000,
        "netincomelossavailabletocommonstockholdersbasic": -21405000,
        "netincomelossavailabletocommonstockholdersdiluted": -21405000,
        "earningspersharebasic": -0.16,
        "earningspersharediluted": -0.16,
        "weightedaveragenumberofshareoutstandingbasicanddiluted": 134454085,
        "othercomprehensiveincomelossforeigncurrencytransactionandtranslationadjustmentbeforetax": -201000,
        "unrealizedgainlossoninvestments": -475000,
        "othercomprehensiveincomelossnetoftax": -676000,
        "comprehensiveincomenetoftax": -22081000,
        "sharebasedcompensation": 1996000
    },
    {
        "date": "2013-03-30",
        "symbol": "NOW",
        "period": "Q1",
        "subscriptionrevenue": 71558000,
        "salesrevenueservicesnet": 14381000,
        "salesrevenuenet": 85939000,
        "costofgoodssoldsubscription": 18312000,
        "costofservices": 13996000,
        "costofrevenue": 32308000,
        "grossprofit": 53631000,
        "sellingandmarketingexpense": 38226000,
        "researchanddevelopmentexpense": 16039000,
        "generalandadministrativeexpense": 12279000,
        "operatingexpenses": 66544000,
        "operatingincomeloss": -12913000,
        "nonoperatingincomeexpense": 119000,
        "incomelossfromcontinuingoperationsbeforeincometaxesminorityinterestandincomelossfromequitymethodinvestments": -12794000,
        "incometaxexpensebenefit": 564000,
        "netincomeloss": -13358000,
        "netincomelossavailabletocommonstockholdersbasic": -13358000,
        "netincomelossavailabletocommonstockholdersdiluted": -13358000,
        "earningspersharebasic": -0.1,
        "earningspersharediluted": -0.1,
        "weightedaveragenumberofshareoutstandingbasicanddiluted": 129782029,
        "othercomprehensiveincomelossforeigncurrencytransactionandtranslationadjustmentbeforetax": -1166000,
        "unrealizedgainlossoninvestments": 13000,
        "othercomprehensiveincomelosstaxportionattributabletoparent1": -33000,
        "othercomprehensiveincomelossnetoftax": -1120000,
        "comprehensiveincomenetoftax": -14478000,
        "sharebasedcompensation": 2332000
    }
]