[
    {
        "date": "2024-09-29",
        "symbol": "CHD",
        "period": "Q3",
        "revenuefromcontractwithcustomerexcludingassessedtax": 1510600000,
        "costofrevenue": 827500000,
        "grossprofit": 683100000,
        "marketingandadvertisingexpense": 185800000,
        "sellinggeneralandadministrativeexpense": 231700000,
        "operatingincomeloss": -91500000,
        "incomelossfromequitymethodinvestments": 3000000,
        "interestexpense": 23400000,
        "othernonoperatingincomeexpense": -7200000,
        "incomelossfromcontinuingoperationsbeforeincometaxesextraordinaryitemsnoncontrollinginterest": -101400000,
        "incometaxexpensebenefit": -26300000,
        "netincomeloss": -75100000,
        "weightedaveragenumberofsharesoutstandingbasic": 244100000,
        "weightedaveragenumberofdilutedsharesoutstanding": 246700000,
        "earningspersharebasic": -0.30999999999999983,
        "earningspersharediluted": -0.2999999999999998,
        "commonstockdividendspersharecashpaid": 0.28,
        "othercomprehensiveincomelossforeigncurrencytransactionandtranslationadjustmentnetoftax": 11600000,
        "othercomprehensiveincomelosscashflowhedgegainlossafterreclassificationandtax": -700000,
        "othercomprehensiveincomelossnetoftaxportionattributabletoparent": 10900000,
        "comprehensiveincomenetoftax": -64200000
    },
    {
        "date": "2024-06-29",
        "symbol": "CHD",
        "period": "Q2",
        "revenuefromcontractwithcustomerexcludingassessedtax": 1511200000,
        "costofrevenue": 799100000,
        "grossprofit": 712100000,
        "marketingandadvertisingexpense": 152400000,
        "sellinggeneralandadministrativeexpense": 222800000,
        "operatingincomeloss": 336900000,
        "incomelossfromequitymethodinvestments": 3100000,
        "othernonoperatingincomeexpense": 3700000,
        "interestexpense": 23200000,
        "incomelossfromcontinuingoperationsbeforeincometaxesextraordinaryitemsnoncontrollinginterest": 320500000,
        "incometaxexpensebenefit": 77000000,
        "netincomeloss": 243500000,
        "weightedaveragenumberofsharesoutstandingbasic": 243900000,
        "weightedaveragenumberofdilutedsharesoutstanding": 246500000,
        "earningspersharebasic": 0.99,
        "earningspersharediluted": 0.9799999999999999,
        "commonstockdividendspersharecashpaid": 0.2899999999999999,
        "othercomprehensiveincomelossforeigncurrencytransactionandtranslationadjustmentnetoftax": -2800000,
        "othercomprehensiveincomelosspensionandotherpostretirementbenefitplansadjustmentnetoftax": 0,
        "othercomprehensiveincomelosscashflowhedgegainlossafterreclassificationandtax": 3000000,
        "othercomprehensiveincomelossnetoftaxportionattributabletoparent": 200000,
        "comprehensiveincomenetoftax": 243700000
    },
    {
        "date": "2024-03-30",
        "symbol": "CHD",
        "period": "Q1",
        "revenuefromcontractwithcustomerexcludingassessedtax": 1503300000,
        "costofrevenue": 816300000,
        "grossprofit": 687000000,
        "marketingandadvertisingexpense": 152000000,
        "sellinggeneralandadministrativeexpense": 230000000,
        "operatingincomeloss": 305000000,
        "incomelossfromequitymethodinvestments": 1100000,
        "othernonoperatingincomeexpense": 3000000,
        "interestexpense": 25000000,
        "incomelossfromcontinuingoperationsbeforeincometaxesextraordinaryitemsnoncontrollinginterest": 284100000,
        "incometaxexpensebenefit": 56400000,
        "netincomeloss": 227700000,
        "weightedaveragenumberofsharesoutstandingbasic": 243400000,
        "weightedaveragenumberofdilutedsharesoutstanding": 246100000,
        "earningspersharebasic": 0.94,
        "earningspersharediluted": 0.93,
        "commonstockdividendspersharecashpaid": 0.28,
        "othercomprehensiveincomelossforeigncurrencytransactionandtranslationadjustmentnetoftax": -3500000,
        "othercomprehensiveincomelosspensionandotherpostretirementbenefitplansadjustmentnetoftax": 200000,
        "othercomprehensiveincomelosscashflowhedgegainlossafterreclassificationandtax": 1600000,
        "othercomprehensiveincomelossnetoftaxportionattributabletoparent": -2100000,
        "comprehensiveincomenetoftax": 225600000
    },
    {
        "date": "2023-12-30",
        "symbol": "CHD",
        "period": "Q4",
        "revenuefromcontractwithcustomerexcludingassessedtax": 1528000000,
        "costofrevenue": 846700000,
        "grossprofit": 681300000,
        "marketingandadvertisingexpense": 219000000,
        "sellinggeneralandadministrativeexpense": 246200000,
        "operatingincomeloss": 216100000,
        "incomelossfromequitymethodinvestments": 600000,
        "othernonoperatingincomeexpense": 5500000,
        "interestexpense": 27000000,
        "incomelossfromcontinuingoperationsbeforeincometaxesextraordinaryitemsnoncontrollinginterest": 195200000,
        "incometaxexpensebenefit": 41500000,
        "netincomeloss": 153700000,
        "weightedaveragenumberofsharesoutstandingbasic": 244900000,
        "weightedaveragenumberofdilutedsharesoutstanding": 247600000,
        "earningspersharebasic": 0.63,
        "earningspersharediluted": 0.62,
        "commonstockdividendspersharecashpaid": 0.28,
        "othercomprehensiveincomelossforeigncurrencytransactionandtranslationadjustmentnetoftax": 9300000,
        "othercomprehensiveincomelosscashflowhedgegainlossafterreclassificationandtax": -7200000,
        "othercomprehensiveincomelossnetoftaxportionattributabletoparent": 2200000,
        "comprehensiveincomenetoftax": 155900000
    },
    {
        "date": "2023-09-29",
        "symbol": "CHD",
        "period": "Q3",
        "revenuefromcontractwithcustomerexcludingassessedtax": 1455900000,
        "costofrevenue": 809600000,
        "grossprofit": 646300000,
        "marketingandadvertisingexpense": 167800000,
        "sellinggeneralandadministrativeexpense": 222700000,
        "operatingincomeloss": 255800000,
        "incomelossfromequitymethodinvestments": 1700000,
        "othernonoperatingincomeexpense": 3700000,
        "interestexpense": 27200000,
        "incomelossfromcontinuingoperationsbeforeincometaxesextraordinaryitemsnoncontrollinginterest": 234000000,
        "incometaxexpensebenefit": 56500000,
        "netincomeloss": 177500000,
        "weightedaveragenumberofsharesoutstandingbasic": 246000000,
        "weightedaveragenumberofdilutedsharesoutstanding": 248700000,
        "earningspersharebasic": 0.72,
        "earningspersharediluted": 0.71,
        "commonstockdividendspersharecashpaid": 0.27,
        "othercomprehensiveincomelossforeigncurrencytransactionandtranslationadjustmentnetoftax": -6400000,
        "othercomprehensiveincomelosspensionandotherpostretirementbenefitplansadjustmentnetoftax": -1300000,
        "othercomprehensiveincomelosscashflowhedgegainlossafterreclassificationandtax": 3500000,
        "othercomprehensiveincomelossnetoftaxportionattributabletoparent": -1600000,
        "comprehensiveincomenetoftax": 175900000
    },
    {
        "date": "2023-06-29",
        "symbol": "CHD",
        "period": "Q2",
        "revenuefromcontractwithcustomerexcludingassessedtax": 1454200000,
        "costofrevenue": 815300000,
        "grossprofit": 638900000,
        "marketingandadvertisingexpense": 132200000,
        "sellinggeneralandadministrativeexpense": 213100000,
        "operatingincomeloss": 293600000,
        "incomelossfromequitymethodinvestments": 2000000,
        "othernonoperatingincomeexpense": 1700000,
        "interestexpense": 27900000,
        "incomelossfromcontinuingoperationsbeforeincometaxesextraordinaryitemsnoncontrollinginterest": 269400000,
        "incometaxexpensebenefit": 48200000,
        "netincomeloss": 221200000,
        "weightedaveragenumberofsharesoutstandingbasic": 600000,
        "weightedaveragenumberofdilutedsharesoutstanding": 600000,
        "earningspersharebasic": 0.91,
        "earningspersharediluted": 0.9,
        "commonstockdividendspersharecashpaid": 0.27,
        "othercomprehensiveincomelossforeigncurrencytransactionandtranslationadjustmentnetoftax": 3300000,
        "othercomprehensiveincomelosspensionandotherpostretirementbenefitplansadjustmentnetoftax": 0,
        "othercomprehensiveincomelosscashflowhedgegainlossafterreclassificationandtax": -4900000,
        "othercomprehensiveincomelossnetoftaxportionattributabletoparent": -1600000,
        "comprehensiveincomenetoftax": 219600000
    },
    {
        "date": "2023-03-30",
        "symbol": "CHD",
        "period": "Q1",
        "revenuefromcontractwithcustomerexcludingassessedtax": 1429800000,
        "costofrevenue": 807800000,
        "grossprofit": 622000000,
        "marketingandadvertisingexpense": 122300000,
        "sellinggeneralandadministrativeexpense": 207800000,
        "operatingincomeloss": 291900000,
        "incomelossfromequitymethodinvestments": 4400000,
        "othernonoperatingincomeexpense": 1300000,
        "interestexpense": 28800000,
        "incomelossfromcontinuingoperationsbeforeincometaxesextraordinaryitemsnoncontrollinginterest": 268800000,
        "incometaxexpensebenefit": 65600000,
        "netincomeloss": 203200000,
        "weightedaveragenumberofsharesoutstandingbasic": 243800000,
        "weightedaveragenumberofdilutedsharesoutstanding": 246800000,
        "earningspersharebasic": 0.83,
        "earningspersharediluted": 0.82,
        "commonstockdividendspersharecashpaid": 0.27,
        "othercomprehensiveincomelossforeigncurrencytransactionandtranslationadjustmentnetoftax": 2400000,
        "othercomprehensiveincomelosspensionandotherpostretirementbenefitplansadjustmentnetoftax": -1500000,
        "othercomprehensiveincomelosscashflowhedgegainlossafterreclassificationandtax": -800000,
        "othercomprehensiveincomelossnetoftaxportionattributabletoparent": 3100000,
        "comprehensiveincomenetoftax": 206300000
    },
    {
        "date": "2022-12-30",
        "symbol": "CHD",
        "period": "Q4",
        "revenuefromcontractwithcustomerexcludingassessedtax": 1436000000,
        "costofrevenue": 833500000,
        "grossprofit": 602500000,
        "marketingandadvertisingexpense": 189700000,
        "sellinggeneralandadministrativeexpense": 611200000,
        "operatingincomeloss": -198400000,
        "incomelossfromequitymethodinvestments": 2300000,
        "interestexpense": 30000000,
        "incomelossfromcontinuingoperationsbeforeincometaxesextraordinaryitemsnoncontrollinginterest": -223900000,
        "incometaxexpensebenefit": -59200000,
        "netincomeloss": -164700000,
        "weightedaveragenumberofsharesoutstandingbasic": 242899757.3,
        "weightedaveragenumberofdilutedsharesoutstanding": 246299753.60000002,
        "earningspersharebasic": -0.68,
        "earningspersharediluted": -0.67,
        "commonstockdividendspersharecashpaid": 0.26,
        "othercomprehensiveincomelossforeigncurrencytransactionandtranslationadjustmentnetoftax": 11600000,
        "othercomprehensiveincomelosscashflowhedgegainlossafterreclassificationandtax": 4800000,
        "othercomprehensiveincomelossnetoftaxportionattributabletoparent": 16800000,
        "comprehensiveincomenetoftax": -147900000
    },
    {
        "date": "2022-09-29",
        "symbol": "CHD",
        "period": "Q3",
        "revenuefromcontractwithcustomerexcludingassessedtax": 1317300000,
        "costofrevenue": 767600000,
        "grossprofit": 549700000,
        "marketingandadvertisingexpense": 140700000,
        "sellinggeneralandadministrativeexpense": 155100000,
        "operatingincomeloss": 253900000,
        "incomelossfromequitymethodinvestments": 3700000,
        "interestexpense": 23700000,
        "incomelossfromcontinuingoperationsbeforeincometaxesextraordinaryitemsnoncontrollinginterest": 234500000,
        "incometaxexpensebenefit": 47400000,
        "netincomeloss": 187100000,
        "weightedaveragenumberofsharesoutstandingbasic": 0.09999999403953552,
        "weightedaveragenumberofdilutedsharesoutstanding": -0.09999999403953552,
        "earningspersharebasic": 0.7699999999999999,
        "earningspersharediluted": 0.7599999999999999,
        "commonstockdividendspersharecashpaid": 0.26,
        "othercomprehensiveincomelossforeigncurrencytransactionandtranslationadjustmentnetoftax": -13300000,
        "othercomprehensiveincomelosscashflowhedgegainlossafterreclassificationandtax": 14300000,
        "othercomprehensiveincomelossnetoftaxportionattributabletoparent": 1000000,
        "comprehensiveincomenetoftax": 188100000
    },
    {
        "date": "2022-06-29",
        "symbol": "CHD",
        "period": "Q2",
        "revenuefromcontractwithcustomerexcludingassessedtax": 1325100000,
        "costofrevenue": 779800000,
        "grossprofit": 545300000,
        "marketingandadvertisingexpense": 102900000,
        "sellinggeneralandadministrativeexpense": 180800000,
        "operatingincomeloss": 261600000,
        "incomelossfromequitymethodinvestments": 3900000,
        "othernonoperatingincomeexpense": 0,
        "interestexpense": 19300000,
        "incomelossfromcontinuingoperationsbeforeincometaxesextraordinaryitemsnoncontrollinginterest": 246500000,
        "incometaxexpensebenefit": 59400000,
        "netincomeloss": 187100000,
        "weightedaveragenumberofsharesoutstandingbasic": -242599757.4,
        "weightedaveragenumberofdilutedsharesoutstanding": -246699753.5,
        "earningspersharebasic": 0.7700000000000001,
        "earningspersharediluted": 0.7600000000000001,
        "commonstockdividendspersharecashpaid": 0.27,
        "othercomprehensiveincomelossforeigncurrencytransactionandtranslationadjustmentnetoftax": -12300000,
        "othercomprehensiveincomelosspensionandotherpostretirementbenefitplansadjustmentnetoftax": 0,
        "othercomprehensiveincomelosscashflowhedgegainlossafterreclassificationandtax": 18400000,
        "othercomprehensiveincomelossnetoftaxportionattributabletoparent": 6100000,
        "comprehensiveincomenetoftax": 193200000
    },
    {
        "date": "2022-03-30",
        "symbol": "CHD",
        "period": "Q1",
        "revenuefromcontractwithcustomerexcludingassessedtax": 1297200000,
        "costofrevenue": 744700000,
        "grossprofit": 552500000,
        "marketingandadvertisingexpense": 101900000,
        "sellinggeneralandadministrativeexpense": 169900000,
        "operatingincomeloss": 280700000,
        "incomelossfromequitymethodinvestments": 2400000,
        "othernonoperatingincomeexpense": -300000,
        "interestexpense": 16600000,
        "incomelossfromcontinuingoperationsbeforeincometaxesextraordinaryitemsnoncontrollinginterest": 266200000,
        "incometaxexpensebenefit": 61800000,
        "netincomeloss": 204400000,
        "weightedaveragenumberofsharesoutstandingbasic": 242600000,
        "weightedaveragenumberofdilutedsharesoutstanding": 246700000,
        "earningspersharebasic": 0.84,
        "earningspersharediluted": 0.83,
        "commonstockdividendspersharecashpaid": 0.26,
        "othercomprehensiveincomelossforeigncurrencytransactionandtranslationadjustmentnetoftax": -2200000,
        "othercomprehensiveincomelosspensionandotherpostretirementbenefitplansadjustmentnetoftax": -1900000,
        "othercomprehensiveincomelosscashflowhedgegainlossafterreclassificationandtax": 15300000,
        "othercomprehensiveincomelossnetoftaxportionattributabletoparent": 15000000,
        "comprehensiveincomenetoftax": 219400000
    },
    {
        "date": "2021-12-30",
        "symbol": "CHD",
        "period": "Q4",
        "revenuefromcontractwithcustomerexcludingassessedtax": 1368700000,
        "costofrevenue": 787500000,
        "grossprofit": 581200000,
        "marketingandadvertisingexpense": 201100000,
        "sellinggeneralandadministrativeexpense": 203700000,
        "operatingincomeloss": 176400000,
        "incomelossfromequitymethodinvestments": 2000000,
        "othernonoperatingincomeexpense": -1200000,
        "interestexpense": 13000000,
        "incomelossfromcontinuingoperationsbeforeincometaxesextraordinaryitemsnoncontrollinginterest": 164100000,
        "incometaxexpensebenefit": 6000000,
        "netincomeloss": 158100000,
        "earningspersharebasic": 0.6499999999999998,
        "earningspersharediluted": 0.6399999999999996,
        "commonstockdividendspersharecashpaid": 0.25,
        "othercomprehensiveincomelossforeigncurrencytransactionandtranslationadjustmentnetoftax": 900000,
        "othercomprehensiveincomelossnetoftaxportionattributabletoparent": -7300000,
        "comprehensiveincomenetoftax": 150800000
    },
    {
        "date": "2021-09-29",
        "symbol": "CHD",
        "period": "Q3",
        "revenuefromcontractwithcustomerexcludingassessedtax": 1311400000,
        "costofrevenue": 732200000,
        "grossprofit": 579200000,
        "marketingandadvertisingexpense": 160900000,
        "sellinggeneralandadministrativeexpense": 116900000,
        "operatingincomeloss": 301400000,
        "incomelossfromequitymethodinvestments": 2000000,
        "investmentincomenet": 0,
        "othernonoperatingincomeexpense": -700000,
        "interestexpense": 13400000,
        "incomelossfromcontinuingoperationsbeforeincometaxesextraordinaryitemsnoncontrollinginterest": 289300000,
        "incometaxexpensebenefit": 58900000,
        "netincomeloss": 230400000,
        "weightedaveragenumberofdilutedsharesoutstanding": 0,
        "earningspersharebasic": 0.9399999999999998,
        "earningspersharediluted": 0.9200000000000003,
        "commonstockdividendspersharecashpaid": 0.26,
        "othercomprehensiveincomelossforeigncurrencytransactionandtranslationadjustmentnetoftax": -5100000,
        "othercomprehensiveincomelossderivativesqualifyingashedgesnetoftax": 10000000,
        "othercomprehensiveincomelossnetoftaxportionattributabletoparent": 4900000,
        "comprehensiveincomenetoftax": 235300000
    },
    {
        "date": "2021-06-29",
        "symbol": "CHD",
        "period": "Q2",
        "revenuefromcontractwithcustomerexcludingassessedtax": 1271100000,
        "costofrevenue": 718900000,
        "grossprofit": 552200000,
        "marketingandadvertisingexpense": 117000000,
        "sellinggeneralandadministrativeexpense": 136500000,
        "operatingincomeloss": 298700000,
        "incomelossfromequitymethodinvestments": 2800000,
        "investmentincomenet": 200000,
        "othernonoperatingincomeexpense": -300000,
        "interestexpense": 14100000,
        "incomelossfromcontinuingoperationsbeforeincometaxesextraordinaryitemsnoncontrollinginterest": 287300000,
        "incometaxexpensebenefit": 69000000,
        "netincomeloss": 218300000,
        "weightedaveragenumberofsharesoutstandingbasic": 0,
        "weightedaveragenumberofdilutedsharesoutstanding": 100000,
        "earningspersharebasic": 0.89,
        "earningspersharediluted": 0.88,
        "commonstockdividendspersharecashpaid": 0.25,
        "othercomprehensiveincomelossforeigncurrencytransactionandtranslationadjustmentnetoftax": 1000000,
        "othercomprehensiveincomelosspensionandotherpostretirementbenefitplansadjustmentnetoftax": 0,
        "othercomprehensiveincomelossderivativesqualifyingashedgesnetoftax": -12200000,
        "othercomprehensiveincomelossnetoftaxportionattributabletoparent": -11200000,
        "comprehensiveincomenetoftax": 207100000
    },
    {
        "date": "2021-03-30",
        "symbol": "CHD",
        "period": "Q1",
        "revenuefromcontractwithcustomerexcludingassessedtax": 1238900000,
        "costofrevenue": 688000000,
        "grossprofit": 550900000,
        "marketingandadvertisingexpense": 98700000,
        "sellinggeneralandadministrativeexpense": 149600000,
        "operatingincomeloss": 302600000,
        "incomelossfromequitymethodinvestments": 2600000,
        "investmentincomenet": -100000,
        "othernonoperatingincomeexpense": -100000,
        "interestexpense": 14000000,
        "incomelossfromcontinuingoperationsbeforeincometaxesextraordinaryitemsnoncontrollinginterest": 291000000,
        "incometaxexpensebenefit": 70300000,
        "netincomeloss": 220700000,
        "weightedaveragenumberofsharesoutstandingbasic": 245200000,
        "weightedaveragenumberofdilutedsharesoutstanding": 249800000,
        "earningspersharebasic": 0.9,
        "earningspersharediluted": 0.88,
        "commonstockdividendspersharecashpaid": 0.25,
        "othercomprehensiveincomelossforeigncurrencytransactionandtranslationadjustmentnetoftax": -600000,
        "othercomprehensiveincomelosspensionandotherpostretirementbenefitplansadjustmentnetoftax": 700000,
        "othercomprehensiveincomelossderivativesqualifyingashedgesnetoftax": 24300000,
        "othercomprehensiveincomelossnetoftaxportionattributabletoparent": 23000000,
        "comprehensiveincomenetoftax": 243700000
    },
    {
        "date": "2020-12-30",
        "symbol": "CHD",
        "period": "Q4",
        "revenuefromcontractwithcustomerexcludingassessedtax": 1295300000,
        "costofrevenue": 737900000,
        "grossprofit": 557400000,
        "marketingandadvertisingexpense": 201600000,
        "sellinggeneralandadministrativeexpense": 165200000,
        "operatingincomeloss": 190600000,
        "incomelossfromequitymethodinvestments": 1200000,
        "othernonoperatingincomeexpense": -1000000,
        "interestexpense": 14000000,
        "incomelossfromcontinuingoperationsbeforeincometaxesextraordinaryitemsnoncontrollinginterest": 176900000,
        "incometaxexpensebenefit": 26700000,
        "netincomeloss": 150200000,
        "weightedaveragenumberofsharesoutstandingbasic": 300000,
        "weightedaveragenumberofdilutedsharesoutstanding": 200000,
        "earningspersharebasic": 0.6000000000000001,
        "earningspersharediluted": 0.6,
        "commonstockdividendspersharecashpaid": 0.24,
        "othercomprehensiveincomelossforeigncurrencytransactionandtranslationadjustmentnetoftax": 10800000,
        "othercomprehensiveincomelossderivativesqualifyingashedgesnetoftax": 2400000,
        "othercomprehensiveincomelossnetoftaxportionattributabletoparent": 13200000,
        "comprehensiveincomenetoftax": 163400000
    },
    {
        "date": "2020-09-29",
        "symbol": "CHD",
        "period": "Q3",
        "revenuefromcontractwithcustomerexcludingassessedtax": 2009500000,
        "costofrevenue": 675800000,
        "grossprofit": 565200000,
        "marketingandadvertisingexpense": 170900000,
        "sellinggeneralandadministrativeexpense": 120500000,
        "operatingincomeloss": 273800000,
        "incomelossfromequitymethodinvestments": 1900000,
        "investmentincomenonoperating": 0,
        "othernonoperatingincomeexpense": -300000,
        "interestexpense": 13900000,
        "incomelossfromcontinuingoperationsbeforeincometaxesextraordinaryitemsnoncontrollinginterest": 559300000,
        "incometaxexpensebenefit": 45300000,
        "netincomeloss": 216200000,
        "weightedaveragenumberofsharesoutstandingbasic": -245300000,
        "weightedaveragenumberofdilutedsharesoutstanding": -250300000,
        "earningspersharebasic": 0.8700000000000001,
        "earningspersharediluted": 0.85,
        "commonstockdividendspersharecashpaid": 0.24,
        "othercomprehensiveincomelossforeigncurrencytransactionandtranslationadjustmentnetoftax": 6200000,
        "othercomprehensiveincomelossderivativesqualifyingashedgesnetoftax": 1300000,
        "othercomprehensiveincomelossnetoftaxportionattributabletoparent": 7500000.000000004,
        "comprehensiveincomenetoftax": 223700000
    },
    {
        "date": "2020-06-29",
        "symbol": "CHD",
        "period": "Q2",
        "revenuefromcontractwithcustomerexcludingassessedtax": 1194300000,
        "costofrevenue": 634700000,
        "grossprofit": 559600000,
        "marketingandadvertisingexpense": 122300000,
        "sellinggeneralandadministrativeexpense": 186600000,
        "operatingincomeloss": 250700000,
        "incomelossfromequitymethodinvestments": 2000000,
        "investmentincomenonoperating": 300000,
        "othernonoperatingincomeexpense": -200000,
        "interestexpense": 16800000,
        "incomelossfromcontinuingoperationsbeforeincometaxesextraordinaryitemsnoncontrollinginterest": 236000000,
        "incometaxexpensebenefit": 46300000,
        "netincomeloss": 189700000,
        "weightedaveragenumberofsharesoutstandingbasic": 246200000,
        "weightedaveragenumberofdilutedsharesoutstanding": 251300000,
        "earningspersharebasic": 0.77,
        "earningspersharediluted": 0.75,
        "commonstockdividendspersharecashpaid": 0.24,
        "othercomprehensiveincomelossforeigncurrencytransactionandtranslationadjustmentnetoftax": 6400000,
        "othercomprehensiveincomelossderivativesqualifyingashedgesnetoftax": -5300000,
        "othercomprehensiveincomelossnetoftaxportionattributabletoparent": 1100000,
        "comprehensiveincomenetoftax": 190800000
    },
    {
        "date": "2020-03-30",
        "symbol": "CHD",
        "period": "Q1",
        "revenuefromcontractwithcustomerexcludingassessedtax": 396700000,
        "costofrevenue": 633200000,
        "grossprofit": 532000000,
        "marketingandadvertisingexpense": 96400000,
        "sellinggeneralandadministrativeexpense": 121000000,
        "operatingincomeloss": 314600000,
        "incomelossfromequitymethodinvestments": 1600000,
        "investmentincomenonoperating": 100000,
        "othernonoperatingincomeexpense": -600000,
        "interestexpense": 16300000,
        "incomelossfromcontinuingoperationsbeforeincometaxesextraordinaryitemsnoncontrollinginterest": 1600000,
        "incometaxexpensebenefit": 69600000,
        "netincomeloss": 229800000,
        "weightedaveragenumberofsharesoutstandingbasic": 245600000,
        "weightedaveragenumberofdilutedsharesoutstanding": 251000000,
        "earningspersharebasic": 0.94,
        "earningspersharediluted": 0.92,
        "commonstockdividendspersharecashpaid": 0.24,
        "othercomprehensiveincomelossforeigncurrencytransactionandtranslationadjustmentnetoftax": -13000000,
        "othercomprehensiveincomelossderivativesqualifyingashedgesnetoftax": -19700000,
        "othercomprehensiveincomelossnetoftaxportionattributabletoparent": -32700000.000000004,
        "comprehensiveincomenetoftax": 197100000
    },
    {
        "date": "2019-12-30",
        "symbol": "CHD",
        "period": "Q4",
        "revenuefromcontractwithcustomerexcludingassessedtax": 1847300000,
        "costofrevenue": 620200000,
        "grossprofit": 524000000,
        "marketingandadvertisingexpense": 162600000,
        "sellinggeneralandadministrativeexpense": 166200000,
        "operatingincomeloss": 195200000,
        "incomelossfromequitymethodinvestments": 1100000,
        "investmentincomenonoperating": 600000,
        "othernonoperatingincomeexpense": -1200000,
        "interestexpense": 18000000,
        "incomelossfromcontinuingoperationsbeforeincometaxesextraordinaryitemsnoncontrollinginterest": 401100000,
        "incometaxexpensebenefit": 33300000,
        "netincomeloss": 144400000,
        "weightedaveragenumberofsharesoutstandingbasic": -493100000,
        "weightedaveragenumberofdilutedsharesoutstanding": -505400000,
        "earningspersharebasic": 0.5899999999999999,
        "earningspersharediluted": 0.5699999999999998,
        "commonstockdividendspersharecashpaid": 0.22000000000000006,
        "othercomprehensiveincomelossforeigncurrencytransactionandtranslationadjustmentnetoftax": 7900000,
        "othercomprehensiveincomelossderivativesqualifyingashedgesnetoftax": 7000000,
        "othercomprehensiveincomelossnetoftaxportionattributabletoparent": 14000000,
        "comprehensiveincomenetoftax": 158400000
    },
    {
        "date": "2019-09-29",
        "symbol": "CHD",
        "period": "Q3",
        "revenuefromcontractwithcustomerexcludingassessedtax": 1089400000,
        "costofrevenue": 581700000,
        "grossprofit": 507700000,
        "marketingandadvertisingexpense": 125200000,
        "sellinggeneralandadministrativeexpense": 165700000,
        "operatingincomeloss": 216800000,
        "incomelossfromequitymethodinvestments": 2100000,
        "investmentincomenonoperating": 300000,
        "othernonoperatingincomeexpense": 300000,
        "interestexpense": 18900000,
        "incomelossfromcontinuingoperationsbeforeincometaxesextraordinaryitemsnoncontrollinginterest": 200600000,
        "incometaxexpensebenefit": 43300000,
        "netincomeloss": 157300000,
        "weightedaveragenumberofsharesoutstandingbasic": 246800000,
        "weightedaveragenumberofdilutedsharesoutstanding": 252900000,
        "earningspersharebasic": 0.64,
        "earningspersharediluted": 0.62,
        "commonstockdividendspersharecashpaid": 0.23,
        "othercomprehensiveincomelossforeigncurrencytransactionandtranslationadjustmentnetoftax": -5100000,
        "othercomprehensiveincomelossderivativesqualifyingashedgesnetoftax": -7200000,
        "othercomprehensiveincomelossnetoftaxportionattributabletoparent": -12300000,
        "comprehensiveincomenetoftax": 145000000
    },
    {
        "date": "2019-06-29",
        "symbol": "CHD",
        "period": "Q2",
        "revenuefromcontractwithcustomerexcludingassessedtax": 1079400000,
        "costofrevenue": 597900000,
        "grossprofit": 481500000,
        "marketingandadvertisingexpense": 129100000,
        "sellinggeneralandadministrativeexpense": 165000000,
        "operatingincomeloss": 187400000,
        "incomelossfromequitymethodinvestments": 1700000,
        "investmentincomenonoperating": 200000,
        "othernonoperatingincomeexpense": -100000,
        "interestexpense": 18900000,
        "incomelossfromcontinuingoperationsbeforeincometaxesextraordinaryitemsnoncontrollinginterest": 170300000,
        "incometaxexpensebenefit": 31800000,
        "netincomeloss": 138500000,
        "weightedaveragenumberofsharesoutstandingbasic": 246400000,
        "weightedaveragenumberofdilutedsharesoutstanding": 252700000,
        "earningspersharebasic": 0.56,
        "earningspersharediluted": 0.55,
        "commonstockdividendspersharecashpaid": 0.23,
        "othercomprehensiveincomelossforeigncurrencytransactionandtranslationadjustmentnetoftax": 1100000,
        "othercomprehensiveincomelossderivativesqualifyingashedgesnetoftax": -10000000,
        "othercomprehensiveincomelossnetoftaxportionattributabletoparent": -8900000,
        "comprehensiveincomenetoftax": 129600000
    },
    {
        "date": "2019-03-30",
        "symbol": "CHD",
        "period": "Q1",
        "revenuefromcontractwithcustomerexcludingassessedtax": 341600000,
        "costofrevenue": 573900000,
        "grossprofit": 470800000,
        "marketingandadvertisingexpense": 98100000,
        "sellinggeneralandadministrativeexpense": 131900000,
        "operatingincomeloss": 240800000,
        "incomelossfromequitymethodinvestments": 1700000,
        "investmentincomenonoperating": 500000,
        "othernonoperatingincomeexpense": -100000,
        "interestexpense": 17800000,
        "incomelossfromcontinuingoperationsbeforeincometaxesextraordinaryitemsnoncontrollinginterest": 1700000,
        "incometaxexpensebenefit": 49400000,
        "netincomeloss": 175700000,
        "weightedaveragenumberofsharesoutstandingbasic": 246100000,
        "weightedaveragenumberofdilutedsharesoutstanding": 251900000,
        "earningspersharebasic": 0.71,
        "earningspersharediluted": 0.7,
        "commonstockdividendspersharecashpaid": 0.23,
        "othercomprehensiveincomelossforeigncurrencytransactionandtranslationadjustmentnetoftax": 1800000,
        "othercomprehensiveincomelossderivativesqualifyingashedgesnetoftax": -7700000,
        "othercomprehensiveincomelossnetoftaxportionattributabletoparent": -5900000,
        "comprehensiveincomenetoftax": 169800000
    },
    {
        "date": "2018-12-30",
        "symbol": "CHD",
        "period": "Q4",
        "grossprofit": -1410500000,
        "marketingandadvertisingexpense": -352300000,
        "sellinggeneralandadministrativeexpense": -367400000,
        "operatingincomeloss": -540900000,
        "incomelossfromequitymethodinvestments": 2200000,
        "investmentincomenonoperating": 1000000,
        "othernonoperatingincomeexpense": -800000,
        "interestexpense": 19700000,
        "incomelossfromcontinuingoperationsbeforeincometaxesextraordinaryitemsnoncontrollinginterest": 2200000,
        "incometaxexpensebenefit": 33300000,
        "profitloss": 142800000,
        "weightedaveragenumberofsharesoutstandingbasic": -489900000,
        "weightedaveragenumberofdilutedsharesoutstanding": -499700000,
        "earningspersharebasic": 0.5799999999999997,
        "earningspersharediluted": 0.57,
        "commonstockdividendspersharecashpaid": 0.21000000000000005,
        "othercomprehensiveincomelossforeigncurrencytransactionandtranslationadjustmentnetoftax": -4000000,
        "othercomprehensiveincomelossderivativesqualifyingashedgesnetoftax": -8100000
    },
    {
        "date": "2018-09-29",
        "symbol": "CHD",
        "period": "Q3",
        "revenuefromcontractwithcustomerexcludingassessedtax": 336000000,
        "costofrevenue": 577500000,
        "grossprofit": 460100000,
        "marketingandadvertisingexpense": 120500000,
        "sellinggeneralandadministrativeexpense": 135400000,
        "operatingincomeloss": 204200000,
        "incomelossfromequitymethodinvestments": 2500000,
        "investmentincomenonoperating": 300000,
        "othernonoperatingincomeexpense": -300000,
        "interestexpense": 19400000,
        "incomelossfromcontinuingoperationsbeforeincometaxesextraordinaryitemsnoncontrollinginterest": 2500000,
        "incometaxexpensebenefit": 41000000,
        "profitloss": 146300000,
        "weightedaveragenumberofsharesoutstandingbasic": 245700000,
        "weightedaveragenumberofdilutedsharesoutstanding": 251100000,
        "earningspersharebasic": 0.6,
        "earningspersharediluted": 0.58,
        "commonstockdividendspersharecashpaid": 0.22,
        "othercomprehensiveincomelossforeigncurrencytransactionandtranslationadjustmentnetoftax": -200000,
        "othercomprehensiveincomelossderivativesqualifyingashedgesnetoftax": 6600000,
        "othercomprehensiveincomelossnetoftax": 6400000,
        "comprehensiveincomenetoftaxincludingportionattributabletononcontrollinginterest": 152700000
    },
    {
        "date": "2018-06-29",
        "symbol": "CHD",
        "period": "Q2",
        "revenuefromcontractwithcustomerexcludingassessedtax": 344200000,
        "costofrevenue": 573000000,
        "grossprofit": 454900000,
        "marketingandadvertisingexpense": 136400000,
        "sellinggeneralandadministrativeexpense": 144700000,
        "operatingincomeloss": 173800000,
        "incomelossfromequitymethodinvestments": 2400000,
        "investmentincomenonoperating": 100000,
        "othernonoperatingincomeexpense": -700000,
        "interestexpense": 20200000,
        "incomelossfromcontinuingoperationsbeforeincometaxesextraordinaryitemsnoncontrollinginterest": 2400000,
        "incometaxexpensebenefit": 33700000,
        "profitloss": 121700000,
        "weightedaveragenumberofsharesoutstandingbasic": 244800000,
        "weightedaveragenumberofdilutedsharesoutstanding": 249300000,
        "earningspersharebasic": 0.5,
        "earningspersharediluted": 0.49,
        "commonstockdividendspersharecashpaid": 0.22,
        "othercomprehensiveincomelossforeigncurrencytransactionandtranslationadjustmentnetoftax": -9900000,
        "othercomprehensiveincomelossderivativesqualifyingashedgesnetoftax": -5700000,
        "othercomprehensiveincomelossnetoftax": -15600000,
        "comprehensiveincomenetoftaxincludingportionattributabletononcontrollinginterest": 106100000
    },
    {
        "date": "2018-03-30",
        "symbol": "CHD",
        "period": "Q1",
        "salesrevenuegoodsnet": 338400000,
        "costofgoodssold": 554500000,
        "grossprofit": 451500000,
        "marketingandadvertisingexpense": 99900000,
        "sellinggeneralandadministrativeexpense": 131300000,
        "operatingincomeloss": 220300000,
        "incomelossfromequitymethodinvestments": 2100000,
        "investmentincomenonoperating": 500000,
        "othernonoperatingincomeexpense": -2100000,
        "interestexpense": 20100000,
        "incomelossfromcontinuingoperationsbeforeincometaxesextraordinaryitemsnoncontrollinginterest": 2100000,
        "incometaxexpensebenefit": 42900000,
        "profitloss": 157800000,
        "weightedaveragenumberofsharesoutstandingbasic": 244900000,
        "weightedaveragenumberofdilutedsharesoutstanding": 250000000,
        "earningspersharebasic": 0.64,
        "earningspersharediluted": 0.63,
        "commonstockdividendspersharecashpaid": 0.22,
        "othercomprehensiveincomelossforeigncurrencytransactionandtranslationadjustmentnetoftax": 3500000,
        "othercomprehensiveincomelossderivativesqualifyingashedgesnetoftax": -200000,
        "othercomprehensiveincomelossnetoftax": -200000,
        "comprehensiveincomenetoftaxincludingportionattributabletononcontrollinginterest": 161100000
    },
    {
        "date": "2017-09-29",
        "symbol": "CHD",
        "period": "Q3",
        "salesrevenuegoodsnet": 305900000,
        "costofgoodssold": 529400000,
        "grossprofit": 438500000,
        "marketingandadvertisingexpense": 111900000,
        "sellinggeneralandadministrativeexpense": 127900000,
        "operatingincomeloss": 198700000,
        "incomelossfromequitymethodinvestments": 2700000,
        "investmentincomenonoperating": 800000,
        "othernonoperatingincomeexpense": 1200000,
        "interestexpense": 16400000,
        "incomelossfromcontinuingoperationsbeforeincometaxesextraordinaryitemsnoncontrollinginterest": 2700000,
        "incometaxexpensebenefit": 53600000,
        "profitloss": 133400000,
        "weightedaveragenumberofsharesoutstandingbasic": -252700000,
        "weightedaveragenumberofdilutedsharesoutstanding": -258400000,
        "earningspersharebasic": 0.53,
        "earningspersharediluted": 0.52,
        "commonstockdividendspersharecashpaid": 0.18999999999999995,
        "othercomprehensiveincomelossforeigncurrencytransactionandtranslationadjustmentnetoftax": 7900000,
        "othercomprehensiveincomelossderivativesqualifyingashedgesnetoftax": -2100000,
        "othercomprehensiveincomelossnetoftax": -20700000,
        "comprehensiveincomenetoftaxincludingportionattributabletononcontrollinginterest": 139200000
    },
    {
        "date": "2017-06-29",
        "symbol": "CHD",
        "period": "Q2",
        "salesrevenuegoodsnet": 267400000,
        "costofgoodssold": 487600000,
        "grossprofit": 410400000,
        "marketingandadvertisingexpense": 130900000,
        "sellinggeneralandadministrativeexpense": 156300000,
        "operatingincomeloss": 123200000,
        "incomelossfromequitymethodinvestments": 3100000,
        "investmentincomenonoperating": 300000,
        "othernonoperatingincomeexpense": -500000,
        "interestexpense": 9300000,
        "incomelossfromcontinuingoperationsbeforeincometaxesextraordinaryitemsnoncontrollinginterest": 3100000,
        "incometaxexpensebenefit": 43900000,
        "profitloss": 72900000,
        "weightedaveragenumberofsharesoutstandingbasic": 249800000,
        "weightedaveragenumberofdilutedsharesoutstanding": 255600000,
        "earningspersharebasic": 0.29,
        "earningspersharediluted": 0.29,
        "commonstockdividendspersharecashpaid": 0.19,
        "othercomprehensiveincomelossforeigncurrencytransactionandtranslationadjustmentnetoftax": 6700000,
        "othercomprehensiveincomelosspensionandotherpostretirementbenefitplansadjustmentnetoftax": -11900000,
        "othercomprehensiveincomelossderivativesqualifyingashedgesnetoftax": -3400000,
        "othercomprehensiveincomelossnetoftax": 15200000,
        "comprehensiveincomenetoftaxincludingportionattributabletononcontrollinginterest": 88100000
    },
    {
        "date": "2017-03-30",
        "symbol": "CHD",
        "period": "Q1",
        "salesrevenuegoodsnet": 265200000,
        "costofgoodssold": 477900000,
        "grossprofit": 399300000,
        "marketingandadvertisingexpense": 90800000,
        "sellinggeneralandadministrativeexpense": 112400000,
        "operatingincomeloss": 196100000,
        "incomelossfromequitymethodinvestments": 2100000,
        "investmentincomenonoperating": 400000,
        "othernonoperatingincomeexpense": -200000,
        "interestexpense": 8200000,
        "incomelossfromcontinuingoperationsbeforeincometaxesextraordinaryitemsnoncontrollinginterest": 2100000,
        "incometaxexpensebenefit": 58700000,
        "profitloss": 131500000,
        "weightedaveragenumberofsharesoutstandingbasic": 254100000,
        "weightedaveragenumberofdilutedsharesoutstanding": 259700000,
        "earningspersharebasic": 0.52,
        "earningspersharediluted": 0.51,
        "commonstockdividendspersharecashpaid": 0.19,
        "othercomprehensiveincomelossforeigncurrencytransactionandtranslationadjustmentnetoftax": 7900000,
        "othercomprehensiveincomelossderivativesqualifyingashedgesnetoftax": -600000,
        "othercomprehensiveincomelossnetoftax": -600000,
        "comprehensiveincomenetoftaxincludingportionattributabletononcontrollinginterest": 138800000
    },
    {
        "date": "2016-09-29",
        "symbol": "CHD",
        "period": "Q3",
        "salesrevenuegoodsnet": 264100000,
        "costofgoodssold": 475100000,
        "grossprofit": 395600000,
        "marketingandadvertisingexpense": 98200000,
        "sellinggeneralandadministrativeexpense": 101400000,
        "operatingincomeloss": 196000000,
        "incomelossfromequitymethodinvestments": 2500000,
        "investmentincomenonoperating": 400000,
        "othernonoperatingincomeexpense": 300000,
        "interestexpense": 6800000,
        "incomelossfromcontinuingoperationsbeforeincometaxesextraordinaryitemsnoncontrollinginterest": 2500000,
        "incometaxexpensebenefit": 68400000,
        "profitloss": 124000000,
        "weightedaveragenumberofsharesoutstandingbasic": 258000000,
        "weightedaveragenumberofdilutedsharesoutstanding": 262700000,
        "earningspersharebasic": 0.48,
        "earningspersharediluted": 0.47,
        "commonstockdividendspersharecashpaid": 0.177,
        "othercomprehensiveincomelossforeigncurrencytransactionandtranslationadjustmentnetoftax": -2600000,
        "othercomprehensiveincomelossderivativesqualifyingashedgesnetoftax": 800000,
        "othercomprehensiveincomelossnetoftax": -1800000,
        "comprehensiveincomenetoftaxincludingportionattributabletononcontrollinginterest": 122200000
    },
    {
        "date": "2016-06-29",
        "symbol": "CHD",
        "period": "Q2",
        "salesrevenuegoodsnet": 272000000,
        "costofgoodssold": 469400000,
        "grossprofit": 408000000,
        "marketingandadvertisingexpense": 120200000,
        "sellinggeneralandadministrativeexpense": 112500000,
        "operatingincomeloss": 175300000,
        "incomelossfromequitymethodinvestments": 2500000,
        "investmentincomenonoperating": 400000,
        "othernonoperatingincomeexpense": -100000,
        "interestexpense": 7100000,
        "incomelossfromcontinuingoperationsbeforeincometaxesextraordinaryitemsnoncontrollinginterest": 2500000,
        "incometaxexpensebenefit": 59400000,
        "profitloss": 111600000,
        "weightedaveragenumberofsharesoutstandingbasic": 128500000,
        "weightedaveragenumberofdilutedsharesoutstanding": 130900000,
        "earningspersharebasic": 0.87,
        "earningspersharediluted": 0.85,
        "commonstockdividendspersharecashpaid": 0.355,
        "othercomprehensiveincomelossforeigncurrencytransactionandtranslationadjustmentnetoftax": -6500000,
        "othercomprehensiveincomelossderivativesqualifyingashedgesnetoftax": -800000,
        "othercomprehensiveincomelossnetoftax": -7300000,
        "comprehensiveincomenetoftaxincludingportionattributabletononcontrollinginterest": 104300000
    },
    {
        "date": "2016-03-30",
        "symbol": "CHD",
        "period": "Q1",
        "salesrevenuegoodsnet": 259500000,
        "costofgoodssold": 470000000,
        "grossprofit": 379000000,
        "marketingandadvertisingexpense": 92500000,
        "sellinggeneralandadministrativeexpense": 107000000,
        "operatingincomeloss": 179500000,
        "incomelossfromequitymethodinvestments": 1700000,
        "investmentincomenonoperating": 300000,
        "othernonoperatingincomeexpense": -1700000,
        "interestexpense": 6800000,
        "incomelossfromcontinuingoperationsbeforeincometaxesextraordinaryitemsnoncontrollinginterest": 1700000,
        "incometaxexpensebenefit": 60000000,
        "profitloss": 113000000,
        "weightedaveragenumberofsharesoutstandingbasic": 129400000,
        "weightedaveragenumberofdilutedsharesoutstanding": 131800000,
        "earningspersharebasic": 0.87,
        "earningspersharediluted": 0.86,
        "commonstockdividendspersharecashpaid": 0.355,
        "othercomprehensiveincomelossforeigncurrencytransactionandtranslationadjustmentnetoftax": 9900000,
        "othercomprehensiveincomelossderivativesqualifyingashedgesnetoftax": -6700000,
        "othercomprehensiveincomelossnetoftax": -6700000,
        "comprehensiveincomenetoftaxincludingportionattributabletononcontrollinginterest": 116200000
    },
    {
        "date": "2015-09-29",
        "symbol": "CHD",
        "period": "Q3",
        "salesrevenuegoodsnet": 265200000,
        "costofgoodssold": 476000000,
        "grossprofit": 385800000,
        "marketingandadvertisingexpense": 92800000,
        "sellinggeneralandadministrativeexpense": 102400000,
        "operatingincomeloss": 190600000,
        "incomelossfromequitymethodinvestments": 3100000,
        "investmentincomenonoperating": 200000,
        "othernonoperatingincomeexpense": -800000,
        "interestexpense": 7400000,
        "incomelossfromcontinuingoperationsbeforeincometaxesextraordinaryitemsnoncontrollinginterest": 3000000,
        "incometaxexpensebenefit": 65300000,
        "profitloss": 120400000,
        "weightedaveragenumberofsharesoutstandingbasic": -131600000,
        "weightedaveragenumberofdilutedsharesoutstanding": -134200000,
        "earningspersharebasic": 0.9199999999999999,
        "earningspersharediluted": 0.8999999999999999,
        "commonstockdividendspersharecashpaid": 0.34,
        "othercomprehensiveincomelossforeigncurrencytransactionandtranslationadjustmentnetoftax": -13100000,
        "othercomprehensiveincomelossderivativesqualifyingashedgesnetoftax": 2300000,
        "othercomprehensiveincomelossnetoftax": -21200000,
        "comprehensiveincomenetoftaxincludingportionattributabletononcontrollinginterest": 109600000
    },
    {
        "date": "2015-06-29",
        "symbol": "CHD",
        "period": "Q2",
        "salesrevenuegoodsnet": 247400000,
        "costofgoodssold": 474000000,
        "grossprofit": 373100000,
        "marketingandadvertisingexpense": 115800000,
        "sellinggeneralandadministrativeexpense": 115000000,
        "operatingincomeloss": 142300000,
        "incomelossfromequitymethodinvestments": -13800000,
        "investmentincomenonoperating": 500000,
        "othernonoperatingincomeexpense": -1600000,
        "interestexpense": 7900000,
        "incomelossfromcontinuingoperationsbeforeincometaxesextraordinaryitemsnoncontrollinginterest": -13700000,
        "incometaxexpensebenefit": 45800000,
        "profitloss": 73700000,
        "weightedaveragenumberofsharesoutstandingbasic": 130900000,
        "weightedaveragenumberofdilutedsharesoutstanding": 133400000,
        "earningspersharebasic": 0.56,
        "earningspersharediluted": 0.55,
        "commonstockdividendspersharecashpaid": 0.335,
        "othercomprehensiveincomelossforeigncurrencytransactionandtranslationadjustmentnetoftax": 19600000,
        "othercomprehensiveincomelosspensionandotherpostretirementbenefitplansadjustmentnetoftax": -3900000,
        "othercomprehensiveincomelossderivativesqualifyingashedgesnetoftax": -1500000,
        "othercomprehensiveincomelossnetoftax": 22000000,
        "comprehensiveincomenetoftaxincludingportionattributabletononcontrollinginterest": 95700000
    },
    {
        "date": "2015-03-30",
        "symbol": "CHD",
        "period": "Q1",
        "salesrevenuegoodsnet": 248100000,
        "costofgoodssold": 456800000,
        "grossprofit": 355500000,
        "marketingandadvertisingexpense": 88800000,
        "sellinggeneralandadministrativeexpense": 94600000,
        "operatingincomeloss": 172100000,
        "incomelossfromequitymethodinvestments": 2300000,
        "investmentincomenonoperating": 500000,
        "othernonoperatingincomeexpense": -2000000,
        "interestexpense": 7600000,
        "incomelossfromcontinuingoperationsbeforeincometaxesextraordinaryitemsnoncontrollinginterest": 2300000,
        "incometaxexpensebenefit": 58100000,
        "profitloss": 107200000,
        "weightedaveragenumberofsharesoutstandingbasic": 132000000,
        "weightedaveragenumberofdilutedsharesoutstanding": 134600000,
        "earningspersharebasic": 0.81,
        "earningspersharediluted": 0.8,
        "commonstockdividendspersharecashpaid": 0.335,
        "othercomprehensiveincomelossforeigncurrencytransactionandtranslationadjustmentnetoftax": -24300000,
        "othercomprehensiveincomelossderivativesqualifyingashedgesnetoftax": 2900000,
        "othercomprehensiveincomelossnetoftax": 2900000,
        "comprehensiveincomenetoftaxincludingportionattributabletononcontrollinginterest": 85800000
    },
    {
        "date": "2014-09-29",
        "symbol": "CHD",
        "period": "Q3",
        "salesrevenuegoodsnet": 247700000,
        "costofgoodssold": 474300000,
        "grossprofit": 367500000,
        "marketingandadvertisingexpense": 96600000,
        "sellinggeneralandadministrativeexpense": 93700000,
        "operatingincomeloss": 177200000,
        "incomelossfromequitymethodinvestments": 3400000,
        "investmentincomenonoperating": 600000,
        "othernonoperatingincomeexpense": -1100000,
        "interestexpense": 6900000,
        "incomelossfromcontinuingoperationsbeforeincometaxesextraordinaryitemsnoncontrollinginterest": 3400000,
        "incometaxexpensebenefit": 57300000,
        "profitloss": 115900000,
        "weightedaveragenumberofsharesoutstandingbasic": 133700000,
        "weightedaveragenumberofdilutedsharesoutstanding": 136000000,
        "earningspersharebasic": 0.87,
        "earningspersharediluted": 0.85,
        "commonstockdividendspersharecashpaid": 0.31,
        "othercomprehensiveincomelossforeigncurrencytransactionandtranslationadjustmentnetoftax": -19300000,
        "othercomprehensiveincomelossderivativesqualifyingashedgesnetoftax": 900000,
        "othercomprehensiveincomelossnetoftax": -18400000,
        "comprehensiveincomenetoftaxincludingportionattributabletononcontrollinginterest": 97500000
    },
    {
        "date": "2014-06-29",
        "symbol": "CHD",
        "period": "Q2",
        "salesrevenuegoodsnet": 300000,
        "costofgoodssold": 451900000,
        "grossprofit": 356400000,
        "marketingandadvertisingexpense": 113400000,
        "sellinggeneralandadministrativeexpense": 104800000,
        "operatingincomeloss": 138200000,
        "incomelossfromequitymethodinvestments": 2900000,
        "investmentincomenonoperating": 600000,
        "othernonoperatingincomeexpense": 200000,
        "interestexpense": 6900000,
        "incomelossfromcontinuingoperationsbeforeincometaxesextraordinaryitemsnoncontrollinginterest": 2900000,
        "incometaxexpensebenefit": 46200000,
        "profitloss": 88800000,
        "weightedaveragenumberofsharesoutstandingbasic": 134800000,
        "weightedaveragenumberofdilutedsharesoutstanding": 137300000,
        "earningspersharebasic": 0.66,
        "earningspersharediluted": 0.65,
        "commonstockdividendspersharecashpaid": 0.31,
        "othercomprehensiveincomelossforeigncurrencytransactionandtranslationadjustmentnetoftax": 6100000,
        "othercomprehensiveincomelosspensionandotherpostretirementbenefitplansadjustmentnetoftax": -700000,
        "othercomprehensiveincomelossderivativesqualifyingashedgesnetoftax": -900000,
        "othercomprehensiveincomelossnetoftax": 5900000,
        "comprehensiveincomenetoftaxincludingportionattributabletononcontrollinginterest": 94700000
    },
    {
        "date": "2014-03-30",
        "symbol": "CHD",
        "period": "Q1",
        "salesrevenuegoodsnet": 200000,
        "costofgoodssold": 442600000,
        "grossprofit": 339400000,
        "marketingandadvertisingexpense": 87800000,
        "sellinggeneralandadministrativeexpense": 89600000,
        "operatingincomeloss": 162000000,
        "incomelossfromequitymethodinvestments": 1600000,
        "investmentincomenonoperating": 500000,
        "othernonoperatingincomeexpense": -700000,
        "interestexpense": 6700000,
        "incomelossfromcontinuingoperationsbeforeincometaxesextraordinaryitemsnoncontrollinginterest": 1600000,
        "incometaxexpensebenefit": 54100000,
        "profitloss": 102600000,
        "weightedaveragenumberofsharesoutstandingbasic": 138000000,
        "weightedaveragenumberofdilutedsharesoutstanding": 140600000,
        "earningspersharebasic": 0.74,
        "earningspersharediluted": 0.73,
        "commonstockdividendspersharecashpaid": 0.31,
        "othercomprehensiveincomelossforeigncurrencytransactionandtranslationadjustmentnetoftax": -1600000,
        "othercomprehensiveincomelossnetoftax": -1600000,
        "comprehensiveincomenetoftaxincludingportionattributabletononcontrollinginterest": 101000000
    },
    {
        "date": "2013-09-29",
        "symbol": "CHD",
        "period": "Q3",
        "salesrevenuegoodsnet": 700000,
        "costofgoodssold": 439600000,
        "grossprofit": 365200000,
        "marketingandadvertisingexpense": 99700000,
        "sellinggeneralandadministrativeexpense": 97700000,
        "operatingincomeloss": 167800000,
        "incomelossfromequitymethodinvestments": 1900000,
        "investmentincomenonoperating": 600000,
        "othernonoperatingincomeexpense": -100000,
        "interestexpense": 7000000,
        "incomelossfromcontinuingoperationsbeforeincometaxesextraordinaryitemsnoncontrollinginterest": 1900000,
        "incometaxexpensebenefit": 55300000,
        "profitloss": 107900000,
        "weightedaveragenumberofsharesoutstandingbasic": 138800000,
        "weightedaveragenumberofdilutedsharesoutstanding": 141300000,
        "earningspersharebasic": 0.78,
        "earningspersharediluted": 0.76,
        "commonstockdividendspersharecashpaid": 0.28,
        "othercomprehensiveincomelossforeigncurrencytransactionandtranslationadjustmentnetoftax": 7800000,
        "othercomprehensiveincomelosspensionandotherpostretirementbenefitplansadjustmentnetoftax": 100000,
        "othercomprehensiveincomelossderivativesqualifyingashedgesnetoftax": -200000,
        "othercomprehensiveincomelossnetoftax": 7500000,
        "comprehensiveincomenetoftaxincludingportionattributabletononcontrollinginterest": 115400000
    },
    {
        "date": "2013-06-29",
        "symbol": "CHD",
        "period": "Q2",
        "salesrevenuegoodsnet": -128100000,
        "costofgoodssold": 436600000,
        "grossprofit": 351000000,
        "marketingandadvertisingexpense": 103700000,
        "sellinggeneralandadministrativeexpense": 106800000,
        "operatingincomeloss": 140500000,
        "incomelossfromequitymethodinvestments": -1100000,
        "investmentincomenonoperating": 700000,
        "othernonoperatingincomeexpense": -900000,
        "interestexpense": 7000000,
        "incomelossfromcontinuingoperationsbeforeincometaxesextraordinaryitemsnoncontrollinginterest": -22100000,
        "incometaxexpensebenefit": 45600000,
        "profitloss": 86600000,
        "weightedaveragenumberofsharesoutstandingbasic": 100000,
        "weightedaveragenumberofdilutedsharesoutstanding": 100000,
        "earningspersharebasic": 0.6199999999999999,
        "earningspersharediluted": 0.6199999999999999,
        "commonstockdividendspersharecashpaid": 0.28,
        "othercomprehensiveincomelossforeigncurrencytransactionandtranslationadjustmentnetoftax": -8600000,
        "othercomprehensiveincomelosspensionandotherpostretirementbenefitplansadjustmentnetoftax": 0,
        "othercomprehensiveincomelossnetoftax": -8100000,
        "comprehensiveincomenetoftaxincludingportionattributabletononcontrollinginterest": 77900000
    },
    {
        "date": "2013-03-30",
        "symbol": "CHD",
        "period": "Q1",
        "salesrevenuegoodsnet": 129300000,
        "costofgoodssold": 429200000,
        "grossprofit": 350100000,
        "marketingandadvertisingexpense": 78900000,
        "sellinggeneralandadministrativeexpense": 101900000,
        "operatingincomeloss": 169300000,
        "incomelossfromequitymethodinvestments": 600000,
        "investmentincomenonoperating": 700000,
        "othernonoperatingincomeexpense": -400000,
        "interestexpense": 7000000,
        "incomelossfromcontinuingoperationsbeforeincometaxesextraordinaryitemsnoncontrollinginterest": 21600000,
        "incometaxexpensebenefit": 55500000,
        "profitloss": 107700000,
        "weightedaveragenumberofsharesoutstandingbasic": 138300000,
        "weightedaveragenumberofdilutedsharesoutstanding": 140900000,
        "earningspersharebasic": 0.78,
        "earningspersharediluted": 0.76,
        "commonstockdividendspersharecashpaid": 0.28,
        "othercomprehensiveincomelossforeigncurrencytransactionandtranslationadjustmentnetoftax": -6200000,
        "othercomprehensiveincomelosspensionandotherpostretirementbenefitplansadjustmentnetoftax": -300000,
        "othercomprehensiveincomeunrealizedgainlossonderivativesarisingduringperiodnetoftax": 300000,
        "othercomprehensiveincomelossnetoftax": -6200000,
        "comprehensiveincomenetoftaxincludingportionattributabletononcontrollinginterest": 102100000
    },
    {
        "date": "2012-09-29",
        "symbol": "CHD",
        "period": "Q3",
        "salesrevenuegoodsnet": 131100000,
        "costofgoodssold": 397700000,
        "grossprofit": 327500000,
        "marketingandadvertisingexpense": 92200000,
        "sellinggeneralandadministrativeexpense": 89900000,
        "operatingincomeloss": 145400000,
        "incomelossfromequitymethodinvestments": 2400000,
        "investmentincomenonoperating": 400000,
        "othernonoperatingincomeexpense": 400000,
        "interestexpense": 2600000,
        "incomelossfromcontinuingoperationsbeforeincometaxesextraordinaryitemsnoncontrollinginterest": 16000000,
        "incometaxexpensebenefit": 52100000,
        "profitloss": 93900000,
        "netincomeloss": 93900000,
        "weightedaveragenumberofsharesoutstandingbasic": 139500000,
        "weightedaveragenumberofdilutedsharesoutstanding": 142200000,
        "earningspersharebasic": 0.67,
        "earningspersharediluted": 0.66,
        "commonstockdividendspersharecashpaid": 0.24,
        "othercomprehensiveincomelossforeigncurrencytransactionandtranslationadjustmentnetoftax": 6200000,
        "othercomprehensiveincomeunrealizedgainlossonderivativesarisingduringperiodnetoftax": 300000,
        "othercomprehensiveincomelossnetoftax": 6500000,
        "comprehensiveincomenetoftaxincludingportionattributabletononcontrollinginterest": 100400000,
        "comprehensiveincomenetoftax": 100400000
    },
    {
        "date": "2012-06-29",
        "symbol": "CHD",
        "period": "Q2",
        "salesrevenuegoodsnet": 121300000,
        "costofgoodssold": 393400000,
        "grossprofit": 303000000,
        "marketingandadvertisingexpense": 88400000,
        "sellinggeneralandadministrativeexpense": 92200000,
        "operatingincomeloss": 122400000,
        "incomelossfromequitymethodinvestments": 2400000,
        "investmentincomenonoperating": 200000,
        "othernonoperatingincomeexpense": 500000,
        "interestexpense": 2400000,
        "incomelossfromcontinuingoperationsbeforeincometaxesextraordinaryitemsnoncontrollinginterest": 14800000,
        "incometaxexpensebenefit": 43800000,
        "profitloss": 79300000,
        "netincomeloss": 79300000,
        "weightedaveragenumberofsharesoutstandingbasic": 139500000,
        "weightedaveragenumberofdilutedsharesoutstanding": 142200000,
        "earningspersharebasic": 0.57,
        "earningspersharediluted": 0.56,
        "commonstockdividendspersharecashpaid": 0.24,
        "othercomprehensiveincomelossforeigncurrencytransactionandtranslationadjustmentnetoftax": -8600000,
        "othercomprehensiveincomeunrealizedgainlossonderivativesarisingduringperiodnetoftax": -800000,
        "othercomprehensiveincomelossnetoftax": -9400000,
        "comprehensiveincomenetoftaxincludingportionattributabletononcontrollinginterest": 69900000,
        "comprehensiveincomenetoftax": 69900000
    },
    {
        "date": "2012-03-30",
        "symbol": "CHD",
        "period": "Q1",
        "salesrevenuegoodsnet": 58600000,
        "costofgoodssold": 388100000,
        "grossprofit": 302500000,
        "marketingandadvertisingexpense": 68000000,
        "sellinggeneralandadministrativeexpense": 91800000,
        "operatingincomeloss": 142700000,
        "incomelossfromequitymethodinvestments": 2500000,
        "investmentincomenonoperating": 500000,
        "othernonoperatingincomeexpense": 200000,
        "interestexpense": 2700000,
        "incomelossfromcontinuingoperationsbeforeincometaxes": 6700000,
        "incometaxexpensebenefit": 47400000,
        "profitloss": 95800000,
        "netincomeloss": 95800000,
        "weightedaveragenumberofsharesoutstandingbasic": 142300000,
        "weightedaveragenumberofdilutedsharesoutstanding": 144900000,
        "earningspersharebasic": 0.67,
        "earningspersharediluted": 0.66,
        "commonstockdividendspersharecashpaid": 0.24,
        "othercomprehensiveincomeforeigncurrencytransactionandtranslationadjustmentnetoftaxperiodincreasedecrease": 6800000,
        "othercomprehensiveincomeunrealizedgainlossonderivativesarisingduringperiodnetoftax": -100000,
        "othercomprehensiveincomelossnetoftaxperiodincreasedecrease": 6700000,
        "comprehensiveincomenetoftaxincludingportionattributabletononcontrollinginterest": 102500000,
        "comprehensiveincomenetoftax": 102500000
    },
    {
        "date": "2011-09-29",
        "symbol": "CHD",
        "period": "Q3",
        "salesrevenuegoodsnet": 66400000,
        "costofgoodssold": 391100000,
        "grossprofit": 309900000,
        "marketingandadvertisingexpense": 91800000,
        "sellinggeneralandadministrativeexpense": 91800000,
        "operatingincomeloss": 126300000,
        "incomelossfromequitymethodinvestments": 2900000,
        "investmentincomenonoperating": 600000,
        "othernonoperatingincomeexpense": -1600000,
        "interestexpense": 2200000,
        "incomelossfromcontinuingoperationsbeforeincometaxes": 8800000,
        "incometaxexpensebenefit": 46400000,
        "profitloss": 79600000,
        "netincomeloss": 79600000,
        "weightedaveragenumberofsharesoutstandingbasic": 143700000,
        "weightedaveragenumberofdilutedsharesoutstanding": 146300000,
        "earningspersharebasic": 0.55,
        "earningspersharediluted": 0.54,
        "commonstockdividendspersharecashpaid": 0.17
    },
    {
        "date": "2011-06-30",
        "symbol": "CHD",
        "period": "Q2",
        "salesrevenuegoodsnet": 66600000,
        "costofgoodssold": 374900000,
        "grossprofit": 300000000,
        "marketingandadvertisingexpense": 87500000,
        "sellinggeneralandadministrativeexpense": 94700000,
        "operatingincomeloss": 117800000,
        "incomelossfromequitymethodinvestments": 3200000,
        "investmentincomenonoperating": 300000,
        "othernonoperatingincomeexpense": 300000,
        "interestexpense": 2600000,
        "incomelossfromcontinuingoperationsbeforeincometaxes": 8200000,
        "incometaxexpensebenefit": 36400000,
        "profitloss": 82600000,
        "netincomeloss": 82600000,
        "weightedaveragenumberofsharesoutstandingbasic": 143300000,
        "weightedaveragenumberofdilutedsharesoutstanding": 145900000,
        "earningspersharebasic": 0.58,
        "earningspersharediluted": 0.57,
        "commonstockdividendspersharecashpaid": 0.17
    },
    {
        "date": "2011-03-31",
        "symbol": "CHD",
        "period": "Q1",
        "salesrevenuegoodsnet": 642300000,
        "costofgoodssold": 354200000,
        "grossprofit": 288100000,
        "marketingandadvertisingexpense": 69200000,
        "sellinggeneralandadministrativeexpense": 87800000,
        "operatingincomeloss": 131100000,
        "incomelossfromequitymethodinvestments": 2200000,
        "investmentincomenonoperating": 500000,
        "othernonoperatingincomeexpense": 500000,
        "interestexpense": 2700000,
        "incomelossfromcontinuingoperationsbeforeincometaxes": 131600000,
        "incometaxexpensebenefit": 48000000,
        "profitloss": 83600000,
        "netincomeloss": 83600000,
        "weightedaveragenumberofsharesoutstandingbasic": 71400000,
        "weightedaveragenumberofdilutedsharesoutstanding": 72600000,
        "earningspersharebasic": 1.17,
        "earningspersharediluted": 1.15,
        "commonstockdividendspersharecashpaid": 0.34
    },
    {
        "date": "2010-09-30",
        "symbol": "CHD",
        "period": "Q3",
        "salesrevenuegoodsnet": 656901000,
        "costofgoodssold": 367962000,
        "grossprofit": 288939000,
        "marketingandadvertisingexpense": 90215000,
        "sellinggeneralandadministrativeexpense": 85769000,
        "operatingincomeloss": 112955000,
        "incomelossfromequitymethodinvestments": 799000,
        "investmentincomenonoperating": 191000,
        "othernonoperatingincomeexpense": -62000,
        "interestexpense": 8052000,
        "incomelossfromcontinuingoperationsbeforeincometaxes": 105831000,
        "incometaxexpensebenefit": 36357000,
        "profitloss": 69474000,
        "netincomelossattributabletononcontrollinginterest": -4000,
        "netincomeloss": 69478000,
        "weightedaveragenumberofsharesoutstandingbasic": 71109000,
        "weightedaveragenumberofdilutedsharesoutstanding": 72228000,
        "earningspersharebasic": 0.98,
        "earningspersharediluted": 0.96,
        "commonstockdividendspersharecashpaid": 0.17
    },
    {
        "date": "2010-07-01",
        "symbol": "CHD",
        "period": "Q2",
        "salesrevenuegoodsnet": 640887000,
        "costofgoodssold": 350002000,
        "grossprofit": 290885000,
        "marketingandadvertisingexpense": 82786000,
        "sellinggeneralandadministrativeexpense": 88109000,
        "operatingincomeloss": 119990000,
        "incomelossfromequitymethodinvestments": 1585000,
        "investmentincomenonoperating": 151000,
        "othernonoperatingincomeexpense": 15000,
        "interestexpense": 5326000,
        "incomelossfromcontinuingoperationsbeforeincometaxes": 116415000,
        "incometaxexpensebenefit": 42142000,
        "profitloss": 74273000,
        "netincomelossattributabletononcontrollinginterest": -2000,
        "netincomeloss": 74275000,
        "weightedaveragenumberofsharesoutstandingbasic": 71006000,
        "weightedaveragenumberofdilutedsharesoutstanding": 72213000,
        "earningspersharebasic": 1.05,
        "earningspersharediluted": 1.03,
        "commonstockdividendspersharecashpaid": 0.14
    }
]