[
    {
        "date": "2024-03-30",
        "symbol": "ILMN",
        "period": "Q1",
        "revenuefromcontractwithcustomerexcludingassessedtax": 876000000,
        "costofgoodsandservicessold": 255000000,
        "costofgoodsandservicessoldamortization": 48000000,
        "costofrevenue": 409000000,
        "grossprofit": 667000000,
        "researchanddevelopmentexpense": 339000000,
        "sellinggeneralandadministrativeexpense": 439000000,
        "operatingexpenses": 778000000,
        "operatingincomeloss": -111000000,
        "investmentincomeinterest": 12000000,
        "interestexpense": 18000000,
        "othernonoperatingincomeexpense": 8000000,
        "nonoperatingincomeexpense": 2000000,
        "incomelossfromcontinuingoperationsbeforeincometaxesextraordinaryitemsnoncontrollinginterest": -109000000,
        "incometaxexpensebenefit": 17000000,
        "netincomeloss": -126000000,
        "earningspersharebasic": -0.79,
        "earningspersharediluted": -0.79,
        "weightedaveragenumberofsharesoutstandingbasic": 159000000,
        "weightedaveragenumberofdilutedsharesoutstanding": 159000000,
        "othercomprehensiveincomelosscashflowhedgegainlossafterreclassificationandtaxparent": 13000000,
        "comprehensiveincomenetoftax": -113000000
    },
    {
        "date": "2023-07-01",
        "symbol": "ILMN",
        "period": "Q2",
        "revenuefromcontractwithcustomerexcludingassessedtax": -5000000,
        "costofgoodsandservicessold": 91000000,
        "costofgoodsandservicessoldamortization": 48000000,
        "costofrevenue": 444000000,
        "grossprofit": 732000000,
        "researchanddevelopmentexpense": 358000000,
        "sellinggeneralandadministrativeexpense": 450000000,
        "gainlossrelatedtolitigationsettlement": -12000000,
        "operatingexpenses": 820000000,
        "operatingincomeloss": 1000000,
        "investmentincomeinterest": 17000000,
        "interestexpense": 19000000,
        "othernonoperatingincomeexpense": 1000000,
        "nonoperatingincomeexpense": -1000000,
        "incomelossfromcontinuingoperationsbeforeincometaxesextraordinaryitemsnoncontrollinginterest": -89000000,
        "incometaxexpensebenefit": 145000000,
        "netincomeloss": -234000000,
        "earningspersharebasic": -1.48,
        "earningspersharediluted": -1.48,
        "weightedaveragenumberofsharesoutstandingbasic": 158000000,
        "weightedaveragenumberofdilutedsharesoutstanding": 158000000,
        "othercomprehensiveincomelosscashflowhedgegainlossafterreclassificationandtaxparent": 13000000,
        "comprehensiveincomenetoftax": -221000000
    },
    {
        "date": "2023-04-01",
        "symbol": "ILMN",
        "period": "Q1",
        "revenuefromcontractwithcustomerexcludingassessedtax": -9000000,
        "costofgoodsandservicessold": 99000000,
        "costofgoodsandservicessoldamortization": 48000000,
        "costofrevenue": 432000000,
        "grossprofit": 655000000,
        "researchanddevelopmentexpense": 341000000,
        "sellinggeneralandadministrativeexpense": 378000000,
        "operatingexpenses": 719000000,
        "operatingincomeloss": -2000000,
        "investmentincomeinterest": 17000000,
        "interestexpense": 20000000,
        "othernonoperatingincomeexpense": -11000000,
        "nonoperatingincomeexpense": -14000000,
        "incomelossfromcontinuingoperationsbeforeincometaxesextraordinaryitemsnoncontrollinginterest": -78000000,
        "incometaxexpensebenefit": -81000000,
        "netincomeloss": 3000000,
        "earningspersharebasic": 0.02,
        "earningspersharediluted": 0.02,
        "weightedaveragenumberofsharesoutstandingbasic": 158000000,
        "weightedaveragenumberofdilutedsharesoutstanding": 158000000,
        "othercomprehensiveincomelosscashflowhedgegainlossafterreclassificationandtaxparent": -4000000,
        "comprehensiveincomenetoftax": -1000000
    },
    {
        "date": "2022-12-31",
        "symbol": "ILMN",
        "period": "Q4",
        "revenuefromcontractwithcustomerexcludingassessedtax": -5000000,
        "costofgoodsandservicessold": 85000000,
        "costofgoodsandservicessoldamortization": 47000000,
        "costofrevenue": 411000000,
        "grossprofit": 673000000,
        "researchanddevelopmentexpense": 346000000,
        "sellinggeneralandadministrativeexpense": 433000000,
        "operatingexpenses": 800000000,
        "operatingincomeloss": 0,
        "interestexpense": 8000000,
        "othernonoperatingincomeexpense": -39000000,
        "nonoperatingincomeexpense": -40000000,
        "incomelossfromcontinuingoperationsbeforeincometaxesextraordinaryitemsnoncontrollinginterest": -167000000,
        "incometaxexpensebenefit": -28000000,
        "earningspersharebasic": -0.8899999999999986,
        "earningspersharediluted": -0.3299999999999985,
        "weightedaveragenumberofsharesoutstandingbasic": -314000000,
        "weightedaveragenumberofdilutedsharesoutstanding": -316000000,
        "othercomprehensiveincomelosscashflowhedgegainlossafterreclassificationandtaxparent": -36000000
    },
    {
        "date": "2022-10-01",
        "symbol": "ILMN",
        "period": "Q3",
        "revenuefromcontractwithcustomerexcludingassessedtax": -5000000,
        "costofgoodsandservicessold": 72000000,
        "costofgoodsandservicessoldamortization": 46000000,
        "costofrevenue": 398000000,
        "grossprofit": 717000000,
        "researchanddevelopmentexpense": 325000000,
        "sellinggeneralandadministrativeexpense": 146000000,
        "gainlossrelatedtolitigationsettlement": 11000000,
        "goodwillimpairmentloss": 3914000000,
        "operatingexpenses": 4374000000,
        "operatingincomeloss": -1000000,
        "investmentincomeinterest": 3000000,
        "interestexpense": 6000000,
        "othernonoperatingincomeexpense": -12000000,
        "nonoperatingincomeexpense": -15000000,
        "incomelossfromcontinuingoperationsbeforeincometaxesextraordinaryitemsnoncontrollinginterest": -3672000000,
        "incometaxexpensebenefit": 144000000,
        "netincomeloss": -3816000000,
        "earningspersharebasic": -24.26,
        "earningspersharediluted": -24.26,
        "weightedaveragenumberofsharesoutstandingbasic": 157000000,
        "weightedaveragenumberofdilutedsharesoutstanding": 157000000,
        "othercomprehensiveincomelosscashflowhedgegainlossafterreclassificationandtaxparent": 9000000,
        "comprehensiveincomenetoftax": -3807000000
    },
    {
        "date": "2022-07-02",
        "symbol": "ILMN",
        "period": "Q2",
        "revenuefromcontractwithcustomerexcludingassessedtax": -6000000,
        "costofgoodsandservicessold": 69000000,
        "costofgoodsandservicessoldamortization": 40000000,
        "costofrevenue": 395000000,
        "grossprofit": 767000000,
        "researchanddevelopmentexpense": 327000000,
        "sellinggeneralandadministrativeexpense": 410000000,
        "litigationsettlementexpense": 609000000,
        "operatingexpenses": 1346000000,
        "operatingincomeloss": 4000000,
        "investmentincomeinterest": 1000000,
        "interestexpense": 6000000,
        "othernonoperatingincomeexpense": -53000000,
        "nonoperatingincomeexpense": -58000000,
        "incomelossfromcontinuingoperationsbeforeincometaxesextraordinaryitemsnoncontrollinginterest": -637000000,
        "incometaxexpensebenefit": -102000000,
        "netincomeloss": -535000000,
        "earningspersharebasic": -3.4,
        "earningspersharediluted": -3.4,
        "weightedaveragenumberofsharesoutstandingbasic": 157000000,
        "weightedaveragenumberofdilutedsharesoutstanding": 157000000,
        "othercomprehensiveincomelosscashflowhedgegainlossafterreclassificationandtaxparent": 12000000,
        "comprehensiveincomenetoftax": -523000000
    },
    {
        "date": "2022-04-02",
        "symbol": "ILMN",
        "period": "Q1",
        "revenuefromcontractwithcustomerexcludingassessedtax": -8000000,
        "costofgoodsandservicessold": 69000000,
        "costofgoodsandservicessoldamortization": 40000000,
        "costofrevenue": 408000000,
        "grossprofit": 815000000,
        "researchanddevelopmentexpense": 323000000,
        "sellinggeneralandadministrativeexpense": 308000000,
        "operatingexpenses": 631000000,
        "operatingincomeloss": -6000000,
        "interestexpense": 6000000,
        "othernonoperatingincomeexpense": -38000000,
        "nonoperatingincomeexpense": -44000000,
        "incomelossfromcontinuingoperationsbeforeincometaxesextraordinaryitemsnoncontrollinginterest": 140000000,
        "incometaxexpensebenefit": 54000000,
        "netincomeloss": 86000000,
        "earningspersharebasic": 0.55,
        "earningspersharediluted": -0.01,
        "weightedaveragenumberofsharesoutstandingbasic": 157000000,
        "weightedaveragenumberofdilutedsharesoutstanding": 159000000,
        "othercomprehensiveincomelosscashflowhedgegainlossafterreclassificationandtaxparent": 1000000,
        "comprehensiveincomenetoftax": 87000000
    },
    {
        "date": "2022-01-01",
        "symbol": "ILMN",
        "period": "Q4",
        "revenuefromcontractwithcustomerexcludingassessedtax": -7000000,
        "costofgoodsandservicessold": 64000000,
        "costofgoodsandservicessoldamortization": 40000000,
        "costofrevenue": 382000000,
        "grossprofit": 817000000,
        "researchanddevelopmentexpense": 350000000,
        "sellinggeneralandadministrativeexpense": 426000000,
        "operatingexpenses": 776000000,
        "operatingincomeloss": -181000000,
        "interestexpense": 13000000,
        "othernonoperatingincomeexpense": 58000000,
        "nonoperatingincomeexpense": 45000000,
        "incomelossfromcontinuingoperationsbeforeincometaxesextraordinaryitemsnoncontrollinginterest": 86000000,
        "incometaxexpensebenefit": -26000000,
        "netincomeloss": 112000000,
        "earningspersharebasic": 0.6800000000000002,
        "earningspersharediluted": 0.6799999999999997,
        "comprehensiveincomenetoftax": 116000000
    },
    {
        "date": "2021-10-02",
        "symbol": "ILMN",
        "period": "Q3",
        "revenuefromcontractwithcustomerexcludingassessedtax": -182000000,
        "costofgoodsandservicessold": 56000000,
        "costofgoodsandservicessoldamortization": 18000000,
        "costofrevenue": 337000000,
        "grossprofit": 771000000,
        "researchanddevelopmentexpense": 437000000,
        "sellinggeneralandadministrativeexpense": 879000000,
        "operatingexpenses": 1316000000,
        "operatingincomeloss": -1131000000,
        "interestexpense": 14000000,
        "othernonoperatingincomeexpense": 979000000,
        "nonoperatingincomeexpense": 965000000,
        "incomelossfromcontinuingoperationsbeforeincometaxesextraordinaryitemsnoncontrollinginterest": 420000000,
        "incometaxexpensebenefit": 103000000,
        "netincomeloss": 317000000,
        "earningspersharebasic": 2.1100000000000003,
        "earningspersharediluted": 2.1000000000000005,
        "comprehensiveincomenetoftax": 322000000
    },
    {
        "date": "2021-07-03",
        "symbol": "ILMN",
        "period": "Q2",
        "revenuefromcontractwithcustomerexcludingassessedtax": 85000000,
        "costofgoodsandservicessold": 63000000,
        "costofgoodsandservicessoldamortization": 7000000,
        "costofrevenue": 324000000,
        "grossprofit": 802000000,
        "researchanddevelopmentexpense": 201000000,
        "sellinggeneralandadministrativeexpense": 413000000,
        "operatingexpenses": 614000000,
        "operatingincomeloss": 188000000,
        "interestexpense": 15000000,
        "othernonoperatingincomeexpense": 37000000,
        "nonoperatingincomeexpense": 21000000,
        "incomelossfromcontinuingoperationsbeforeincometaxesextraordinaryitemsnoncontrollinginterest": 209000000,
        "incometaxexpensebenefit": 23000000,
        "netincomeloss": 186000000,
        "earningspersharebasic": 1.2699999999999998,
        "earningspersharediluted": 1.2599999999999998,
        "weightedaveragenumberofsharesoutstandingbasic": 0,
        "weightedaveragenumberofdilutedsharesoutstanding": 0,
        "othercomprehensiveincomeunrealizedholdinggainlossonsecuritiesarisingduringperiodnetoftax": 0,
        "othercomprehensiveincomelosscashflowhedgegainlossafterreclassificationandtaxparent": 0,
        "comprehensiveincomenetoftax": 186000000
    },
    {
        "date": "2021-04-03",
        "symbol": "ILMN",
        "period": "Q1",
        "revenuefromcontractwithcustomerexcludingassessedtax": 99000000,
        "costofgoodsandservicessold": 58000000,
        "costofgoodsandservicessoldamortization": 6000000,
        "costofrevenue": 329000000,
        "grossprofit": 764000000,
        "researchanddevelopmentexpense": 197000000,
        "sellinggeneralandadministrativeexpense": 374000000,
        "operatingexpenses": 571000000,
        "operatingincomeloss": 193000000,
        "investmentincomeinterest": 1000000,
        "interestexpense": 19000000,
        "othernonoperatingincomeexpense": -6000000,
        "nonoperatingincomeexpense": -24000000,
        "incomelossfromcontinuingoperationsbeforeincometaxesextraordinaryitemsnoncontrollinginterest": 169000000,
        "incometaxexpensebenefit": 22000000,
        "netincomeloss": 147000000,
        "earningspersharebasic": 1.01,
        "earningspersharediluted": 1,
        "weightedaveragenumberofsharesoutstandingbasic": 146000000,
        "weightedaveragenumberofdilutedsharesoutstanding": 147000000,
        "othercomprehensiveincomeunrealizedholdinggainlossonsecuritiesarisingduringperiodnetoftax": -1000000,
        "othercomprehensiveincomelosscashflowhedgegainlossafterreclassificationandtaxparent": 7000000,
        "comprehensiveincomenetoftax": 153000000
    },
    {
        "date": "2021-01-02",
        "symbol": "ILMN",
        "period": "Q4",
        "revenuefromcontractwithcustomerexcludingassessedtax": 953000000,
        "costofrevenue": 323000000,
        "grossprofit": 630000000,
        "researchanddevelopmentexpense": 199000000,
        "sellinggeneralandadministrativeexpense": 298000000,
        "operatingexpenses": 497000000,
        "operatingincomeloss": 133000000,
        "investmentincomeinterest": 15000000,
        "interestexpense": 16000000,
        "othernonoperatingincomeexpense": 166000000,
        "nonoperatingincomeexpense": 165000000,
        "incometaxexpensebenefit": 41000000,
        "profitloss": 257000000,
        "netincomeloss": 257000000,
        "earningspersharebasic": 1.760000000000001,
        "earningspersharediluted": 1.7500000000000004,
        "weightedaveragenumberofsharesoutstandingbasic": -293000000,
        "weightedaveragenumberofdilutedsharesoutstanding": -296000000,
        "othercomprehensiveincomeunrealizedholdinggainlossonsecuritiesarisingduringperiodnetoftax": -10000000,
        "comprehensiveincomenetoftaxincludingportionattributabletononcontrollinginterest": 247000000,
        "comprehensiveincomenetoftax": 247000000
    },
    {
        "date": "2020-09-26",
        "symbol": "ILMN",
        "period": "Q3",
        "revenuefromcontractwithcustomerexcludingassessedtax": 794000000,
        "costofgoodsandservicessold": 52000000,
        "costofgoodsandservicessoldamortizationofacquiredintangibleassets": 7000000,
        "costofrevenue": 268000000,
        "grossprofit": 526000000,
        "researchanddevelopmentexpense": 172000000,
        "sellinggeneralandadministrativeexpense": 192000000,
        "operatingexpenses": 364000000,
        "operatingincomeloss": 162000000,
        "investmentincomeinterest": 5000000,
        "interestexpense": 11000000,
        "othernonoperatingincomeexpense": 59000000,
        "nonoperatingincomeexpense": 53000000,
        "incomelossfromcontinuingoperationsbeforeincometaxesextraordinaryitemsnoncontrollinginterest": 215000000,
        "incometaxexpensebenefit": 36000000,
        "profitloss": 179000000,
        "netincomeloss": 179000000,
        "earningspersharebasic": 1.22,
        "earningspersharediluted": 1.21,
        "weightedaveragenumberofsharesoutstandingbasic": 146000000,
        "weightedaveragenumberofdilutedsharesoutstanding": 148000000,
        "othercomprehensiveincomeunrealizedholdinggainlossonsecuritiesarisingduringperiodnetoftax": -2000000,
        "comprehensiveincomenetoftaxincludingportionattributabletononcontrollinginterest": 177000000,
        "comprehensiveincomenetoftax": 177000000
    },
    {
        "date": "2020-06-27",
        "symbol": "ILMN",
        "period": "Q2",
        "revenuefromcontractwithcustomerexcludingassessedtax": 633000000,
        "costofgoodsandservicessold": 46000000,
        "costofgoodsandservicessoldamortizationofacquiredintangibleassets": 7000000,
        "costofrevenue": 205000000,
        "grossprofit": 428000000,
        "researchanddevelopmentexpense": 155000000,
        "sellinggeneralandadministrativeexpense": 177000000,
        "operatingexpenses": 332000000,
        "operatingincomeloss": 96000000,
        "investmentincomeinterest": 7000000,
        "interestexpense": 11000000,
        "othernonoperatingincomeexpense": 73000000,
        "nonoperatingincomeexpense": 69000000,
        "incomelossfromcontinuingoperationsbeforeincometaxesextraordinaryitemsnoncontrollinginterest": 165000000,
        "incometaxexpensebenefit": 118000000,
        "profitloss": 47000000,
        "netincomeloss": 47000000,
        "earningspersharebasic": 0.32,
        "earningspersharediluted": 0.32,
        "weightedaveragenumberofsharesoutstandingbasic": 147000000,
        "weightedaveragenumberofdilutedsharesoutstanding": 148000000,
        "othercomprehensiveincomeunrealizedholdinggainlossonsecuritiesarisingduringperiodnetoftax": 8000000,
        "comprehensiveincomenetoftaxincludingportionattributabletononcontrollinginterest": 55000000,
        "comprehensiveincomenetoftax": 55000000
    },
    {
        "date": "2020-03-28",
        "symbol": "ILMN",
        "period": "Q1",
        "profitloss": 173000000,
        "othercomprehensiveincomeunrealizedholdinggainlossonsecuritiesarisingduringperiodnetoftax": 1000000,
        "comprehensiveincomenetoftaxincludingportionattributabletononcontrollinginterest": 174000000,
        "comprehensiveincomenetoftax": 174000000,
        "revenuefromcontractwithcustomerexcludingassessedtax": 859000000,
        "costofgoodsandservicessold": 59000000,
        "costofgoodsandservicessoldamortizationofacquiredintangibleassets": 7000000,
        "costofrevenue": 240000000,
        "grossprofit": 619000000,
        "researchanddevelopmentexpense": 156000000,
        "sellinggeneralandadministrativeexpense": 274000000,
        "operatingexpenses": 430000000,
        "operatingincomeloss": 189000000,
        "investmentincomeinterest": 14000000,
        "interestexpense": 11000000,
        "othernonoperatingincomeexpense": -14000000,
        "nonoperatingincomeexpense": -11000000,
        "incomelossfromcontinuingoperationsbeforeincometaxesextraordinaryitemsnoncontrollinginterest": 178000000,
        "incometaxexpensebenefit": 5000000,
        "netincomeloss": 173000000,
        "earningspersharebasic": 1.18,
        "earningspersharediluted": 1.17,
        "weightedaveragenumberofsharesoutstandingbasic": 147000000,
        "weightedaveragenumberofdilutedsharesoutstanding": 148000000
    },
    {
        "date": "2019-12-28",
        "symbol": "ILMN",
        "period": "Q4",
        "profitloss": 239000000,
        "comprehensiveincomenetoftaxincludingportionattributabletononcontrollinginterest": 239000000,
        "comprehensiveincomenetoftax": 239000000,
        "revenuefromcontractwithcustomerexcludingassessedtax": 2930000000,
        "costofrevenue": 290000000,
        "grossprofit": 662000000,
        "researchanddevelopmentexpense": 161000000,
        "sellinggeneralandadministrativeexpense": 233000000,
        "operatingexpenses": 394000000,
        "operatingincomeloss": 984000000,
        "investmentincomeinterest": 16000000,
        "interestexpense": 11000000,
        "othernonoperatingincomeexpense": -4000000,
        "nonoperatingincomeexpense": 1000000,
        "incometaxexpensebenefit": 30000000,
        "netincomeloss": 239000000,
        "earningspersharebasic": 1.6199999999999992,
        "earningspersharediluted": 1.6100000000000005,
        "weightedaveragenumberofsharesoutstandingbasic": 0,
        "weightedaveragenumberofdilutedsharesoutstanding": 0
    },
    {
        "date": "2019-09-28",
        "symbol": "ILMN",
        "period": "Q3",
        "profitloss": 234000000,
        "othercomprehensiveincomeunrealizedholdinggainlossonsecuritiesarisingduringperiodnetoftax": 0,
        "comprehensiveincomenetoftaxincludingportionattributabletononcontrollinginterest": 234000000,
        "comprehensiveincomenetoftaxattributabletononcontrollinginterest": 0,
        "comprehensiveincomenetoftax": 234000000,
        "revenuefromcontractwithcustomerexcludingassessedtax": -1018000000,
        "costofgoodsandservicessold": 55000000,
        "costofgoodsandservicessoldamortizationofacquiredintangibleassets": 9000000,
        "costofrevenue": 259000000,
        "grossprofit": 648000000,
        "researchanddevelopmentexpense": 151000000,
        "sellinggeneralandadministrativeexpense": 189000000,
        "operatingexpenses": 340000000,
        "operatingincomeloss": -214000000,
        "investmentincomeinterest": 16000000,
        "interestexpense": 11000000,
        "othernonoperatingincomeexpense": -43000000,
        "nonoperatingincomeexpense": -38000000,
        "incomelossfromcontinuingoperationsbeforeincometaxesextraordinaryitemsnoncontrollinginterest": 270000000,
        "incometaxexpensebenefit": 36000000,
        "netincomelossattributabletononcontrollinginterest": 0,
        "netincomeloss": 234000000,
        "earningspersharebasic": 1.6000000000000005,
        "earningspersharediluted": 1.5699999999999996,
        "weightedaveragenumberofsharesoutstandingbasic": -147000000,
        "weightedaveragenumberofdilutedsharesoutstanding": -149000000
    },
    {
        "date": "2019-06-29",
        "symbol": "ILMN",
        "period": "Q2",
        "profitloss": 293000000,
        "othercomprehensiveincomeunrealizedholdinggainlossonsecuritiesarisingduringperiodnetoftax": 3000000,
        "comprehensiveincomenetoftaxincludingportionattributabletononcontrollinginterest": 296000000,
        "comprehensiveincomenetoftaxattributabletononcontrollinginterest": -3000000,
        "comprehensiveincomenetoftax": 299000000,
        "revenuefromcontractwithcustomerexcludingassessedtax": 838000000,
        "costofgoodsandservicessold": 59000000,
        "costofgoodsandservicessoldamortizationofacquiredintangibleassets": 10000000,
        "costofrevenue": 265000000,
        "grossprofit": 573000000,
        "researchanddevelopmentexpense": 166000000,
        "sellinggeneralandadministrativeexpense": 202000000,
        "operatingexpenses": 368000000,
        "operatingincomeloss": -6000000,
        "investmentincomeinterest": 20000000,
        "interestexpense": 15000000,
        "othernonoperatingincomeexpense": 136000000,
        "nonoperatingincomeexpense": 141000000,
        "incomelossfromcontinuingoperationsbeforeincometaxesextraordinaryitemsnoncontrollinginterest": 346000000,
        "incometaxexpensebenefit": 53000000,
        "netincomelossattributabletononcontrollinginterest": -3000000,
        "netincomeloss": 296000000,
        "earningspersharebasic": 2.01,
        "earningspersharediluted": 1.99,
        "weightedaveragenumberofsharesoutstandingbasic": 147000000,
        "weightedaveragenumberofdilutedsharesoutstanding": 149000000
    },
    {
        "date": "2019-03-30",
        "symbol": "ILMN",
        "period": "Q1",
        "profitloss": 224000000,
        "othercomprehensiveincomeunrealizedholdinggainlossonsecuritiesarisingduringperiodnetoftax": 3000000,
        "comprehensiveincomenetoftaxincludingportionattributabletononcontrollinginterest": 227000000,
        "comprehensiveincomenetoftaxattributabletononcontrollinginterest": -9000000,
        "comprehensiveincomenetoftax": 236000000,
        "revenuefromcontractwithcustomerexcludingassessedtax": 179000000,
        "costofgoodsandservicessold": 71000000,
        "costofgoodsandservicessoldamortizationofacquiredintangibleassets": 9000000,
        "costofrevenue": 262000000,
        "grossprofit": 584000000,
        "researchanddevelopmentexpense": 169000000,
        "sellinggeneralandadministrativeexpense": 211000000,
        "operatingexpenses": 380000000,
        "operatingincomeloss": 221000000,
        "investmentincomeinterest": 23000000,
        "interestexpense": 15000000,
        "othernonoperatingincomeexpense": 21000000,
        "nonoperatingincomeexpense": 29000000,
        "incomelossfromcontinuingoperationsbeforeincometaxesextraordinaryitemsnoncontrollinginterest": 233000000,
        "incometaxexpensebenefit": 9000000,
        "netincomelossattributabletononcontrollinginterest": -9000000,
        "netincomeloss": 233000000,
        "earningspersharebasic": 1.58,
        "earningspersharediluted": 1.57,
        "weightedaveragenumberofsharesoutstandingbasic": 147000000,
        "weightedaveragenumberofdilutedsharesoutstanding": 149000000
    },
    {
        "date": "2018-12-29",
        "symbol": "ILMN",
        "period": "Q4",
        "profitloss": 197000000,
        "comprehensiveincomenetoftaxincludingportionattributabletononcontrollinginterest": 198000000,
        "comprehensiveincomenetoftaxattributabletononcontrollinginterest": -13000000,
        "comprehensiveincomenetoftax": 211000000,
        "costofgoodsandservicessoldamortizationofacquiredintangibleassets": 8000000,
        "costofrevenue": 278000000,
        "grossprofit": 590000000,
        "researchanddevelopmentexpense": 176000000,
        "sellinggeneralandadministrativeexpense": 217000000,
        "operatingexpenses": 393000000,
        "operatingincomeloss": 242000000,
        "investmentincomeinterest": 14000000,
        "interestexpense": 20000000,
        "othernonoperatingincomeexpense": 18000000,
        "nonoperatingincomeexpense": 12000000,
        "incometaxexpensebenefit": 12000000,
        "netincomelossattributabletononcontrollinginterest": -13000000,
        "netincomeloss": 210000000,
        "netincomelossattributabletoparentforearningspershare": 210000000,
        "earningspersharebasic": 1.4399999999999995,
        "earningspersharediluted": 1.4099999999999995,
        "weightedaveragenumberofsharesoutstandingbasic": -294000000,
        "weightedaveragenumberofdilutedsharesoutstanding": -296000000
    },
    {
        "date": "2018-09-29",
        "symbol": "ILMN",
        "period": "Q3",
        "profitloss": 188000000,
        "othercomprehensiveincomeunrealizedholdinggainlossonsecuritiesarisingduringperiodnetoftax": -1000000,
        "comprehensiveincomenetoftaxincludingportionattributabletononcontrollinginterest": 187000000,
        "comprehensiveincomenetoftaxattributabletononcontrollinginterest": -11000000,
        "comprehensiveincomenetoftax": 198000000,
        "revenuefromcontractwithcustomerincludingassessedtax": 58000000,
        "costofgoodsandservicessold": 62000000,
        "costofgoodsandservicessoldamortizationofacquiredintangibleassets": 10000000,
        "costofrevenue": 256000000,
        "grossprofit": 597000000,
        "researchanddevelopmentexpense": 159000000,
        "sellinggeneralandadministrativeexpense": 197000000,
        "operatingexpenses": 356000000,
        "operatingincomeloss": 264000000,
        "investmentincomeinterest": 14000000,
        "interestexpense": 15000000,
        "othernonoperatingincomeexpense": -8000000,
        "nonoperatingincomeexpense": -9000000,
        "incomelossfromcontinuingoperationsbeforeincometaxesextraordinaryitemsnoncontrollinginterest": 232000000,
        "incometaxexpensebenefit": 44000000,
        "netincomelossattributabletononcontrollinginterest": -11000000,
        "netincomeloss": 199000000,
        "netincomelossattributabletoparentforearningspershare": 199000000,
        "earningspersharebasic": 1.35,
        "earningspersharediluted": 1.33,
        "weightedaveragenumberofsharesoutstandingbasic": 147000000,
        "weightedaveragenumberofdilutedsharesoutstanding": 149000000
    },
    {
        "date": "2018-06-30",
        "symbol": "ILMN",
        "period": "Q2",
        "profitloss": 200000000,
        "comprehensiveincomenetoftaxincludingportionattributabletononcontrollinginterest": 200000000,
        "comprehensiveincomenetoftaxattributabletononcontrollinginterest": -9000000,
        "comprehensiveincomenetoftax": 209000000,
        "salesrevenuegoodsnet": 673000000,
        "salesrevenueservicesnet": 157000000,
        "salesrevenuenet": 829000000,
        "costofgoodssold": 181000000,
        "costofservices": 65000000,
        "costofgoodsandservicessoldamortizationofacquiredintangibleassets": 9000000,
        "costofrevenue": 255000000,
        "grossprofit": 575000000,
        "researchanddevelopmentexpense": 151000000,
        "sellinggeneralandadministrativeexpense": 197000000,
        "operatingexpenses": 348000000,
        "operatingincomeloss": 246000000,
        "investmentincomeinterest": 11000000,
        "interestexpense": 11000000,
        "othernonoperatingincomeexpense": 5000000,
        "nonoperatingincomeexpense": 5000000,
        "incomelossfromcontinuingoperationsbeforeincometaxesextraordinaryitemsnoncontrollinginterest": 232000000,
        "incometaxexpensebenefit": 32000000,
        "netincomelossattributabletononcontrollinginterest": -9000000,
        "netincomeloss": 209000000,
        "netincomelossattributabletoparentforearningspershare": 209000000,
        "earningspersharebasic": 1.42,
        "earningspersharediluted": 1.41,
        "weightedaveragenumberofsharesoutstandingbasic": 147000000,
        "weightedaveragenumberofdilutedsharesoutstanding": 148000000
    },
    {
        "date": "2018-03-31",
        "symbol": "ILMN",
        "period": "Q1",
        "comprehensiveincomenetoftaxincludingportionattributabletononcontrollinginterest": 197000000,
        "comprehensiveincomenetoftaxattributabletononcontrollinginterest": -11000000,
        "comprehensiveincomenetoftax": 208000000,
        "salesrevenuegoodsnet": 628000000,
        "salesrevenueservicesnet": 154000000,
        "salesrevenuenet": 782000000,
        "costofgoodssold": 174000000,
        "costofservices": 62000000,
        "costofgoodsandservicessoldamortizationofacquiredintangibleassets": 8000000,
        "costofrevenue": 244000000,
        "grossprofit": 538000000,
        "researchanddevelopmentexpense": 137000000,
        "sellinggeneralandadministrativeexpense": 183000000,
        "operatingexpenses": 320000000,
        "operatingincomeloss": 218000000,
        "investmentincomeinterest": 5000000,
        "interestexpense": 11000000,
        "othernonoperatingincomeexpense": 9000000,
        "nonoperatingincomeexpense": 3000000,
        "incomelossfromcontinuingoperationsbeforeincometaxesextraordinaryitemsnoncontrollinginterest": 221000000,
        "incometaxexpensebenefit": 24000000,
        "profitloss": 197000000,
        "netincomelossattributabletononcontrollinginterest": -11000000,
        "netincomeloss": 208000000,
        "netincomelossattributabletoparentforearningspershare": 208000000,
        "earningspersharebasic": 1.42,
        "earningspersharediluted": 1.41,
        "weightedaveragenumberofsharesoutstandingbasic": 147000000,
        "weightedaveragenumberofdilutedsharesoutstanding": 148000000
    },
    {
        "date": "2017-12-30",
        "symbol": "ILMN",
        "period": "Q4",
        "profitloss": 57000000,
        "comprehensiveincomenetoftaxincludingportionattributabletononcontrollinginterest": 56000000,
        "comprehensiveincomenetoftaxattributabletononcontrollinginterest": -11000000,
        "comprehensiveincomenetoftax": 67000000,
        "salesrevenuegoodsnet": 658000000,
        "salesrevenueservicesnet": 119000000,
        "salesrevenuenet": 639000000,
        "costofgoodssold": 171000000,
        "costofservices": 55000000,
        "costofgoodsandservicessoldamortizationofacquiredintangibleassets": 9000000,
        "costofrevenue": 235000000,
        "grossprofit": 542000000,
        "researchanddevelopmentexpense": 137000000,
        "sellinggeneralandadministrativeexpense": 175000000,
        "operatingexpenses": 312000000,
        "operatingincomeloss": 1000000,
        "investmentincomeinterest": 6000000,
        "interestexpense": 11000000,
        "othernonoperatingincomeexpense": -2000000,
        "nonoperatingincomeexpense": -7000000,
        "incometaxexpensebenefit": 166000000,
        "netincomelossattributabletononcontrollinginterest": -11000000,
        "netincomeloss": 68000000,
        "netincomelossattributabletoparentforearningspershare": 68000000,
        "earningspersharebasic": 0.46999999999999975,
        "earningspersharediluted": 0.46999999999999975,
        "weightedaveragenumberofsharesoutstandingbasic": 0,
        "weightedaveragenumberofdilutedsharesoutstanding": 0
    },
    {
        "date": "2017-09-30",
        "symbol": "ILMN",
        "period": "Q3",
        "profitloss": 153000000,
        "comprehensiveincomenetoftaxincludingportionattributabletononcontrollinginterest": 153000000,
        "comprehensiveincomenetoftaxattributabletononcontrollinginterest": -10000000,
        "comprehensiveincomenetoftax": 163000000,
        "salesrevenuegoodsnet": 597000000,
        "salesrevenueservicesnet": 118000000,
        "salesrevenuenet": -601000000,
        "costofgoodssold": 174000000,
        "costofservices": 50000000,
        "costofgoodsandservicessoldamortizationofacquiredintangibleassets": 9000000,
        "costofrevenue": 233000000,
        "grossprofit": 482000000,
        "researchanddevelopmentexpense": 134000000,
        "sellinggeneralandadministrativeexpense": 167000000,
        "operatingexpenses": 301000000,
        "operatingincomeloss": -50000000,
        "investmentincomeinterest": 4000000,
        "interestexpense": 10000000,
        "othernonoperatingincomeexpense": 1000000,
        "nonoperatingincomeexpense": -5000000,
        "incomelossfromcontinuingoperationsbeforeincometaxesextraordinaryitemsnoncontrollinginterest": 176000000,
        "incometaxexpensebenefit": 23000000,
        "netincomelossattributabletononcontrollinginterest": -10000000,
        "netincomeloss": 163000000,
        "netincomelossattributabletoparentforearningspershare": 163000000,
        "earningspersharebasic": 1.12,
        "earningspersharediluted": 1.1,
        "weightedaveragenumberofsharesoutstandingbasic": -146000000,
        "weightedaveragenumberofdilutedsharesoutstanding": -146000000
    },
    {
        "date": "2017-07-01",
        "symbol": "ILMN",
        "period": "Q2",
        "profitloss": 120000000,
        "othercomprehensiveincomeunrealizedholdinggainlossonsecuritiesarisingduringperiodnetoftax": 1000000,
        "comprehensiveincomenetoftaxincludingportionattributabletononcontrollinginterest": 121000000,
        "comprehensiveincomenetoftaxattributabletononcontrollinginterest": -8000000,
        "comprehensiveincomenetoftax": 129000000,
        "salesrevenuegoodsnet": 543000000,
        "salesrevenueservicesnet": 119000000,
        "salesrevenuenet": -4000000,
        "costofgoodssold": 168000000,
        "costofservices": 50000000,
        "costofgoodsandservicessoldamortizationofacquiredintangibleassets": 10000000,
        "costofrevenue": 228000000,
        "grossprofit": 434000000,
        "researchanddevelopmentexpense": 130000000,
        "sellinggeneralandadministrativeexpense": 169000000,
        "losscontingencylossinperiod": -8000000,
        "operatingexpenses": 291000000,
        "operatingincomeloss": -1000000,
        "investmentincomeinterest": 5000000,
        "interestexpense": 8000000,
        "othernonoperatingincomeexpense": 1000000,
        "nonoperatingincomeexpense": -2000000,
        "incomelossfromcontinuingoperationsbeforeincometaxesextraordinaryitemsnoncontrollinginterest": 141000000,
        "incometaxexpensebenefit": 21000000,
        "netincomelossattributabletononcontrollinginterest": -8000000,
        "netincomeloss": 128000000,
        "netincomelossattributabletoparentforearningspershare": 128000000,
        "earningspersharebasic": 0.87,
        "earningspersharediluted": 0.87,
        "weightedaveragenumberofsharesoutstandingbasic": 146000000,
        "weightedaveragenumberofdilutedsharesoutstanding": 147000000
    },
    {
        "date": "2017-04-01",
        "symbol": "ILMN",
        "period": "Q1",
        "profitloss": 348000000,
        "comprehensiveincomenetoftaxincludingportionattributabletononcontrollinginterest": 348000000,
        "comprehensiveincomenetoftaxattributabletononcontrollinginterest": -19000000,
        "comprehensiveincomenetoftax": 367000000,
        "salesrevenuegoodsnet": 491000000,
        "salesrevenueservicesnet": 107000000,
        "salesrevenuenet": 598000000,
        "costofgoodssold": 166000000,
        "costofservices": 53000000,
        "costofgoodsandservicessoldamortizationofacquiredintangibleassets": 11000000,
        "costofrevenue": 230000000,
        "grossprofit": 368000000,
        "researchanddevelopmentexpense": 145000000,
        "sellinggeneralandadministrativeexpense": 163000000,
        "losscontingencylossinperiod": 8000000,
        "operatingexpenses": 316000000,
        "operatingincomeloss": 52000000,
        "investmentincomeinterest": 4000000,
        "interestexpense": 8000000,
        "othernonoperatingincomeexpense": 455000000,
        "nonoperatingincomeexpense": 451000000,
        "incomelossfromcontinuingoperationsbeforeincometaxesextraordinaryitemsnoncontrollinginterest": 503000000,
        "incometaxexpensebenefit": 155000000,
        "netincomelossattributabletononcontrollinginterest": -19000000,
        "netincomeloss": 367000000,
        "netincomelossattributabletoparentforearningspershare": 366000000,
        "earningspersharebasic": 2.5,
        "earningspersharediluted": 2.48,
        "weightedaveragenumberofsharesoutstandingbasic": 146000000,
        "weightedaveragenumberofdilutedsharesoutstanding": 147000000
    },
    {
        "date": "2016-12-31",
        "symbol": "ILMN",
        "period": "Q4",
        "profitloss": 107542000,
        "othercomprehensiveincomeunrealizedholdinggainlossonsecuritiesarisingduringperiodnetoftax": -2351000,
        "comprehensiveincomenetoftaxincludingportionattributabletononcontrollinginterest": 105191000,
        "comprehensiveincomenetoftaxattributabletononcontrollinginterest": -16220000,
        "comprehensiveincomenetoftax": 121411000,
        "salesrevenuegoodsnet": 525581000,
        "salesrevenueservicesnet": 93766000,
        "salesrevenuenet": 566341000,
        "costofgoodssold": 151343000,
        "costofservices": 37606000,
        "costofgoodsandservicessoldamortizationofacquiredintangibleassets": 10959000,
        "costofrevenue": 199908000,
        "grossprofit": 419439000,
        "researchanddevelopmentexpense": 129915000,
        "sellinggeneralandadministrativeexpense": 146091000,
        "businessexitcosts1": 417000,
        "operatingexpenses": 276423000,
        "operatingincomeloss": -7949000,
        "investmentincomeinterest": 3116000,
        "interestexpense": 8301000,
        "othernonoperatingincomeexpense": -3588000,
        "nonoperatingincomeexpense": -8773000,
        "incometaxexpensebenefit": 26701000,
        "netincomelossattributabletononcontrollinginterest": -16220000,
        "netincomeloss": 123762000,
        "earningspersharebasic": 0.7999999999999997,
        "earningspersharediluted": 0.7999999999999999,
        "weightedaveragenumberofsharesoutstandingbasic": 5000,
        "weightedaveragenumberofdilutedsharesoutstanding": -9000
    },
    {
        "date": "2016-10-01",
        "symbol": "ILMN",
        "period": "Q3",
        "profitloss": 116935000,
        "othercomprehensiveincomeunrealizedholdinggainlossonsecuritiesarisingduringperiodnetoftax": -1004000,
        "comprehensiveincomenetoftaxincludingportionattributabletononcontrollinginterest": 115931000,
        "comprehensiveincomenetoftaxattributabletononcontrollinginterest": -11953000,
        "comprehensiveincomenetoftax": 127884000,
        "salesrevenuegoodsnet": 513744000,
        "salesrevenueservicesnet": 93395000,
        "salesrevenuenet": -1185011000,
        "costofgoodssold": 132423000,
        "costofservices": 37606000,
        "costofgoodsandservicessoldamortizationofacquiredintangibleassets": 10960000,
        "costofrevenue": 180989000,
        "grossprofit": 426150000,
        "researchanddevelopmentexpense": 125917000,
        "sellinggeneralandadministrativeexpense": 139146000,
        "losscontingencylossinperiod": 0,
        "businessexitcosts1": 385000,
        "operatingexpenses": 265448000,
        "operatingincomeloss": -291009000,
        "investmentincomeinterest": 2056000,
        "interestexpense": 8208000,
        "othernonoperatingincomeexpense": -186000,
        "nonoperatingincomeexpense": -6338000,
        "incomelossfromcontinuingoperationsbeforeincometaxesextraordinaryitemsnoncontrollinginterest": 154364000,
        "incometaxexpensebenefit": 37429000,
        "netincomelossattributabletononcontrollinginterest": -11953000,
        "netincomeloss": 128888000,
        "earningspersharebasic": 0.85,
        "earningspersharediluted": 0.8500000000000002,
        "weightedaveragenumberofsharesoutstandingbasic": -146861000,
        "weightedaveragenumberofdilutedsharesoutstanding": -148197000
    },
    {
        "date": "2016-07-02",
        "symbol": "ILMN",
        "period": "Q2",
        "profitloss": 116394000,
        "othercomprehensiveincomeunrealizedholdinggainlossonsecuritiesarisingduringperiodnetoftax": 336000,
        "comprehensiveincomenetoftaxincludingportionattributabletononcontrollinginterest": 116730000,
        "comprehensiveincomenetoftaxattributabletononcontrollinginterest": -4018000,
        "comprehensiveincomenetoftax": 120748000,
        "salesrevenuegoodsnet": 509922000,
        "salesrevenueservicesnet": 90202000,
        "salesrevenuenet": 600124000,
        "costofgoodssold": 125107000,
        "costofservices": 40663000,
        "costofgoodsandservicessoldamortizationofacquiredintangibleassets": 10549000,
        "costofrevenue": 176319000,
        "grossprofit": 423805000,
        "researchanddevelopmentexpense": 124589000,
        "sellinggeneralandadministrativeexpense": 148535000,
        "losscontingencylossinperiod": -11490000,
        "businessexitcosts1": 302000,
        "operatingexpenses": 261936000,
        "operatingincomeloss": 161869000,
        "investmentincomeinterest": 3403000,
        "interestexpense": 8147000,
        "othernonoperatingincomeexpense": -150000,
        "nonoperatingincomeexpense": -4894000,
        "incomelossfromcontinuingoperationsbeforeincometaxesextraordinaryitemsnoncontrollinginterest": 156975000,
        "incometaxexpensebenefit": 40581000,
        "netincomelossattributabletononcontrollinginterest": -4018000,
        "netincomeloss": 120412000,
        "netincomelossattributabletoparentforearningspershare": 121971000,
        "earningspersharebasic": 0.83,
        "earningspersharediluted": 0.82,
        "weightedaveragenumberofsharesoutstandingbasic": 146778000,
        "weightedaveragenumberofdilutedsharesoutstanding": 147889000
    },
    {
        "date": "2016-04-02",
        "symbol": "ILMN",
        "period": "Q1",
        "profitloss": 87219000,
        "othercomprehensiveincomeunrealizedholdinggainlossonsecuritiesarisingduringperiodnetoftax": 1946000,
        "comprehensiveincomenetoftaxincludingportionattributabletononcontrollinginterest": 89165000,
        "comprehensiveincomenetoftaxattributabletononcontrollinginterest": -2368000,
        "comprehensiveincomenetoftax": 91533000,
        "salesrevenuegoodsnet": 482750000,
        "salesrevenueservicesnet": 89013000,
        "salesrevenuenet": 571763000,
        "costofgoodssold": 125326000,
        "costofservices": 38887000,
        "costofgoodsandservicessoldamortizationofacquiredintangibleassets": 10496000,
        "costofrevenue": 174709000,
        "grossprofit": 397054000,
        "researchanddevelopmentexpense": 123994000,
        "sellinggeneralandadministrativeexpense": 149233000,
        "losscontingencylossinperiod": 2000000,
        "businessexitcosts1": 382000,
        "operatingexpenses": 275609000,
        "operatingincomeloss": 121445000,
        "investmentincomeinterest": 1224000,
        "interestexpense": 8525000,
        "othernonoperatingincomeexpense": 1452000,
        "nonoperatingincomeexpense": -5849000,
        "incomelossfromcontinuingoperationsbeforeincometaxesextraordinaryitemsnoncontrollinginterest": 115596000,
        "incometaxexpensebenefit": 28377000,
        "netincomelossattributabletononcontrollinginterest": -2368000,
        "netincomeloss": 89587000,
        "earningspersharebasic": 0.61,
        "earningspersharediluted": 0.6,
        "weightedaveragenumberofsharesoutstandingbasic": 146866000,
        "weightedaveragenumberofdilutedsharesoutstanding": 148357000
    },
    {
        "date": "2015-09-26",
        "symbol": "ILMN",
        "period": "Q3",
        "profitloss": 115621000,
        "othercomprehensiveincomeunrealizedholdinggainlossonsecuritiesarisingduringperiodnetoftax": 441000,
        "comprehensiveincomenetoftaxincludingportionattributabletononcontrollinginterest": 116062000,
        "comprehensiveincomenetoftaxattributabletononcontrollinginterest": -2556000,
        "comprehensiveincomenetoftax": 118618000,
        "salesrevenuegoodsnet": 470824000,
        "salesrevenueservicesnet": 79447000,
        "salesrevenuenet": 550271000,
        "costofgoodssold": 120954000,
        "costofservices": 29590000,
        "costofgoodsandservicessoldamortizationofacquiredintangibleassets": 12188000,
        "costofrevenue": 162732000,
        "grossprofit": 387539000,
        "researchanddevelopmentexpense": 99226000,
        "sellinggeneralandadministrativeexpense": 136648000,
        "losscontingencylossinperiod": 15000000,
        "businessexitcosts1": -5226000,
        "businesscombinationacquisitionrelatedgainlossnet": 1109000,
        "operatingexpenses": 246757000,
        "operatingincomeloss": 140782000,
        "investmentincomeinterest": 2767000,
        "interestexpense": 12821000,
        "costmethodinvestmentsrealizedgainloss": 2900000,
        "othernonoperatingincomeexpense": -4711000,
        "nonoperatingincomeexpense": -11865000,
        "incomelossfromcontinuingoperationsbeforeincometaxesextraordinaryitemsnoncontrollinginterest": 128917000,
        "incometaxexpensebenefit": 13296000,
        "netincomelossattributabletononcontrollinginterest": -2556000,
        "netincomeloss": 118177000,
        "earningspersharebasic": 0.81,
        "earningspersharediluted": 0.79,
        "weightedaveragenumberofsharesoutstandingbasic": 145349000,
        "weightedaveragenumberofdilutedsharesoutstanding": 149672000
    },
    {
        "date": "2015-06-27",
        "symbol": "ILMN",
        "period": "Q2",
        "netincomeloss": 102247000,
        "othercomprehensiveincomeunrealizedholdinggainlossonsecuritiesarisingduringperiodnetoftax": -1735000,
        "comprehensiveincomenetoftax": 100512000,
        "salesrevenuegoodsnet": 462760000,
        "salesrevenueservicesnet": 76618000,
        "salesrevenuenet": 539378000,
        "costofgoodssold": 119459000,
        "costofservices": 32170000,
        "costofgoodsandservicessoldamortizationofacquiredintangibleassets": 11384000,
        "costofrevenue": 163013000,
        "grossprofit": 376365000,
        "researchanddevelopmentexpense": 96182000,
        "sellinggeneralandadministrativeexpense": 124441000,
        "acquisitionrelatedgainexpensenet": 2329000,
        "headquarterrelocationexpense": 1480000,
        "operatingexpenses": 224432000,
        "operatingincomeloss": 151933000,
        "investmentincomeinterest": 1344000,
        "interestexpense": 11205000,
        "costmethodinvestmentsrealizedgainloss": 0,
        "othernonoperatingincomeexpense": -900000,
        "nonoperatingincomeexpense": -10761000,
        "incomelossfromcontinuingoperationsbeforeincometaxesminorityinterestandincomelossfromequitymethodinvestments": 141172000,
        "incometaxexpensebenefit": 38925000,
        "earningspersharebasic": 0.71,
        "earningspersharediluted": 0.6900000000000001,
        "weightedaveragenumberofsharesoutstandingbasic": 225000,
        "weightedaveragenumberofdilutedsharesoutstanding": 143000
    },
    {
        "date": "2015-03-28",
        "symbol": "ILMN",
        "period": "Q1",
        "netincomeloss": 136658000,
        "othercomprehensiveincomeunrealizedholdinggainlossonsecuritiesarisingduringperiodnetoftax": 3414000,
        "comprehensiveincomenetoftax": 140072000,
        "salesrevenuegoodsnet": 459127000,
        "salesrevenueservicesnet": 79438000,
        "salesrevenuenet": 538565000,
        "costofgoodssold": 119624000,
        "costofservices": 32529000,
        "costofgoodsandservicessoldamortizationofacquiredintangibleassets": 11385000,
        "costofrevenue": 163538000,
        "grossprofit": 375027000,
        "researchanddevelopmentexpense": 91772000,
        "sellinggeneralandadministrativeexpense": 116317000,
        "acquisitionrelatedgainexpensenet": -9887000,
        "headquarterrelocationexpense": 699000,
        "operatingexpenses": 198901000,
        "operatingincomeloss": 176126000,
        "investmentincomeinterest": 1693000,
        "interestexpense": 11164000,
        "costmethodinvestmentsrealizedgainloss": 12582000,
        "othernonoperatingincomeexpense": -1191000,
        "nonoperatingincomeexpense": 1920000,
        "incomelossfromcontinuingoperationsbeforeincometaxesminorityinterestandincomelossfromequitymethodinvestments": 178046000,
        "incometaxexpensebenefit": 41388000,
        "earningspersharebasic": 0.95,
        "earningspersharediluted": 0.92,
        "weightedaveragenumberofsharesoutstandingbasic": 143771000,
        "weightedaveragenumberofdilutedsharesoutstanding": 148683000
    },
    {
        "date": "2014-09-27",
        "symbol": "ILMN",
        "period": "Q3",
        "netincomeloss": 93489000,
        "othercomprehensiveincomeunrealizedholdinggainlossonsecuritiesarisingduringperiodnetoftax": -972000,
        "comprehensiveincomenetoftax": 92517000,
        "salesrevenuegoodsnet": 416163000,
        "salesrevenueservicesnet": 64467000,
        "salesrevenuenet": 480630000,
        "costofgoodssold": 113103000,
        "costofservices": 23909000,
        "costofgoodsandservicessoldamortizationofacquiredintangibleassets": 9677000,
        "costofgoodsandservicessold": 146689000,
        "grossprofit": 333941000,
        "researchanddevelopmentexpense": 85082000,
        "sellinggeneralandadministrativeexpense": 119888000,
        "losscontingencylossinperiod": 7705000,
        "acquisitionrelatedgainexpensenet": 903000,
        "headquarterrelocationexpense": 870000,
        "operatingexpenses": 214448000,
        "operatingincomeloss": 119493000,
        "investmentincomeinterest": 534000,
        "interestexpense": 10987000,
        "costmethodinvestmentsrealizedgainloss": 4427000,
        "othernonoperatingincomeexpense": -1024000,
        "nonoperatingincomeexpense": -7050000,
        "incomelossfromcontinuingoperationsbeforeincometaxesminorityinterestandincomelossfromequitymethodinvestments": 112443000,
        "incometaxexpensebenefit": 18954000,
        "earningspersharebasic": 0.66,
        "earningspersharediluted": 0.63,
        "weightedaveragenumberofsharesoutstandingbasic": 141142000,
        "weightedaveragenumberofdilutedsharesoutstanding": 147512000
    },
    {
        "date": "2014-06-28",
        "symbol": "ILMN",
        "period": "Q2",
        "netincomeloss": 46605000,
        "othercomprehensiveincomeunrealizedholdinggainlossonsecuritiesarisingduringperiodnetoftax": 125000,
        "comprehensiveincomenetoftax": 46730000,
        "salesrevenuegoodsnet": 390808000,
        "salesrevenueservicesnet": 56760000,
        "salesrevenuenet": 447568000,
        "costofgoodssold": 114307000,
        "costofservices": 23176000,
        "costofgoodsandservicessoldamortizationofacquiredintangibleassets": 9545000,
        "costofgoodsandservicessold": 147028000,
        "grossprofit": 300540000,
        "researchanddevelopmentexpense": 82985000,
        "sellinggeneralandadministrativeexpense": 114649000,
        "headquarterrelocationexpense": 2892000,
        "acquisitionrelatedgainexpensenet": -225000,
        "losscontingencylossinperiod": 4900000,
        "operatingexpenses": 200301000,
        "operatingincomeloss": 100239000,
        "investmentincomeinterest": 1464000,
        "interestexpense": 9922000,
        "othernonoperatingincomeexpense": -31315000,
        "nonoperatingincomeexpense": -39773000,
        "incomelossfromcontinuingoperationsbeforeincometaxesminorityinterestandincomelossfromequitymethodinvestments": 60466000,
        "incometaxexpensebenefit": 13861000,
        "earningspersharebasic": 0.35,
        "earningspersharediluted": 0.30999999999999994,
        "weightedaveragenumberofsharesoutstandingbasic": 1219000,
        "weightedaveragenumberofdilutedsharesoutstanding": -749000
    },
    {
        "date": "2014-03-29",
        "symbol": "ILMN",
        "period": "Q1",
        "netincomeloss": 59977000,
        "othercomprehensiveincomeunrealizedholdinggainlossonsecuritiesarisingduringperiodnetoftax": -26000,
        "comprehensiveincomenetoftax": 59951000,
        "salesrevenuegoodsnet": 362211000,
        "salesrevenueservicesnet": 58570000,
        "salesrevenuenet": 420781000,
        "costofgoodssold": 111441000,
        "costofservices": 21513000,
        "costofgoodsandservicessoldamortizationofacquiredintangibleassets": 9535000,
        "costofgoodsandservicessold": 142489000,
        "grossprofit": 278292000,
        "researchanddevelopmentexpense": 77041000,
        "sellinggeneralandadministrativeexpense": 109573000,
        "acquisitionrelatedgainexpensenet": -1013000,
        "headquarterrelocationexpense": 595000,
        "losscontingencylossinperiod": 5800000,
        "operatingexpenses": 186196000,
        "operatingincomeloss": 92096000,
        "investmentincomeinterest": 956000,
        "interestexpense": 9743000,
        "othernonoperatingincomeexpense": 479000,
        "nonoperatingincomeexpense": -8308000,
        "incomelossfromcontinuingoperationsbeforeincometaxesminorityinterestandincomelossfromequitymethodinvestments": 83788000,
        "incometaxexpensebenefit": 23811000,
        "earningspersharebasic": 0.47,
        "earningspersharediluted": 0.4,
        "weightedaveragenumberofsharesoutstandingbasic": 128146000,
        "weightedaveragenumberofdilutedsharesoutstanding": 150619000
    },
    {
        "date": "2013-09-28",
        "symbol": "ILMN",
        "period": "Q3",
        "netincomeloss": 31357000,
        "othercomprehensiveincomeunrealizedholdinggainlossonsecuritiesarisingduringperiodnetoftax": 205000,
        "comprehensiveincomenetoftax": 31562000,
        "salesrevenuegoodsnet": 318603000,
        "salesrevenueservicesnet": 38197000,
        "salesrevenuenet": 356800000,
        "costofgoodssold": 119954000,
        "costofservices": 17643000,
        "costofgoodsandservicessoldamortizationofacquiredintangibleassets": 9263000,
        "costofgoodsandservicessold": 146860000,
        "grossprofit": 209940000,
        "researchanddevelopmentexpense": 70957000,
        "sellinggeneralandadministrativeexpense": 95617000,
        "acquisitionrelatedgainexpensenet": -3942000,
        "unsolicitedtenderoffercosts": 1326000,
        "headquarterrelocationexpense": 518000,
        "losscontingencylossinperiod": -8100000,
        "operatingexpenses": 164476000,
        "operatingincomeloss": 45464000,
        "investmentincomeinterest": 1267000,
        "interestexpense": 9954000,
        "othernonoperatingincomeexpense": 370000,
        "nonoperatingincomeexpense": -8317000,
        "incomelossfromcontinuingoperationsbeforeincometaxesminorityinterestandincomelossfromequitymethodinvestments": 37147000,
        "incometaxexpensebenefit": 5790000,
        "earningspersharebasic": 0.25,
        "earningspersharediluted": 0.21999999999999997,
        "weightedaveragenumberofsharesoutstandingbasic": 467000,
        "weightedaveragenumberofdilutedsharesoutstanding": 985000
    },
    {
        "date": "2013-06-29",
        "symbol": "ILMN",
        "period": "Q2",
        "netincomeloss": 35877000,
        "othercomprehensiveincomeunrealizedholdinggainlossonsecuritiesarisingduringperiodnetoftax": -540000,
        "comprehensiveincomenetoftax": 35337000,
        "salesrevenuegoodsnet": 313497000,
        "salesrevenueservicesnet": 32597000,
        "salesrevenuenet": 346094000,
        "costofgoodssold": 98150000,
        "costofservices": 15951000,
        "costofgoodsandservicessoldamortizationofacquiredintangibleassets": 8584000,
        "costofgoodsandservicessold": 122685000,
        "grossprofit": 223409000,
        "researchanddevelopmentexpense": 67608000,
        "sellinggeneralandadministrativeexpense": 88700000,
        "losscontingencylossinperiod": 16800000,
        "acquisitionrelatedgainexpensenet": -5725000,
        "unsolicitedtenderoffercosts": 4811000,
        "headquarterrelocationexpense": -1507000,
        "operatingexpenses": 163403000,
        "operatingincomeloss": 60006000,
        "investmentincomeinterest": 722000,
        "interestexpense": 10045000,
        "costmethodinvestmentsrealizedgainloss": 0,
        "othernonoperatingincomeexpense": -1323000,
        "nonoperatingincomeexpense": -10646000,
        "incomelossfromcontinuingoperationsbeforeincometaxesminorityinterestandincomelossfromequitymethodinvestments": 49360000,
        "incometaxexpensebenefit": 13483000,
        "earningspersharebasic": 0.29,
        "earningspersharediluted": 0.28,
        "weightedaveragenumberofsharesoutstandingbasic": 297000,
        "weightedaveragenumberofdilutedsharesoutstanding": 13877000
    },
    {
        "date": "2013-03-30",
        "symbol": "ILMN",
        "period": "Q1",
        "netincomeloss": -22587000,
        "othercomprehensiveincomeunrealizedholdinggainlossonsecuritiesarisingduringperiodnetoftax": -420000,
        "comprehensiveincomenetoftax": -23007000,
        "salesrevenuegoodsnet": 296170000,
        "salesrevenueservicesnet": 34788000,
        "salesrevenuenet": 330958000,
        "costofgoodssold": 89978000,
        "costofservices": 15138000,
        "costofgoodsandservicessoldamortizationofacquiredintangibleassets": 6550000,
        "costofgoodsandservicessold": 111666000,
        "grossprofit": 219292000,
        "researchanddevelopmentexpense": 61450000,
        "sellinggeneralandadministrativeexpense": 85074000,
        "losscontingencylossinperiod": 105900000,
        "unsolicitedtenderoffercosts": 7484000,
        "acquisitionrelatedgainexpensenet": 3821000,
        "headquarterrelocationexpense": 757000,
        "operatingexpenses": 264439000,
        "operatingincomeloss": -45147000,
        "costmethodinvestmentsrealizedgainloss": 6113000,
        "investmentincomeinterest": 1933000,
        "interestexpense": 9747000,
        "othernonoperatingincomeexpense": -714000,
        "nonoperatingincomeexpense": -2415000,
        "incomelossfromcontinuingoperationsbeforeincometaxesminorityinterestandincomelossfromequitymethodinvestments": -47562000,
        "incometaxexpensebenefit": -24975000,
        "earningspersharebasic": -0.18,
        "earningspersharediluted": -0.18,
        "weightedaveragenumberofsharesoutstandingbasic": 123768000,
        "weightedaveragenumberofdilutedsharesoutstanding": 123768000
    },
    {
        "date": "2012-12-29",
        "symbol": "ILMN",
        "period": "Q4",
        "netincomeloss": 71903000,
        "othercomprehensiveincomeunrealizedholdinggainlossonsecuritiesarisingduringperiodnetoftax": -324000,
        "comprehensiveincomenetoftax": 71579000,
        "salesrevenuegoodsnet": 278933000,
        "salesrevenuenet": -757573000,
        "costofgoodssold": 86348000,
        "costofgoodsandservicessoldamortizationofacquiredintangibleassets": 4479000,
        "costofgoodsandservicessold": 105618000,
        "grossprofit": 203647000,
        "researchanddevelopmentexpense": 56907000,
        "sellinggeneralandadministrativeexpense": 79715000,
        "headquarterrelocationexpense": 2883000,
        "unsolicitedtenderoffercosts": 4394000,
        "restructuringcharges": -656000,
        "acquisitionrelatedgainexpensenet": 314000,
        "operatingexpenses": 144301000,
        "operatingincomeloss": 59346000,
        "investmentincomeinterest": 8838000,
        "interestexpense": 9586000,
        "othernonoperatingincomeexpense": -606000,
        "nonoperatingincomeexpense": 44557000,
        "incomelossfromcontinuingoperationsbeforeincometaxesminorityinterestandincomelossfromequitymethodinvestments": 103903000,
        "incometaxexpensebenefit": 32000000,
        "earningspersharebasic": 0.5900000000000001,
        "earningspersharediluted": 0.53,
        "weightedaveragenumberofsharesoutstandingbasic": -245787000,
        "weightedaveragenumberofdilutedsharesoutstanding": -265684000
    },
    {
        "date": "2012-09-29",
        "symbol": "ILMN",
        "period": "Q3",
        "netincomeloss": 29748000,
        "othercomprehensiveincomeunrealizedholdinggainlossonsecuritiesarisingduringperiodnetoftax": 244000,
        "comprehensiveincomenetoftax": 29992000,
        "salesrevenuegoodsnet": 262418000,
        "serviceandotherrevenue": 23456000,
        "salesrevenuenet": 285874000,
        "costofgoodssold": 75873000,
        "costofserviceandotherrevenue": 10540000,
        "costofgoodsandservicessoldamortizationofacquiredintangibleassets": 3588000,
        "costofgoodsandservicessold": 90001000,
        "grossprofit": 195873000,
        "researchanddevelopmentexpense": 54056000,
        "sellinggeneralandadministrativeexpense": 69791000,
        "unsolicitedtenderoffercosts": 3956000,
        "restructuringcharges": 138000,
        "headquarterrelocationexpense": 19475000,
        "acquisitionrelatedgainexpensenet": -357000,
        "operatingexpenses": 147059000,
        "operatingincomeloss": 48814000,
        "investmentincomeinterest": 3459000,
        "interestexpense": 9483000,
        "othernonoperatingincomeexpense": 855000,
        "nonoperatingincomeexpense": -5169000,
        "incomelossfromcontinuingoperationsbeforeincometaxesminorityinterestandincomelossfromequitymethodinvestments": 43645000,
        "incometaxexpensebenefit": 13897000,
        "earningspersharebasic": 0.24,
        "earningspersharediluted": 0.22,
        "weightedaveragenumberofsharesoutstandingbasic": 122930000,
        "weightedaveragenumberofdilutedsharesoutstanding": 132507000
    },
    {
        "date": "2012-06-30",
        "symbol": "ILMN",
        "period": "Q2",
        "netincomeloss": 23401000,
        "othercomprehensiveincomeunrealizedholdinggainlossonsecuritiesarisingduringperiodnetoftax": -59000,
        "comprehensiveincomenetoftax": 23342000,
        "salesrevenuegoodsnet": 258839000,
        "serviceandotherrevenue": 21768000,
        "salesrevenuenet": 280607000,
        "costofgoodssold": 74911000,
        "costofserviceandotherrevenue": 9656000,
        "costofgoodsandservicessoldamortizationofacquiredintangibleassets": 3043000,
        "costofgoodsandservicessold": 87610000,
        "grossprofit": 192997000,
        "researchanddevelopmentexpense": 71223000,
        "sellinggeneralandadministrativeexpense": 68516000,
        "unsolicitedtenderoffercosts": 6694000,
        "restructuringcharges": 674000,
        "headquarterrelocationexpense": 1830000,
        "acquisitionrelatedgainexpensenet": 1080000,
        "operatingexpenses": 150017000,
        "operatingincomeloss": 42980000,
        "investmentincomeinterest": 1385000,
        "interestexpense": 9508000,
        "othernonoperatingincomeexpense": -70000,
        "nonoperatingincomeexpense": -8193000,
        "incomelossfromcontinuingoperationsbeforeincometaxesminorityinterestandincomelossfromequitymethodinvestments": 34787000,
        "incometaxexpensebenefit": 11386000,
        "earningspersharebasic": 0.19,
        "earningspersharediluted": 0.18,
        "weightedaveragenumberofsharesoutstandingbasic": 123214000,
        "weightedaveragenumberofdilutedsharesoutstanding": 133011000
    },
    {
        "date": "2012-03-31",
        "symbol": "ILMN",
        "period": "Q1",
        "netincomeloss": 26202000,
        "othercomprehensiveincomeunrealizedholdinggainlossonsecuritiesarisingduringperiodnetoftax": 145000,
        "comprehensiveincomenetoftax": 26347000,
        "salesrevenuegoodsnet": 255636000,
        "serviceandotherrevenue": 17134000,
        "salesrevenuenet": 272770000,
        "costofgoodssold": 80151000,
        "costofserviceandotherrevenue": 8565000,
        "costofgoodsandservicessoldamortizationofacquiredintangibleassets": 3043000,
        "costofgoodsandservicessold": 91759000,
        "grossprofit": 181011000,
        "researchanddevelopmentexpense": 48839000,
        "sellinggeneralandadministrativeexpense": 67969000,
        "unsolicitedtenderoffercosts": 8092000,
        "restructuringcharges": 365000,
        "headquarterrelocationexpense": 2140000,
        "acquisitionrelatedgainexpensenet": 1737000,
        "operatingexpenses": 131399000,
        "operatingincomeloss": 49612000,
        "investmentincomeinterest": 2526000,
        "interestexpense": 9202000,
        "othernonoperatingincomeexpense": -2663000,
        "nonoperatingincomeexpense": -9339000,
        "incomelossfromcontinuingoperationsbeforeincometaxesminorityinterestandincomelossfromequitymethodinvestments": 40273000,
        "incometaxexpensebenefit": 14071000,
        "earningspersharebasic": 0.21,
        "earningspersharediluted": 0.2,
        "weightedaveragenumberofsharesoutstandingbasic": 122642000,
        "weightedaveragenumberofdilutedsharesoutstanding": 133859000
    },
    {
        "date": "2011-12-31",
        "symbol": "ILMN",
        "period": "Q4",
        "salesrevenuegoodsnet": 230396000,
        "serviceandotherrevenue": 19675000,
        "salesrevenuenet": -276741000,
        "costofgoodssold": 69509000,
        "costofserviceandotherrevenue": 6940000,
        "costofgoodsandservicessold": 79485000,
        "grossprofit": 170586000,
        "researchanddevelopmentexpense": 45513000,
        "sellinggeneralandadministrativeexpense": 60648000,
        "operatingexpenses": 143287000,
        "operatingincomeloss": 27299000,
        "investmentincomeinterest": 2143000,
        "interestexpense": 9185000,
        "othernonoperatingincomeexpense": -35000,
        "nonoperatingincomeexpense": -7077000,
        "incomelossfromcontinuingoperationsbeforeincometaxesminorityinterestandincomelossfromequitymethodinvestments": 20222000,
        "incometaxexpensebenefit": 8502000,
        "netincomeloss": 11720000,
        "earningspersharebasic": 0.08999999999999991,
        "earningspersharediluted": 0.08999999999999997,
        "weightedaveragenumberofsharesoutstandingbasic": -248653000,
        "weightedaveragenumberofdilutedsharesoutstanding": -291923000
    },
    {
        "date": "2011-10-01",
        "symbol": "ILMN",
        "period": "Q3",
        "salesrevenuegoodsnet": 220296000,
        "serviceandotherrevenue": 15203000,
        "salesrevenuenet": 235499000,
        "costofgoodssold": 68764000,
        "costofserviceandotherrevenue": 6585000,
        "amortizationofintangibleassets": 3035000,
        "costofgoodsandservicessold": 78384000,
        "grossprofit": 157115000,
        "researchanddevelopmentexpense": 50399000,
        "sellinggeneralandadministrativeexpense": 66031000,
        "acquisitionrelatedgainexpensenet": -2598000,
        "headquarterrelocationexpense": 6519000,
        "operatingexpenses": 120351000,
        "operatingincomeloss": 36764000,
        "investmentincomeinterest": 1388000,
        "interestexpense": 8797000,
        "othernonoperatingincomeexpense": -1564000,
        "nonoperatingincomeexpense": -8973000,
        "incomelossfromcontinuingoperationsbeforeincometaxesminorityinterestandincomelossfromequitymethodinvestments": 27791000,
        "incometaxexpensebenefit": 7640000,
        "netincomeloss": 20151000,
        "earningspersharebasic": 0.17,
        "earningspersharediluted": 0.15,
        "weightedaveragenumberofsharesoutstandingbasic": 122079000,
        "weightedaveragenumberofdilutedsharesoutstanding": 135966000
    },
    {
        "date": "2011-07-02",
        "symbol": "ILMN",
        "period": "Q2",
        "salesrevenuegoodsnet": 269871000,
        "serviceandotherrevenue": 17579000,
        "salesrevenuenet": 287450000,
        "costofgoodssold": 84518000,
        "costofserviceandotherrevenue": 6541000,
        "amortizationofintangibleassets": 3035000,
        "costofgoodsandservicessold": 94094000,
        "grossprofit": 193356000,
        "researchanddevelopmentexpense": 50801000,
        "sellinggeneralandadministrativeexpense": 69233000,
        "acquisitionrelatedgainexpensenet": 4770000,
        "headquaterrelocationexpense": 2542000,
        "operatingexpenses": 127346000,
        "operatingincomeloss": 66010000,
        "investmentincomeinterest": 1981000,
        "interestexpense": 9418000,
        "othernonoperatingincomeexpense": -9549000,
        "nonoperatingincomeexpense": -16986000,
        "incomelossfromcontinuingoperationsbeforeincometaxesminorityinterestandincomelossfromequitymethodinvestments": 49024000,
        "incometaxexpensebenefit": 18404000,
        "netincomeloss": 30620000,
        "earningspersharebasic": 0.25,
        "earningspersharediluted": 0.22,
        "weightedaveragenumberofsharesoutstandingbasic": 123456000,
        "weightedaveragenumberofdilutedsharesoutstanding": 141765000
    },
    {
        "date": "2011-04-02",
        "symbol": "ILMN",
        "period": "Q1",
        "salesrevenuegoodsnet": 266717000,
        "serviceandotherrevenue": 15798000,
        "salesrevenuenet": 282515000,
        "costofgoodssold": 85437000,
        "costofserviceandotherrevenue": 6052000,
        "amortizationofintangibleassets": 2985000,
        "costofgoodsandservicessold": 94474000,
        "grossprofit": 188041000,
        "researchanddevelopmentexpense": 50200000,
        "sellinggeneralandadministrativeexpense": 65931000,
        "accelerateddepreciation": 2522000,
        "operatingexpenses": 118653000,
        "operatingincomeloss": 69388000,
        "investmentincomeinterest": 1540000,
        "interestexpense": 7390000,
        "othernonoperatingincomeexpense": -27530000,
        "nonoperatingincomeexpense": -33380000,
        "incomelossfromcontinuingoperationsbeforeincometaxesminorityinterestandincomelossfromequitymethodinvestments": 36008000,
        "incometaxexpensebenefit": 11871000,
        "netincomeloss": 24137000,
        "earningspersharebasic": 0.19,
        "earningspersharediluted": 0.16,
        "weightedaveragenumberofsharesoutstandingbasic": 126517000,
        "weightedaveragenumberofdilutedsharesoutstanding": 153129000
    },
    {
        "date": "2010-07-03",
        "symbol": "ILMN",
        "period": "Q2",
        "salesrevenuegoodsnet": 198538000,
        "serviceandotherrevenue": 13465000,
        "salesrevenuenet": 212003000,
        "costofgoodssold": 59627000,
        "costofserviceandotherrevenue": 4690000,
        "amortizationofintangibleassets": 1595000,
        "costofgoodsandservicessold": 65912000,
        "grossprofit": 146091000,
        "researchanddevelopmentexpense": 43667000,
        "sellinggeneralandadministrativeexpense": 53671000,
        "researchanddevelopmentinprocess": 1325000,
        "operatingexpenses": 98663000,
        "operatingincomeloss": 47428000,
        "investmentincomeinterest": 1751000,
        "interestexpense": 6134000,
        "othernonoperatingincomeexpense": 3481000,
        "nonoperatingincomeexpense": -902000,
        "incomelossfromcontinuingoperationsbeforeincometaxesminorityinterestandincomelossfromequitymethodinvestments": 46526000,
        "incometaxexpensebenefit": 16730000,
        "netincomeloss": 29796000,
        "earningspersharebasic": 0.24,
        "earningspersharediluted": 0.21,
        "weightedaveragenumberofsharesoutstandingbasic": 123095000,
        "weightedaveragenumberofdilutedsharesoutstanding": 140951000
    }
]