[
    {
        "date": "2024-09-26",
        "symbol": "DHR",
        "period": "Q3",
        "revenuefromcontractwithcustomerexcludingassessedtax": 5798000000,
        "costofgoodsandservicessold": 2397000000,
        "grossprofit": 3401000000,
        "sellinggeneralandadministrativeexpense": 2060000000,
        "researchanddevelopmentexpense": 383000000,
        "operatingincomeloss": 958000000,
        "othernonoperatingincomeexpense": 102000000,
        "interestexpensenonoperating": 87000000,
        "investmentincomeinterest": 4000000,
        "incomelossfromcontinuingoperationsbeforeincometaxesextraordinaryitemsnoncontrollinginterest": 977000000,
        "incometaxexpensebenefit": 159000000,
        "incomelossfromcontinuingoperations": 818000000,
        "netincomeloss": 818000000,
        "netincomelossavailabletocommonstockholdersbasic": 818000000,
        "incomelossfromcontinuingoperationsperbasicshare": 1.13,
        "incomelossfromcontinuingoperationsperdilutedshare": 1.12,
        "earningspersharebasic": 1.13,
        "earningspersharediluted": 1.12,
        "weightedaveragenumberofsharesoutstandingbasic": 723000000,
        "weightedaveragenumberofdilutedsharesoutstanding": 729400000,
        "othercomprehensiveincomelossforeigncurrencytransactionandtranslationadjustmentnetoftax": 1216000000,
        "othercomprehensiveincomelosspensionandotherpostretirementbenefitplansadjustmentnetoftax": -2000000,
        "othercomprehensiveincomelosscashflowhedgegainlossafterreclassificationandtax": 63000000,
        "othercomprehensiveincomelossnetoftax": 1281000000,
        "comprehensiveincomenetoftax": 2099000000
    },
    {
        "date": "2024-06-27",
        "symbol": "DHR",
        "period": "Q2",
        "revenuefromcontractwithcustomerexcludingassessedtax": 5743000000,
        "costofgoodsandservicessold": 2315000000,
        "grossprofit": 3428000000,
        "sellinggeneralandadministrativeexpense": 1869000000,
        "researchanddevelopmentexpense": 391000000,
        "operatingincomeloss": 1168000000,
        "othernonoperatingincomeexpense": -59000000,
        "interestexpensenonoperating": 65000000,
        "investmentincomeinterest": 39000000,
        "incomelossfromcontinuingoperationsbeforeincometaxesextraordinaryitemsnoncontrollinginterest": 1083000000,
        "incometaxexpensebenefit": 176000000,
        "incomelossfromcontinuingoperations": 907000000,
        "netincomeloss": 907000000,
        "netincomelossavailabletocommonstockholdersbasic": 907000000,
        "incomelossfromcontinuingoperationsperbasicshare": 1.23,
        "incomelossfromcontinuingoperationsperdilutedshare": 1.22,
        "earningspersharebasic": 1.23,
        "earningspersharediluted": 1.22,
        "weightedaveragenumberofsharesoutstandingbasic": 737600000,
        "weightedaveragenumberofdilutedsharesoutstanding": 742400000,
        "othercomprehensiveincomelossforeigncurrencytransactionandtranslationadjustmentnetoftax": 121000000,
        "othercomprehensiveincomelosspensionandotherpostretirementbenefitplansadjustmentnetoftax": -2000000,
        "othercomprehensiveincomelosscashflowhedgegainlossafterreclassificationandtax": 30000000,
        "othercomprehensiveincomelossnetoftax": 153000000,
        "comprehensiveincomenetoftax": 1060000000
    },
    {
        "date": "2024-03-28",
        "symbol": "DHR",
        "period": "Q1",
        "revenuefromcontractwithcustomerexcludingassessedtax": 5796000000,
        "costofgoodsandservicessold": 2309000000,
        "grossprofit": 3487000000,
        "sellinggeneralandadministrativeexpense": 1807000000,
        "researchanddevelopmentexpense": 368000000,
        "operatingincomeloss": 1312000000,
        "othernonoperatingincomeexpense": -36000000,
        "interestexpense": 65000000,
        "investmentincomeinterest": 60000000,
        "incomelossfromcontinuingoperationsbeforeincometaxesextraordinaryitemsnoncontrollinginterest": 1271000000,
        "incometaxexpensebenefit": 183000000,
        "incomelossfromcontinuingoperations": 1088000000,
        "netincomeloss": 1088000000,
        "netincomelossavailabletocommonstockholdersbasic": 1088000000,
        "incomelossfromcontinuingoperationsperbasicshare": 1.47,
        "incomelossfromcontinuingoperationsperdilutedshare": 1.45,
        "earningspersharebasic": 1.47,
        "earningspersharediluted": 1.45,
        "weightedaveragenumberofsharesoutstandingbasic": 740600000,
        "weightedaveragenumberofdilutedsharesoutstanding": 748600000,
        "othercomprehensiveincomelossforeigncurrencytransactionandtranslationadjustmentnetoftax": -948000000,
        "othercomprehensiveincomelosspensionandotherpostretirementbenefitplansadjustmentnetoftax": -2000000,
        "othercomprehensiveincomelosscashflowhedgegainlossafterreclassificationandtax": -50000000,
        "othercomprehensiveincomelossnetoftax": -996000000,
        "comprehensiveincomenetoftax": 92000000
    },
    {
        "date": "2022-09-29",
        "symbol": "DHR",
        "period": "Q3",
        "revenuefromcontractwithcustomerexcludingassessedtax": 7663000000,
        "costofgoodsandservicessold": 3079000000,
        "grossprofit": 4584000000,
        "sellinggeneralandadministrativeexpense": 2149000000,
        "researchanddevelopmentexpense": 420000000,
        "operatingincomeloss": 2015000000,
        "othernonoperatingincomeexpense": -51000000,
        "interestexpense": 42000000,
        "investmentincomeinterest": 9000000,
        "incomelossfromcontinuingoperationsbeforeincometaxesextraordinaryitemsnoncontrollinginterest": 1931000000,
        "incometaxexpensebenefit": 359000000,
        "incomelossfromcontinuingoperations": 1572000000,
        "netincomeloss": 1572000000,
        "preferredstockdividendsincomestatementimpact": 21000000,
        "netincomelossavailabletocommonstockholdersbasic": 1551000000,
        "incomelossfromcontinuingoperationsperbasicshare": 2.13,
        "incomelossfromcontinuingoperationsperdilutedshare": 2.1,
        "earningspersharebasic": 2.13,
        "earningspersharediluted": 2.1,
        "weightedaveragenumberofsharesoutstandingbasic": 728500000,
        "weightedaveragenumberofdilutedsharesoutstanding": 737400000,
        "othercomprehensiveincomelossforeigncurrencytransactionandtranslationadjustmentnetoftax": -1039000000,
        "othercomprehensiveincomelosspensionandotherpostretirementbenefitplansadjustmentnetoftax": -7000000,
        "othercomprehensiveincomelosscashflowhedgegainlossafterreclassificationandtax": -77000000,
        "othercomprehensiveincomelossnetoftax": -1109000000,
        "comprehensiveincomenetoftax": 463000000
    },
    {
        "date": "2022-06-30",
        "symbol": "DHR",
        "period": "Q2",
        "revenuefromcontractwithcustomerexcludingassessedtax": 7751000000,
        "costofgoodsandservicessold": 3030000000,
        "grossprofit": 4721000000,
        "sellinggeneralandadministrativeexpense": 2085000000,
        "researchanddevelopmentexpense": 431000000,
        "operatingincomeloss": 2205000000,
        "othernonoperatingincomeexpense": -87000000,
        "interestexpense": 51000000,
        "investmentincomeinterest": 2000000,
        "incomelossfromcontinuingoperationsbeforeincometaxesextraordinaryitemsnoncontrollinginterest": 2069000000,
        "incometaxexpensebenefit": 389000000,
        "incomelossfromcontinuingoperations": 1680000000,
        "netincomeloss": 1680000000,
        "preferredstockdividendsincomestatementimpact": 22000000,
        "netincomelossavailabletocommonstockholdersbasic": 1658000000,
        "incomelossfromcontinuingoperationsperbasicshare": 2.28,
        "incomelossfromcontinuingoperationsperdilutedshare": 2.25,
        "earningspersharebasic": 2.28,
        "earningspersharediluted": 2.25,
        "weightedaveragenumberofsharesoutstandingbasic": 726700000,
        "weightedaveragenumberofdilutedsharesoutstanding": 736000000,
        "othercomprehensiveincomelossforeigncurrencytransactionandtranslationadjustmentnetoftax": -1442000000,
        "othercomprehensiveincomelosspensionandotherpostretirementbenefitplansadjustmentnetoftax": -7000000,
        "othercomprehensiveincomelosscashflowhedgegainlossafterreclassificationandtax": 66000000,
        "othercomprehensiveincomelossnetoftax": -1369000000,
        "comprehensiveincomenetoftax": 311000000
    },
    {
        "date": "2021-07-01",
        "symbol": "DHR",
        "period": "Q2",
        "revenuefromcontractwithcustomerexcludingassessedtax": 7218000000,
        "costofgoodsandservicessold": 2821000000,
        "grossprofit": 4397000000,
        "sellinggeneralandadministrativeexpense": 1966000000,
        "researchanddevelopmentexpense": 426000000,
        "operatingincomeloss": 2005000000,
        "othernonoperatingincomeexpense": 97000000,
        "interestexpense": 62000000,
        "investmentincomeinterest": 3000000,
        "incomelossfromcontinuingoperationsbeforeincometaxesextraordinaryitemsnoncontrollinginterest": 2043000000,
        "incometaxexpensebenefit": 344000000,
        "incomelossfromcontinuingoperations": 1699000000,
        "incomelossfromdiscontinuedoperationsnetoftaxattributabletoreportingentity": 86000000,
        "netincomeloss": 1785000000,
        "preferredstockdividendsincomestatementimpact": 41000000,
        "netincomelossavailabletocommonstockholdersbasic": 1744000000,
        "incomelossfromcontinuingoperationsperbasicshare": 2.32,
        "incomelossfromcontinuingoperationsperdilutedshare": 2.28,
        "incomelossfromdiscontinuedoperationsnetoftaxperbasicshare": 0.12,
        "incomelossfromdiscontinuedoperationsnetoftaxperdilutedshare": 0.12,
        "earningspersharebasic": 2.44,
        "earningspersharediluted": 2.4,
        "weightedaveragenumberofsharesoutstandingbasic": 714500000,
        "weightedaveragenumberofdilutedsharesoutstanding": 736000000,
        "othercomprehensiveincomelossforeigncurrencytransactionandtranslationadjustmentnetoftax": 409000000,
        "othercomprehensiveincomelosspensionandotherpostretirementbenefitplansadjustmentnetoftax": -11000000,
        "othercomprehensiveincomelossavailableforsalesecuritiesadjustmentnetoftax": -1000000,
        "othercomprehensiveincomelosscashflowhedgegainlossafterreclassificationandtax": 228000000,
        "othercomprehensiveincomelossnetoftax": 647000000,
        "comprehensiveincomenetoftax": 2432000000
    },
    {
        "date": "2020-10-01",
        "symbol": "DHR",
        "period": "Q3",
        "revenuefromcontractwithcustomerexcludingassessedtax": 9090100000,
        "costofgoodsandservicessold": 2657700000,
        "grossprofit": 3225500000,
        "sellinggeneralandadministrativeexpense": 1795300000,
        "researchanddevelopmentexpense": 342600000,
        "operatingincomeloss": 1904300000,
        "othernonoperatingincomeexpense": 6400000,
        "interestexpense": 76700000,
        "investmentincomeinterest": 4200000,
        "incomelossfromcontinuingoperationsbeforeincometaxesextraordinaryitemsnoncontrollinginterest": 1021500000,
        "incometaxexpensebenefit": 138000000,
        "incomelossfromcontinuingoperations": 883500000,
        "netincomeloss": 883500000,
        "preferredstockdividendsincomestatementimpact": 41100000,
        "netincomelossavailabletocommonstockholdersbasic": 842400000,
        "incomelossfromcontinuingoperationsperbasicshare": 1.1799999999999997,
        "incomelossfromcontinuingoperationsperdilutedshare": 1.1700000000000002,
        "earningspersharebasic": 1.1799999999999997,
        "earningspersharediluted": 1.1700000000000002,
        "weightedaveragenumberofsharesoutstandingbasic": -697900000,
        "weightedaveragenumberofdilutedsharesoutstanding": -709300000,
        "othercomprehensiveincomelossforeigncurrencytransactionandtranslationadjustmentnetoftax": 922800000,
        "othercomprehensiveincomelosspensionandotherpostretirementbenefitplansadjustmentnetoftax": -8900000,
        "othercomprehensiveincomeunrealizedholdinggainlossonsecuritiesarisingduringperiodnetoftax": 0,
        "othercomprehensiveincomelosscashflowhedgegainlossbeforereclassificationaftertax": -89700000,
        "othercomprehensiveincomelossnetoftax": 696900000,
        "comprehensiveincomenetoftax": 1725500000
    },
    {
        "date": "2020-07-02",
        "symbol": "DHR",
        "period": "Q2",
        "netincomeloss": 927300000,
        "othercomprehensiveincomelossforeigncurrencytransactionandtranslationadjustmentnetoftax": 1076700000,
        "othercomprehensiveincomelosspensionandotherpostretirementbenefitplansadjustmentnetoftax": -7900000,
        "othercomprehensiveincomeunrealizedholdinggainlossonsecuritiesarisingduringperiodnetoftax": 400000,
        "othercomprehensiveincomelosscashflowhedgegainlossbeforereclassificationaftertax": -156800000,
        "othercomprehensiveincomelossnetoftax": 928200000,
        "comprehensiveincomenetoftax": 1855500000,
        "revenuefromcontractwithcustomerexcludingassessedtax": 5297400000,
        "costofgoodsandservicessold": 2444800000,
        "grossprofit": 2852600000,
        "sellinggeneralandadministrativeexpense": 1685400000,
        "researchanddevelopmentexpense": 322600000,
        "operatingincomeloss": 844600000,
        "othernonoperatingincomeexpense": -700000,
        "disposalgroupnotdiscontinuedoperationgainlossondisposal": 454600000,
        "interestexpense": 78600000,
        "investmentincomeinterest": 1000000,
        "incomelossfromcontinuingoperationsbeforeincometaxesextraordinaryitemsnoncontrollinginterest": 1220900000,
        "incometaxexpensebenefit": 293600000,
        "incomelossfromcontinuingoperations": 927300000,
        "preferredstockdividendsincomestatementimpact": 34600000,
        "netincomelossavailabletocommonstockholdersbasic": 892700000,
        "incomelossfromcontinuingoperationsperbasicshare": 1.27,
        "incomelossfromcontinuingoperationsperdilutedshare": 1.24,
        "earningspersharebasic": 1.27,
        "earningspersharediluted": 1.24,
        "weightedaveragenumberofsharesoutstandingbasic": 705100000,
        "weightedaveragenumberofdilutedsharesoutstanding": 718200000
    },
    {
        "date": "2020-04-02",
        "symbol": "DHR",
        "period": "Q1",
        "netincomeloss": 595100000,
        "othercomprehensiveincomelossforeigncurrencytransactionandtranslationadjustmentnetoftax": -153900000,
        "othercomprehensiveincomelosspensionandotherpostretirementbenefitplansadjustmentnetoftax": -8199999.999999999,
        "othercomprehensiveincomeunrealizedholdinggainlossonsecuritiesarisingduringperiodnetoftax": 600000,
        "othercomprehensiveincomelosscashflowhedgegainlossbeforereclassificationaftertax": 422100000,
        "othercomprehensiveincomelossnetoftax": 422100000,
        "comprehensiveincomenetoftax": 872100000,
        "revenuefromcontractwithcustomerexcludingassessedtax": 1136200000,
        "costofgoodsandservicessold": 1900300000,
        "grossprofit": 2442800000,
        "sellinggeneralandadministrativeexpense": 1458300000,
        "researchanddevelopmentexpense": 287000000,
        "operatingincomeloss": -119200000,
        "othernonoperatingincomeexpense": -1500000,
        "interestexpense": 47400000,
        "investmentincomeinterest": 62500000,
        "incomelossfromcontinuingoperationsbeforeincometaxesextraordinaryitemsnoncontrollinginterest": 711100000,
        "incometaxexpensebenefit": 116000000,
        "incomelossfromcontinuingoperations": 595100000,
        "preferredstockdividendsincomestatementimpact": 19600000,
        "netincomelossavailabletocommonstockholdersbasic": 575500000,
        "incomelossfromcontinuingoperationsperbasicshare": 0.83,
        "incomelossfromcontinuingoperationsperdilutedshare": 0.81,
        "earningspersharebasic": 0.83,
        "earningspersharediluted": 0.81,
        "weightedaveragenumberofsharesoutstandingbasic": 697200000,
        "weightedaveragenumberofdilutedsharesoutstanding": 707900000
    },
    {
        "date": "2019-09-26",
        "symbol": "DHR",
        "period": "Q3",
        "profitloss": 673900000,
        "othercomprehensiveincomelossforeigncurrencytransactionandtranslationadjustmentnetoftax": -235800000,
        "othercomprehensiveincomelosspensionandotherpostretirementbenefitplansadjustmentnetoftax": -5800000,
        "othercomprehensiveincomeunrealizedholdinggainlossonsecuritiesarisingduringperiodnetoftax": 500000,
        "othercomprehensiveincomelosscashflowhedgegainlossbeforereclassificationaftertax": -41800000,
        "othercomprehensiveincomelossnetoftax": -271300000,
        "comprehensiveincomenetoftaxincludingportionattributabletononcontrollinginterest": 402600000,
        "comprehensiveincomenetoftaxattributabletononcontrollinginterest": 4700000,
        "comprehensiveincomenetoftax": 397900000,
        "revenuefromcontractwithcustomerexcludingassessedtax": 5037300000,
        "costofgoodsandservicessold": 2228900000,
        "grossprofit": 2808400000,
        "sellinggeneralandadministrativeexpense": 1654700000,
        "researchanddevelopmentexpense": 318900000,
        "operatingincomeloss": 834800000,
        "othernonoperatingincome": 4400000,
        "interestexpense": 26300000,
        "investmentincomeinterest": 30100000,
        "incomelossfromcontinuingoperationsbeforeincometaxesextraordinaryitemsnoncontrollinginterest": 843000000,
        "incometaxexpensebenefit": 169100000,
        "netincomelossattributabletononcontrollinginterest": 5900000,
        "netincomeloss": 668000000,
        "preferredstockdividendsincomestatementimpact": 19600000,
        "netincomelossavailabletocommonstockholdersbasic": 648400000,
        "earningspersharebasic": 0.9,
        "earningspersharediluted": 0.89,
        "weightedaveragenumberofsharesoutstandingbasic": 718800000,
        "weightedaveragenumberofdilutedsharesoutstanding": 729300000
    },
    {
        "date": "2019-06-27",
        "symbol": "DHR",
        "period": "Q2",
        "netincomeloss": 731300000,
        "othercomprehensiveincomelossforeigncurrencytransactionandtranslationadjustmentnetoftax": -46500000,
        "othercomprehensiveincomelosspensionandotherpostretirementbenefitplansadjustmentnetoftax": -4600000,
        "othercomprehensiveincomeunrealizedholdinggainlossonsecuritiesarisingduringperiodnetoftax": 500000,
        "othercomprehensiveincomelosscashflowhedgegainlossbeforereclassificationaftertax": -6800000,
        "othercomprehensiveincomelossnetoftax": -48200000,
        "comprehensiveincomenetoftax": 683100000,
        "revenuefromcontractwithcustomerexcludingassessedtax": 5156600000,
        "costofgoodsandservicessold": 2279200000,
        "grossprofit": 2877400000,
        "sellinggeneralandadministrativeexpense": 1671800000,
        "researchanddevelopmentexpense": 321800000,
        "operatingincomeloss": 883800000,
        "othernonoperatingincome": 6300000,
        "interestexpense": 20600000,
        "investmentincomeinterest": 26200000,
        "incomelossfromcontinuingoperationsbeforeincometaxesextraordinaryitemsnoncontrollinginterest": 895700000,
        "incometaxexpensebenefit": 164400000,
        "preferredstockdividendsincomestatementimpact": 22700000,
        "netincomelossavailabletocommonstockholdersbasic": 708600000,
        "earningspersharebasic": 0.99,
        "earningspersharediluted": 0.97,
        "weightedaveragenumberofsharesoutstandingbasic": 717600000,
        "weightedaveragenumberofdilutedsharesoutstanding": 727900000
    },
    {
        "date": "2019-03-28",
        "symbol": "DHR",
        "period": "Q1",
        "netincomeloss": 333800000,
        "othercomprehensiveincomelossforeigncurrencytransactionandtranslationadjustmentnetoftax": -10800000,
        "othercomprehensiveincomelosspensionandotherpostretirementbenefitplansadjustmentnetoftax": -5400000,
        "othercomprehensiveincomeunrealizedholdinggainlossonsecuritiesarisingduringperiodnetoftax": 400000,
        "othercomprehensiveincomelossnetoftax": -5000000,
        "comprehensiveincomenetoftax": 328800000,
        "revenuefromcontractwithcustomerexcludingassessedtax": 4879900000,
        "costofgoodsandservicessold": 2161900000,
        "grossprofit": 2718000000,
        "sellinggeneralandadministrativeexpense": 1683400000,
        "researchanddevelopmentexpense": 310800000,
        "operatingincomeloss": 723800000,
        "othernonoperatingincome": 5200000,
        "interestexpense": 23300000,
        "investmentincomeinterest": 15700000,
        "incomelossfromcontinuingoperationsbeforeincometaxesextraordinaryitemsnoncontrollinginterest": 721400000,
        "incometaxexpensebenefit": 387600000,
        "preferredstockdividendsincomestatementimpact": 6500000,
        "netincomelossavailabletocommonstockholdersbasic": 327300000,
        "earningspersharebasic": 0.46,
        "earningspersharediluted": 0.46,
        "weightedaveragenumberofsharesoutstandingbasic": 707600000,
        "weightedaveragenumberofdilutedsharesoutstanding": 718500000
    },
    {
        "date": "2018-09-27",
        "symbol": "DHR",
        "period": "Q3",
        "netincomeloss": 663700000,
        "othercomprehensiveincomelossforeigncurrencytransactionandtranslationadjustmentnetoftax": -162400000,
        "othercomprehensiveincomelosspensionandotherpostretirementbenefitplansadjustmentnetoftax": -5900000,
        "othercomprehensiveincomeunrealizedholdinggainlossonsecuritiesarisingduringperiodnetoftax": 0,
        "othercomprehensiveincomelossnetoftax": -169000000,
        "comprehensiveincomenetoftax": 507200000,
        "salesrevenuenet": -1622700000,
        "costofgoodsandservicessold": 2162600000,
        "grossprofit": 2690500000,
        "sellinggeneralandadministrativeexpense": 1558600000,
        "researchanddevelopmentexpense": 301200000,
        "operatingincomeloss": -158900000,
        "othernonoperatingincome": 9100000,
        "interestexpense": 41300000,
        "investmentincomeinterest": 2800000,
        "incomelossfromcontinuingoperationsbeforeincometaxesextraordinaryitemsnoncontrollinginterest": 801300000,
        "incometaxexpensebenefit": 137600000,
        "incomelossfromcontinuingoperations": 663700000,
        "incomelossfromcontinuingoperationsperbasicshare": 0.9500000000000002,
        "incomelossfromcontinuingoperationsperdilutedshare": 0.9300000000000002,
        "earningspersharebasic": 0.9500000000000002,
        "earningspersharediluted": 0.9300000000000002,
        "weightedaveragenumberofsharesoutstandingbasic": -698700000,
        "weightedaveragenumberofdilutedsharesoutstanding": -709100000
    },
    {
        "date": "2018-06-28",
        "symbol": "DHR",
        "period": "Q2",
        "netincomeloss": 673800000,
        "othercomprehensiveincomelossforeigncurrencytransactionandtranslationadjustmentnetoftax": -641100000,
        "othercomprehensiveincomelosspensionandotherpostretirementbenefitplansadjustmentnetoftax": -6700000,
        "othercomprehensiveincomeunrealizedholdinggainlossonsecuritiesarisingduringperiodnetoftax": -100000,
        "othercomprehensiveincomelossnetoftax": -641100000,
        "comprehensiveincomenetoftax": 39300000,
        "salesrevenuenet": 1605200000,
        "costofgoodsandservicessold": 2163900000,
        "grossprofit": 2817100000,
        "sellinggeneralandadministrativeexpense": 1637900000,
        "researchanddevelopmentexpense": 311700000,
        "operatingincomeloss": 291500000,
        "othernonoperatingincome": 8300000,
        "interestexpense": 43200000,
        "investmentincomeinterest": 2500000,
        "incomelossfromcontinuingoperationsbeforeincometaxesextraordinaryitemsnoncontrollinginterest": 835100000,
        "incometaxexpensebenefit": 161300000,
        "incomelossfromcontinuingoperations": 673800000,
        "incomelossfromcontinuingoperationsperbasicshare": 0.96,
        "incomelossfromcontinuingoperationsperdilutedshare": 0.95,
        "earningspersharebasic": 0.96,
        "earningspersharediluted": 0.95,
        "weightedaveragenumberofsharesoutstandingbasic": 700200000,
        "weightedaveragenumberofdilutedsharesoutstanding": 709500000
    },
    {
        "date": "2018-03-29",
        "symbol": "DHR",
        "period": "Q1",
        "netincomeloss": 566600000,
        "othercomprehensiveincomelossforeigncurrencytransactionandtranslationadjustmentnetoftax": 294100000,
        "othercomprehensiveincomelosspensionandotherpostretirementbenefitplansadjustmentnetoftax": -7100000,
        "othercomprehensiveincomeunrealizedholdinggainlossonsecuritiesarisingduringperiodnetoftax": -500000,
        "othercomprehensiveincomelossnetoftax": 300700000,
        "comprehensiveincomenetoftax": 867300000,
        "salesrevenuenet": 4695400000,
        "costofgoodsandservicessold": 2051800000,
        "grossprofit": 2643600000,
        "sellinggeneralandadministrativeexpense": 1601900000,
        "researchanddevelopmentexpense": 298700000,
        "operatingincomeloss": 743000000,
        "othernonoperatingincome": 7800000,
        "interestexpense": 39100000,
        "investmentincomeinterest": 1400000,
        "incomelossfromcontinuingoperationsbeforeincometaxesextraordinaryitemsnoncontrollinginterest": 713100000,
        "incometaxexpensebenefit": 146500000,
        "incomelossfromcontinuingoperations": 566600000,
        "incomelossfromcontinuingoperationsperbasicshare": 0.81,
        "incomelossfromcontinuingoperationsperdilutedshare": 0.8,
        "earningspersharebasic": 0.81,
        "earningspersharediluted": 0.8,
        "weightedaveragenumberofsharesoutstandingbasic": 698600000,
        "weightedaveragenumberofdilutedsharesoutstanding": 709500000
    },
    {
        "date": "2017-09-28",
        "symbol": "DHR",
        "period": "Q3",
        "netincomeloss": 572100000,
        "othercomprehensiveincomelossforeigncurrencytransactionandtranslationadjustmentnetoftax": 260000000,
        "othercomprehensiveincomelosspensionandotherpostretirementbenefitplansadjustmentnetoftax": -4600000,
        "othercomprehensiveincomeunrealizedholdinggainlossonsecuritiesarisingduringperiodnetoftax": -1900000,
        "othercomprehensiveincomelossnetoftax": 260000000,
        "comprehensiveincomenetoftax": 834800000,
        "salesrevenuenet": 1392600000,
        "costofgoodsandservicessold": 1991400000,
        "grossprofit": 2536800000,
        "sellinggeneralandadministrativeexpense": 1490100000,
        "researchanddevelopmentexpense": 279200000,
        "operatingincomeloss": 246800000,
        "interestexpense": 39900000,
        "investmentincomeinterest": 2200000,
        "incomelossfromcontinuingoperationsbeforeincometaxesextraordinaryitemsnoncontrollinginterest": 729800000,
        "incometaxexpensebenefit": 157700000,
        "incomelossfromcontinuingoperations": 572100000,
        "incomelossfromcontinuingoperationsperbasicshare": 0.8199999999999998,
        "incomelossfromcontinuingoperationsperdilutedshare": 0.81,
        "earningspersharebasic": 0.8200000000000001,
        "earningspersharediluted": 0.8099999999999998,
        "weightedaveragenumberofsharesoutstandingbasic": 400000,
        "weightedaveragenumberofdilutedsharesoutstanding": 0
    },
    {
        "date": "2017-06-29",
        "symbol": "DHR",
        "period": "Q2",
        "netincomeloss": 557300000,
        "othercomprehensiveincomelossforeigncurrencytransactionandtranslationadjustmentnetoftax": 274900000,
        "othercomprehensiveincomelosspensionandotherpostretirementbenefitplansadjustmentnetoftax": -4900000,
        "othercomprehensiveincomeunrealizedholdinggainlossonsecuritiesarisingduringperiodnetoftax": 10900000,
        "othercomprehensiveincomelossnetoftax": 262700000,
        "comprehensiveincomenetoftax": 848000000,
        "salesrevenuenet": -1513300000,
        "costofgoodsandservicessold": 2027800000,
        "grossprofit": 2482300000,
        "sellinggeneralandadministrativeexpense": 1515300000,
        "researchanddevelopmentexpense": 283300000,
        "operatingincomeloss": -190700000,
        "interestexpense": 40700000,
        "investmentincomeinterest": 1800000,
        "incomelossfromcontinuingoperationsbeforeincometaxesextraordinaryitemsnoncontrollinginterest": 644800000,
        "incometaxexpensebenefit": 87500000,
        "incomelossfromcontinuingoperations": 557300000,
        "incomelossfromdiscontinuedoperationsnetoftax": 0,
        "incomelossfromcontinuingoperationsperbasicshare": 0.8,
        "incomelossfromcontinuingoperationsperdilutedshare": 0.79,
        "incomelossfromdiscontinuedoperationsnetoftaxperbasicshare": 0,
        "incomelossfromdiscontinuedoperationsnetoftaxperdilutedshare": 0,
        "earningspersharebasic": 0.8,
        "earningspersharediluted": 0.79,
        "weightedaveragenumberofsharesoutstandingbasic": 600000,
        "weightedaveragenumberofdilutedsharesoutstanding": -200000
    },
    {
        "date": "2017-03-30",
        "symbol": "DHR",
        "period": "Q1",
        "netincomeloss": 506100000,
        "othercomprehensiveincomelossforeigncurrencytransactionandtranslationadjustmentnetoftax": 304300000,
        "othercomprehensiveincomelosspensionandotherpostretirementbenefitplansadjustmentnetoftax": -4900000,
        "othercomprehensiveincomeunrealizedholdinggainlossonsecuritiesarisingduringperiodnetoftax": 7300000,
        "othercomprehensiveincomelossnetoftax": 316500000,
        "comprehensiveincomenetoftax": 822600000,
        "salesrevenuenet": 4205700000,
        "costofgoodsandservicessold": 1871400000,
        "grossprofit": 2334300000,
        "sellinggeneralandadministrativeexpense": 1443000000,
        "researchanddevelopmentexpense": 267400000,
        "operatingincomeloss": 623900000,
        "interestexpense": 40300000,
        "investmentincomeinterest": 1600000,
        "incomelossfromcontinuingoperationsbeforeincometaxesextraordinaryitemsnoncontrollinginterest": 585200000,
        "incometaxexpensebenefit": 101400000,
        "incomelossfromcontinuingoperations": 483800000,
        "incomelossfromdiscontinuedoperationsnetoftax": 22300000,
        "incomelossfromcontinuingoperationsperbasicshare": 0.7,
        "incomelossfromcontinuingoperationsperdilutedshare": 0.69,
        "incomelossfromdiscontinuedoperationsnetoftaxperbasicshare": 0.03,
        "incomelossfromdiscontinuedoperationsnetoftaxperdilutedshare": 0.03,
        "earningspersharebasic": 0.73,
        "earningspersharediluted": 0.72,
        "weightedaveragenumberofsharesoutstandingbasic": 694300000,
        "weightedaveragenumberofdilutedsharesoutstanding": 705700000
    },
    {
        "date": "2016-09-29",
        "symbol": "DHR",
        "period": "Q3",
        "netincomeloss": 391600000,
        "othercomprehensiveincomelossforeigncurrencytransactionandtranslationadjustmentnetoftax": 275600000,
        "othercomprehensiveincomelosspensionandotherpostretirementbenefitplansadjustmentnetoftax": -4700000,
        "othercomprehensiveincomeunrealizedholdinggainlossonsecuritiesarisingduringperiodnetoftax": 8800000,
        "othercomprehensiveincomelossnetoftax": 275600000,
        "comprehensiveincomenetoftax": 680700000,
        "salesrevenuenet": 11007600000,
        "costofgoodsandservicessold": 303300000,
        "grossprofit": 822600000,
        "sellinggeneralandadministrativeexpense": 666200000,
        "researchanddevelopmentexpense": 50700000,
        "operatingincomeloss": 1744000000,
        "interestexpense": 24000000,
        "incomelossfromcontinuingoperationsbeforeincometaxesextraordinaryitemsnoncontrollinginterest": -97000000,
        "incometaxexpensebenefit": -88300000,
        "incomelossfromcontinuingoperations": -8700000,
        "incomelossfromcontinuingoperationsperbasicshare": -0.009999999999999787,
        "incomelossfromcontinuingoperationsperdilutedshare": -0.020000000000000018,
        "earningspersharebasic": 0.5700000000000003,
        "earningspersharediluted": 0.56,
        "weightedaveragenumberofsharesoutstandingbasic": 800000,
        "weightedaveragenumberofdilutedsharesoutstanding": 1100000
    },
    {
        "date": "2016-06-30",
        "symbol": "DHR",
        "period": "Q2",
        "netincomeloss": 656700000,
        "othercomprehensiveincomelossforeigncurrencytransactionandtranslationadjustmentnetoftax": -161900000,
        "othercomprehensiveincomelosspensionandotherpostretirementbenefitplansadjustmentnetoftax": -5800000,
        "othercomprehensiveincomeunrealizedholdinggainlossonsecuritiesarisingduringperiodnetoftax": 1400000,
        "othercomprehensiveincomelossnetoftax": -35500000,
        "comprehensiveincomenetoftax": 502000000,
        "salesrevenuenet": -4096700000,
        "costofgoodsandservicessold": 2635600000,
        "grossprofit": 3149400000,
        "sellinggeneralandadministrativeexpense": 1778300000,
        "researchanddevelopmentexpense": 336600000,
        "operatingincomeloss": -603800000,
        "othernonoperatingincome": 0,
        "interestexpense": 66400000,
        "incomelossfromcontinuingoperationsbeforeincometaxesextraordinaryitemsnoncontrollinginterest": 968100000,
        "incometaxexpensebenefit": 311400000,
        "incomelossfromcontinuingoperations": 656700000,
        "incomelossfromcontinuingoperationsperbasicshare": 0.9499999999999997,
        "incomelossfromcontinuingoperationsperdilutedshare": 0.9399999999999997,
        "earningspersharebasic": 0.9499999999999997,
        "earningspersharediluted": 0.9399999999999997,
        "weightedaveragenumberofsharesoutstandingbasic": 1200000,
        "weightedaveragenumberofdilutedsharesoutstanding": 900000
    },
    {
        "date": "2016-03-31",
        "symbol": "DHR",
        "period": "Q1",
        "netincomeloss": 758400000,
        "othercomprehensiveincomelossforeigncurrencytransactionandtranslationadjustmentnetoftax": 201100000,
        "othercomprehensiveincomelosspensionandotherpostretirementbenefitplansadjustmentnetoftax": -5300000,
        "othercomprehensiveincomeunrealizedholdinggainlossonsecuritiesarisingduringperiodnetoftax": -131700000,
        "othercomprehensiveincomelossnetoftax": 74700000,
        "comprehensiveincomenetoftax": 833100000,
        "salesrevenuenet": 5387200000,
        "costofgoodsandservicessold": 2524600000,
        "grossprofit": 2862600000,
        "sellinggeneralandadministrativeexpense": 1660700000,
        "researchanddevelopmentexpense": 319800000,
        "operatingincomeloss": 882100000,
        "othernonoperatingincome": 223400000,
        "interestexpense": 61700000,
        "incomelossfromcontinuingoperationsbeforeincometaxesextraordinaryitemsnoncontrollinginterest": 1043800000,
        "incometaxexpensebenefit": 285400000,
        "incomelossfromcontinuingoperations": 758400000,
        "incomelossfromcontinuingoperationsperbasicshare": 1.1,
        "incomelossfromcontinuingoperationsperdilutedshare": 1.09,
        "earningspersharebasic": 1.1,
        "earningspersharediluted": 1.09,
        "weightedaveragenumberofsharesoutstandingbasic": 688600000,
        "weightedaveragenumberofdilutedsharesoutstanding": 697100000
    },
    {
        "date": "2015-12-30",
        "symbol": "DHR",
        "period": "Q4",
        "netincomeloss": 688700000,
        "othercomprehensiveincomelossforeigncurrencytransactionandtranslationadjustmentnetoftax": -181900000,
        "othercomprehensiveincomelosspensionandotherpostretirementbenefitplansadjustmentnetoftax": -47700000,
        "othercomprehensiveincomeunrealizedholdinggainlossonsecuritiesarisingduringperiodnetoftax": 22000000,
        "othercomprehensiveincomelossnetoftax": -187500000,
        "comprehensiveincomenetoftax": 576500000,
        "salesrevenuenet": -4787600000,
        "costofgoodsandservicessold": 2774000000,
        "grossprofit": 2765300000,
        "sellinggeneralandadministrativeexpense": 1555100000,
        "researchanddevelopmentexpense": 247200000,
        "operatingincomeloss": -302800000,
        "interestexpense": 57500000,
        "investmentincomeinterest": 100000,
        "incomelossfromcontinuingoperationsbeforeincometaxesextraordinaryitemsnoncontrollinginterest": 905600000,
        "incometaxexpensebenefit": -547000000,
        "earningspersharebasic": 0.9799999999999995,
        "earningspersharediluted": 0.9700000000000004,
        "weightedaveragenumberofsharesoutstandingbasic": -1407100000,
        "weightedaveragenumberofdilutedsharesoutstanding": -1428500000
    },
    {
        "date": "2015-10-01",
        "symbol": "DHR",
        "period": "Q3",
        "netincomeloss": 1403300000,
        "othercomprehensiveincomelossforeigncurrencytransactionandtranslationadjustmentnetoftax": -158700000,
        "othercomprehensiveincomelosspensionandotherpostretirementbenefitplansadjustmentnetoftax": -18700000,
        "othercomprehensiveincomeunrealizedholdinggainlossonsecuritiesarisingduringperiodnetoftax": -26900000,
        "othercomprehensiveincomelossnetoftax": -158700000,
        "comprehensiveincomenetoftax": 1236400000,
        "salesrevenuenet": 643500000,
        "costofgoodsandservicessold": 2386400000,
        "grossprofit": 2637000000,
        "sellinggeneralandadministrativeexpense": 1528300000,
        "researchanddevelopmentexpense": 307900000,
        "operatingincomeloss": 146100000,
        "othernonoperatingincome": 12400000,
        "interestexpense": 45300000,
        "investmentincomeinterest": 600000,
        "incomelossfromcontinuingoperationsbeforeincometaxesextraordinaryitemsnoncontrollinginterest": 768500000,
        "incometaxexpensebenefit": 178500000,
        "incomelossfromcontinuingoperations": 590000000,
        "incomelossfromdiscontinuedoperationsnetoftax": 813300000,
        "incomelossfromcontinuingoperationsperbasicshare": 0.86,
        "incomelossfromcontinuingoperationsperdilutedshare": 0.85,
        "incomelossfromdiscontinuedoperationsnetoftaxperbasicshare": 1.18,
        "incomelossfromdiscontinuedoperationsnetoftaxperdilutedshare": 1.16,
        "earningspersharebasic": 2.04,
        "earningspersharediluted": 2.01,
        "weightedaveragenumberofsharesoutstandingbasic": 688500000,
        "weightedaveragenumberofdilutedsharesoutstanding": 698700000
    },
    {
        "date": "2015-07-02",
        "symbol": "DHR",
        "period": "Q2",
        "netincomeloss": 695600000,
        "othercomprehensiveincomelossforeigncurrencytransactionandtranslationadjustmentnetoftax": 44800000,
        "othercomprehensiveincomelosspensionandotherpostretirementbenefitplansadjustmentnetoftax": -7100000,
        "othercomprehensiveincomeunrealizedholdinggainlossonsecuritiesarisingduringperiodnetoftax": 23900000,
        "othercomprehensiveincomelossnetoftax": 44800000,
        "comprehensiveincomenetoftax": 771400000,
        "salesrevenuenet": 842400000,
        "costofgoodsandservicessold": 2366900000,
        "grossprofit": 2760200000,
        "sellinggeneralandadministrativeexpense": 1484200000,
        "researchanddevelopmentexpense": 344900000,
        "operatingincomeloss": -3100000,
        "interestexpense": 29800000,
        "investmentincomeinterest": 2300000,
        "incomelossfromcontinuingoperationsbeforeincometaxesextraordinaryitemsnoncontrollinginterest": 903600000,
        "incometaxexpensebenefit": 208000000,
        "earningspersharebasic": 0.98,
        "earningspersharediluted": 0.97,
        "weightedaveragenumberofsharesoutstandingbasic": 709500000,
        "weightedaveragenumberofdilutedsharesoutstanding": 719600000
    },
    {
        "date": "2015-04-02",
        "symbol": "DHR",
        "period": "Q1",
        "netincomeloss": 569800000,
        "othercomprehensiveincomelossforeigncurrencytransactionandtranslationadjustmentnetoftax": -679800000,
        "othercomprehensiveincomelosspensionandotherpostretirementbenefitplansadjustmentnetoftax": -7000000,
        "othercomprehensiveincomeunrealizedholdinggainlossonsecuritiesarisingduringperiodnetoftax": -1400000,
        "othercomprehensiveincomelossnetoftax": -674200000,
        "comprehensiveincomenetoftax": -104400000,
        "salesrevenuenet": 4873300000,
        "costofgoodsandservicessold": 2273300000,
        "grossprofit": 2600000000,
        "sellinggeneralandadministrativeexpense": 1486700000,
        "researchanddevelopmentexpense": 339100000,
        "operatingincomeloss": 774200000,
        "interestexpense": 30200000,
        "investmentincomeinterest": 2300000,
        "incomelossfromcontinuingoperationsbeforeincometaxesextraordinaryitemsnoncontrollinginterest": 746300000,
        "incometaxexpensebenefit": 176500000,
        "earningspersharebasic": 0.81,
        "earningspersharediluted": 0.79,
        "weightedaveragenumberofsharesoutstandingbasic": 707200000,
        "weightedaveragenumberofdilutedsharesoutstanding": 718700000
    },
    {
        "date": "2014-12-30",
        "symbol": "DHR",
        "period": "Q4",
        "netincomeloss": 661700000,
        "othercomprehensiveincomelossforeigncurrencytransactionandtranslationadjustmentnetoftax": -616400000,
        "othercomprehensiveincomelosspensionandotherpostretirementbenefitplansadjustmentnetoftax": 367400000,
        "othercomprehensiveincomeunrealizedholdinggainlossonsecuritiesarisingduringperiodnetoftax": -70100000,
        "othercomprehensiveincomelossnetoftax": -1296900000,
        "comprehensiveincomenetoftax": -392200000,
        "salesrevenuenet": 5822000000,
        "costofgoodsandservicessold": 2613500000,
        "grossprofit": 2803700000,
        "sellinggeneralandadministrativeexpense": 1580300000,
        "researchanddevelopmentexpense": 336100000,
        "operatingincomeloss": -636700000,
        "interestexpense": 26500000,
        "investmentincomeinterest": 4500000,
        "incomelossfromcontinuingoperationsbeforeincometaxesextraordinaryitemsnoncontrollinginterest": -456500000,
        "incometaxexpensebenefit": 302700000,
        "earningspersharebasic": 0.9400000000000005,
        "earningspersharediluted": 0.9199999999999997,
        "weightedaveragenumberofsharesoutstandingbasic": -1401700000,
        "weightedaveragenumberofdilutedsharesoutstanding": -1430500000
    },
    {
        "date": "2014-09-25",
        "symbol": "DHR",
        "period": "Q3",
        "netincomeloss": 680600000,
        "othercomprehensiveincomelossforeigncurrencytransactionandtranslationadjustmentnetoftax": -670500000,
        "othercomprehensiveincomelosspensionandotherpostretirementbenefitplansadjustmentnetoftax": -3800000,
        "othercomprehensiveincomeunrealizedholdinggainlossonsecuritiesarisingduringperiodnetoftax": -18900000,
        "othercomprehensiveincomelossnetoftax": 3800000,
        "comprehensiveincomenetoftax": -5000000,
        "salesrevenuenet": 865600000,
        "costofgoodsandservicessold": 2304600000,
        "grossprofit": 2565700000,
        "sellinggeneralandadministrativeexpense": 1371600000,
        "researchanddevelopmentexpense": 328300000,
        "operatingincomeloss": 143800000,
        "othernonoperatingincome": 38200000,
        "interestexpense": 30500000,
        "investmentincomeinterest": 3600000,
        "incomelossfromcontinuingoperationsbeforeincometaxesextraordinaryitemsnoncontrollinginterest": 877100000,
        "incometaxexpensebenefit": 196500000,
        "earningspersharebasic": 0.97,
        "earningspersharediluted": 0.95,
        "weightedaveragenumberofsharesoutstandingbasic": 702600000,
        "weightedaveragenumberofdilutedsharesoutstanding": 716200000
    },
    {
        "date": "2014-06-26",
        "symbol": "DHR",
        "period": "Q2",
        "netincomeloss": 676400000,
        "othercomprehensiveincomelossforeigncurrencytransactionandtranslationadjustmentnetoftax": 59100000,
        "othercomprehensiveincomelosspensionandotherpostretirementbenefitplansadjustmentnetoftax": -3500000,
        "othercomprehensiveincomeunrealizedholdinggainlossonsecuritiesarisingduringperiodnetoftax": 24600000,
        "othercomprehensiveincomelossnetoftax": 59100000,
        "comprehensiveincomenetoftax": 763600000,
        "salesrevenuenet": 913000000,
        "costofgoodsandservicessold": 2343400000,
        "grossprofit": 2620200000,
        "sellinggeneralandadministrativeexpense": 1394500000,
        "researchanddevelopmentexpense": 336400000,
        "operatingincomeloss": 157800000,
        "othernonoperatingincome": 19200000,
        "interestexpense": 33200000,
        "investmentincomeinterest": 3700000,
        "incomelossfromcontinuingoperationsbeforeincometaxesextraordinaryitemsnoncontrollinginterest": 879000000,
        "incometaxexpensebenefit": 202600000,
        "earningspersharebasic": 0.96,
        "earningspersharediluted": 0.95,
        "weightedaveragenumberofsharesoutstandingbasic": 701200000,
        "weightedaveragenumberofdilutedsharesoutstanding": 715600000
    },
    {
        "date": "2014-03-27",
        "symbol": "DHR",
        "period": "Q1",
        "netincomeloss": 579700000,
        "othercomprehensiveincomelossforeigncurrencytransactionandtranslationadjustmentnetoftax": -7200000,
        "othercomprehensiveincomelosspensionandotherpostretirementbenefitplansadjustmentnetoftax": 1000000,
        "othercomprehensiveincomeunrealizedholdinggainlossonsecuritiesarisingduringperiodnetoftax": 12300000,
        "othercomprehensiveincomelossnetoftax": -1000000,
        "comprehensiveincomenetoftax": 583800000,
        "salesrevenuenet": 853700000,
        "costofgoodsandservicessold": 2209800000,
        "grossprofit": 2452900000,
        "sellinggeneralandadministrativeexpense": 1350600000,
        "researchanddevelopmentexpense": 313400000,
        "operatingincomeloss": 191700000,
        "interestexpense": 32500000,
        "investmentincomeinterest": 4900000,
        "incomelossfromcontinuingoperationsbeforeincometaxesextraordinaryitemsnoncontrollinginterest": 761300000,
        "incometaxexpensebenefit": 181600000,
        "earningspersharebasic": 0.83,
        "earningspersharediluted": 0.81,
        "weightedaveragenumberofsharesoutstandingbasic": 700100000,
        "weightedaveragenumberofdilutedsharesoutstanding": 714800000
    },
    {
        "date": "2013-09-26",
        "symbol": "DHR",
        "period": "Q3",
        "netincomeloss": 597000000,
        "othercomprehensiveincomelossforeigncurrencytransactionandtranslationadjustmentnetoftax": 288200000,
        "othercomprehensiveincomelosspensionandotherpostretirementbenefitplansadjustmentnetoftax": -27500000,
        "othercomprehensiveincomeunrealizedholdinggainlossonsecuritiesarisingduringperiodnetoftax": 59700000,
        "othercomprehensiveincomelossnetoftaxportionattributabletoparent": 23000000,
        "comprehensiveincomenetoftax": 950400000,
        "salesrevenuenet": -47400000,
        "costofgoodsandservicessold": 2244400000,
        "grossprofit": 2424700000,
        "sellinggeneralandadministrativeexpense": 1303200000,
        "researchanddevelopmentexpense": 309100000,
        "operatingincomeloss": 311800000,
        "interestexpense": 35000000,
        "investmentincomeinterest": 1400000,
        "incomelossfromcontinuingoperationsbeforeincometaxesextraordinaryitemsnoncontrollinginterest": 778800000,
        "incometaxexpensebenefit": 181800000,
        "incomelossfromcontinuingoperations": 597000000,
        "incomelossfromcontinuingoperationsperbasicshare": 0.8500000000000003,
        "incomelossfromcontinuingoperationsperdilutedshare": 0.8399999999999999,
        "earningspersharebasic": 0.8500000000000003,
        "earningspersharediluted": 0.8399999999999999,
        "weightedaveragenumberofsharesoutstandingbasic": 1400000,
        "weightedaveragenumberofdilutedsharesoutstanding": 1000000
    },
    {
        "date": "2013-06-27",
        "symbol": "DHR",
        "period": "Q2",
        "netincomeloss": 616800000,
        "othercomprehensiveincomelossforeigncurrencytransactionandtranslationadjustmentnetoftax": -129100000,
        "othercomprehensiveincomelosspensionandotherpostretirementbenefitplansadjustmentnetoftax": 5500000,
        "othercomprehensiveincomeunrealizedholdinggainlossonsecuritiesarisingduringperiodnetoftax": 13000000,
        "othercomprehensiveincomelossnetoftaxportionattributabletoparent": 225300000,
        "comprehensiveincomenetoftax": 506200000,
        "salesrevenuenet": 1072300000,
        "costofgoodsandservicessold": 2242000000,
        "grossprofit": 2495500000,
        "sellinggeneralandadministrativeexpense": 1339700000,
        "researchanddevelopmentexpense": 312200000,
        "operatingincomeloss": 399600000,
        "gainlossonsaleofstockinsubsidiaryorequitymethodinvestee": 0,
        "interestexpense": 39400000,
        "investmentincomeinterest": 1600000,
        "incomelossfromcontinuingoperationsbeforeincometaxesextraordinaryitemsnoncontrollinginterest": 805800000,
        "incometaxexpensebenefit": 189000000,
        "incomelossfromcontinuingoperations": 616800000,
        "incomelossfromcontinuingoperationsperbasicshare": 0.8899999999999999,
        "incomelossfromcontinuingoperationsperdilutedshare": 0.8700000000000001,
        "earningspersharebasic": 0.8899999999999999,
        "earningspersharediluted": 0.8700000000000001,
        "weightedaveragenumberofsharesoutstandingbasic": 1600000,
        "weightedaveragenumberofdilutedsharesoutstanding": 700000
    },
    {
        "date": "2013-03-28",
        "symbol": "DHR",
        "period": "Q1",
        "netincomeloss": 691900000,
        "othercomprehensiveincomelossforeigncurrencytransactionandtranslationadjustmentnetoftax": -256500000,
        "othercomprehensiveincomelosspensionandotherpostretirementbenefitplansadjustmentnetoftax": 5500000,
        "othercomprehensiveincomeunrealizedholdinggainlossonsecuritiesarisingduringperiodnetoftax": 42200000,
        "othercomprehensiveincomelossnetoftaxportionattributabletoparent": -214300000,
        "comprehensiveincomenetoftax": 483100000,
        "salesrevenuenet": 479800000,
        "costofgoodsandservicessold": 2119000000,
        "grossprofit": 2325700000,
        "sellinggeneralandadministrativeexpense": 1298400000,
        "researchanddevelopmentexpense": 296400000,
        "operatingincomeloss": -24600000,
        "gainlossonsaleofstockinsubsidiaryorequitymethodinvestee": 229800000,
        "interestexpense": 39200000,
        "investmentincomeinterest": 900000,
        "incomelossfromcontinuingoperationsbeforeincometaxesextraordinaryitemsnoncontrollinginterest": 922400000,
        "incometaxexpensebenefit": 230500000,
        "incomelossfromcontinuingoperations": 691900000,
        "incomelossfromcontinuingoperationsperbasicshare": 1,
        "incomelossfromcontinuingoperationsperdilutedshare": 0.98,
        "earningspersharebasic": 1,
        "earningspersharediluted": 0.98,
        "weightedaveragenumberofsharesoutstandingbasic": 692000000,
        "weightedaveragenumberofdilutedsharesoutstanding": 708400000
    },
    {
        "date": "2012-09-27",
        "symbol": "DHR",
        "period": "Q3",
        "netincomeloss": 548735000,
        "othercomprehensiveincomeforeigncurrencytransactionandtranslationadjustmentnetoftaxperiodincreasedecrease": 193505000,
        "othercomprehensiveincomeunrealizedholdinggainlossonsecuritiesarisingduringperiodnetoftax": 23255000,
        "othercomprehensiveincomelossnetoftaxportionattributabletoparent": 224819000,
        "comprehensiveincomenetoftax": 773554000,
        "salesrevenuenet": 1249414000,
        "costofgoodsandservicessold": 2137541000,
        "grossprofit": 2278002000,
        "sellinggeneralandadministrativeexpense": 1251212000,
        "researchanddevelopmentexpense": 289517000,
        "incomelossfromequitymethodinvestments": 18536000,
        "operatingincomeloss": -141642000,
        "interestexpense": 39361000,
        "investmentincomeinterest": 722000,
        "incomelossfromcontinuingoperationsbeforeincometaxesextraordinaryitemsnoncontrollinginterest": 717170000,
        "incometaxexpensebenefit": 168435000,
        "incomelossfromcontinuingoperations": 548735000,
        "incomelossfromcontinuingoperationsperbasicshare": 0.7799999999999998,
        "incomelossfromcontinuingoperationsperdilutedshare": 0.7699999999999998,
        "earningspersharebasic": 0.7900000000000001,
        "earningspersharediluted": 0.7700000000000004,
        "weightedaveragenumberofsharesoutstandingbasic": 556000,
        "weightedaveragenumberofdilutedsharesoutstanding": -174000
    },
    {
        "date": "2012-06-28",
        "symbol": "DHR",
        "period": "Q2",
        "netincomeloss": 600149000,
        "othercomprehensiveincomeforeigncurrencytransactionandtranslationadjustmentnetoftaxperiodincreasedecrease": -256149000,
        "othercomprehensiveincomeunrealizedholdinggainlossonsecuritiesarisingduringperiodnetoftax": 20824000,
        "othercomprehensiveincomelossnetoftaxportionattributabletoparent": -222381000,
        "comprehensiveincomenetoftax": 377768000,
        "salesrevenuenet": 117100000,
        "costofgoodsandservicessold": 2198003000,
        "grossprofit": 2355456000,
        "sellinggeneralandadministrativeexpense": 1278610000,
        "researchanddevelopmentexpense": 283602000,
        "incomelossfromequitymethodinvestments": 18030000,
        "operatingincomeloss": 156500000,
        "interestexpense": 37876000,
        "investmentincomeinterest": 707000,
        "incomelossfromcontinuingoperationsbeforeincometaxesextraordinaryitemsnoncontrollinginterest": 774105000,
        "incometaxexpensebenefit": 173956000,
        "incomelossfromcontinuingoperations": 600149000,
        "incomelossfromdiscontinuedoperationsnetoftax": 0,
        "incomelossfromcontinuingoperationsperbasicshare": 0.8700000000000001,
        "incomelossfromcontinuingoperationsperdilutedshare": 0.8400000000000001,
        "incomelossfromdiscontinuedoperationsnetoftaxperbasicshare": 0,
        "incomelossfromdiscontinuedoperationsnetoftaxperdilutedshare": 0,
        "earningspersharebasic": 0.86,
        "earningspersharediluted": 0.84,
        "weightedaveragenumberofsharesoutstandingbasic": 2032000,
        "weightedaveragenumberofdilutedsharesoutstanding": 444000
    },
    {
        "date": "2012-03-29",
        "symbol": "DHR",
        "period": "Q1",
        "salesrevenuenet": 846400000,
        "costofgoodsandservicessold": 2080676000,
        "grossprofit": 2235544000,
        "sellinggeneralandadministrativeexpense": 1244897000,
        "researchanddevelopmentexpense": 270124000,
        "incomelossfromequitymethodinvestments": 14345000,
        "operatingincomeloss": 191600000,
        "interestexpense": 39423000,
        "investmentincomeinterest": 759000,
        "incomelossfromcontinuingoperationsbeforeincometaxesextraordinaryitemsnoncontrollinginterest": 696204000,
        "incometaxexpensebenefit": 176150000,
        "incomelossfromcontinuingoperations": 520054000,
        "incomelossfromdiscontinuedoperationsnetoftax": 92858000,
        "netincomeloss": 612912000,
        "incomelossfromcontinuingoperationsperbasicshare": 0.75,
        "incomelossfromcontinuingoperationsperdilutedshare": 0.73,
        "incomelossfromdiscontinuedoperationsnetoftaxperbasicshare": 0.13,
        "incomelossfromdiscontinuedoperationsnetoftaxperdilutedshare": 0.13,
        "earningspersharebasic": 0.89,
        "earningspersharediluted": 0.86,
        "weightedaveragenumberofsharesoutstandingbasic": 691507000,
        "weightedaveragenumberofdilutedsharesoutstanding": 714023000,
        "othercomprehensiveincomeforeigncurrencytransactionandtranslationadjustmentnetoftaxperiodincreasedecrease": 156042000,
        "othercomprehensiveincomeunrealizedholdinggainlossonsecuritiesarisingduringperiodnetoftax": 28331000,
        "othercomprehensiveincomelossnetoftaxportionattributabletoparent": 184373000,
        "comprehensiveincomenetoftax": 797285000
    },
    {
        "date": "2011-09-29",
        "symbol": "DHR",
        "period": "Q3",
        "salesrevenuenet": -2012800000,
        "costofgoodsandservicessold": 2313427000,
        "grossprofit": 2204662000,
        "sellinggeneralandadministrativeexpense": 1274907000,
        "researchanddevelopmentexpense": 289602000,
        "incomelossfromequitymethodinvestments": 15991000,
        "operatingincomeloss": -34300000,
        "interestexpense": 42760000,
        "investmentincomeinterest": 392000,
        "incometaxexpensebenefit": 57461000,
        "incomelossfromcontinuingoperations": 523428000,
        "incomelossfromdiscontinuedoperationsnetoftax": 0,
        "netincomeloss": 523428000,
        "incomelossfromcontinuingoperationsperbasicshare": 0.7599999999999999,
        "incomelossfromcontinuingoperationsperdilutedshare": 0.7400000000000001,
        "incomelossfromdiscontinuedoperationsnetoftaxperbasicshare": 8.673617379884035e-18,
        "incomelossfromdiscontinuedoperationsnetoftaxperdilutedshare": 8.673617379884035e-18,
        "earningspersharebasic": 0.7599999999999999,
        "earningspersharediluted": 0.7299999999999999,
        "weightedaveragenumberofsharesoutstandingbasic": -656784000,
        "weightedaveragenumberofdilutedsharesoutstanding": -685150000
    },
    {
        "date": "2011-06-30",
        "symbol": "DHR",
        "period": "Q2",
        "salesrevenuenet": 848200000,
        "costofgoodsandservicessold": 1768479000,
        "grossprofit": 1943195000,
        "sellinggeneralandadministrativeexpense": 1095749000,
        "researchanddevelopmentexpense": 235803000,
        "incomelossfromequitymethodinvestments": 14460000,
        "operatingincomeloss": -27000000,
        "interestexpense": 31709000,
        "investmentincomeinterest": 2280000,
        "incomelossfromcontinuingoperationsbeforeincometaxesextraordinaryitemsnoncontrollinginterest": 596674000,
        "incometaxexpensebenefit": 147028000,
        "incomelossfromcontinuingoperations": 449646000,
        "incomelossfromdiscontinuedoperationsnetoftax": 199118000,
        "netincomeloss": 648764000,
        "incomelossfromcontinuingoperationsperbasicshare": 0.67,
        "incomelossfromcontinuingoperationsperdilutedshare": 0.65,
        "incomelossfromdiscontinuedoperationsnetoftaxperbasicshare": 0.3,
        "incomelossfromdiscontinuedoperationsnetoftaxperdilutedshare": 0.29,
        "earningspersharebasic": 0.97,
        "earningspersharediluted": 0.94,
        "weightedaveragenumberofsharesoutstandingbasic": 667207000,
        "weightedaveragenumberofdilutedsharesoutstanding": 694599000
    },
    {
        "date": "2011-03-31",
        "symbol": "DHR",
        "period": "Q1",
        "salesrevenuenet": 3700000000,
        "costofgoodsandservicessold": 1582314000,
        "grossprofit": 1763388000,
        "sellinggeneralandadministrativeexpense": 969702000,
        "researchanddevelopmentexpense": 217573000,
        "incomelossfromequitymethodinvestments": 14475000,
        "operatingincomeloss": -26500000,
        "interestexpense": 30725000,
        "investmentincomeinterest": 2115000,
        "incomelossfromcontinuingoperationsbeforeincometaxesminorityinterestandincomelossfromequitymethodinvestments": 561978000,
        "incometaxexpensebenefit": 141732000,
        "incomelossfromcontinuingoperations": 420246000,
        "incomelossfromdiscontinuedoperationsnetoftax": 9112000,
        "netincomeloss": 429358000,
        "incomelossfromcontinuingoperationsperbasicshare": 0.64,
        "incomelossfromcontinuingoperationsperdilutedshare": 0.61,
        "incomelossfromdiscontinuedoperationsnetoftaxperbasicshare": 0.01,
        "incomelossfromdiscontinuedoperationsnetoftaxperdilutedshare": 0.01,
        "earningspersharebasic": 0.65,
        "earningspersharediluted": 0.63,
        "weightedaveragenumberofsharesoutstandingbasic": 661599000,
        "weightedaveragenumberofdilutedsharesoutstanding": 688328000
    },
    {
        "date": "2010-09-30",
        "symbol": "DHR",
        "period": "Q3",
        "salesrevenuenet": 126300000,
        "costofgoodsandservicessold": 1541337000,
        "grossprofit": 1648856000,
        "sellinggeneralandadministrativeexpense": 884165000,
        "researchanddevelopmentexpense": 202591000,
        "incomelossfromequitymethodinvestments": 10500000,
        "operatingincomeloss": -23700000,
        "gainoncontributionofassetstojointventure": -291037000,
        "interestexpense": 31903000,
        "investmentincomeinterest": 1777000,
        "incomelossfromcontinuingoperationsbeforeincometaxesminorityinterestandincomelossfromequitymethodinvestments": 833561000,
        "incometaxexpensebenefit": 187126000,
        "netincomeloss": 646435000,
        "earningspersharebasic": 0.99,
        "earningspersharediluted": 0.95,
        "weightedaveragenumberofsharesoutstandingbasic": 654599000,
        "weightedaveragenumberofdilutedsharesoutstanding": 683431000
    },
    {
        "date": "2010-04-01",
        "symbol": "DHR",
        "period": "Q1",
        "salesrevenuenet": 3092220000,
        "costofgoodsandservicessold": 1594167000,
        "sellinggeneralandadministrativeexpense": 877455000,
        "researchanddevelopmentexpense": 187232000,
        "costsandexpenses": 2658854000,
        "operatingincomeloss": 433366000,
        "interestexpense": 30674000,
        "investmentincomeinterest": 1553000,
        "incomelossfromcontinuingoperationsbeforeincometaxesminorityinterestandincomelossfromequitymethodinvestments": 404245000,
        "incometaxexpensebenefit": 104012000,
        "netincomeloss": 300233000,
        "earningspersharebasic": 0.93,
        "earningspersharediluted": 0.89,
        "weightedaveragenumberofsharesoutstandingbasic": 324484000,
        "weightedaveragenumberofdilutedsharesoutstanding": 340061000
    }
]